3475 5084
670 510 836 585 *Liberum
853 510 928 559 arur.
1129 470 1132 477 ¹
1262 514 1296 569 13
1349 552 1357 571 s
1430 490 1434 497 '

356 707 402 769 69)
419 707 517 772 Vepres
536 709 636 770 generis
654 706 776 769 feminini,
796 718 825 759 ut
840 711 912 759 'l'itus
926 710 1023 759 Livius:
1043 710 1089 759 has
1103 722 1198 772 vepres.
1232 706 1338 759 Gratum.

282 800 365 849 insert.
389 799 418 849 do
433 800 556 865 paneam
573 800 690 849 nominum
714 801 782 865 apud
798 802 892 867 Haupt.
907 811 964 867 post
985 800 1056 852 ovid.
1076 799 1215 850 Halicatica
1232 817 1257 863 p.
1275 798 1338 850 102.

356 893 401 957 70)
421 892 533 958 Scalper,
552 906 609 955 gen.
629 894 771 954 masculini,
789 896 854 944 sicut
873 896 961 955 culter,
979 903 1008 945 ut
1024 897 1096 945 'litus
1107 893 1203 955 Livius,
1222 893 1338 957 quamvis

281 986 388 1049 quidam
407 986 535 1051 scalprum
553 986 652 1049 legant.
692 984 748 1038 lod.
769 1004 795 1051 p.
815 987 874 1039 101.
912 985 1028 1051 (Videtur
1046 986 1182 1052 sipns'fimri
1202 985 1273 1047 locas,
1298 987 1340 1051 qai

281 1088 367 1139 aaut,
388 1078 450 1128 XX
454 1078 512 1141 VH,
541 1076 639 1144 49,1.)

711 1252 908 1260 --.--—-—-..<

385 1400 610 1506 Scriptorum
637 1429 711 1483 non
738 1403 990 1501 historicorum
1017 1404 1229 1507 fragmenta.

273 1628 277 1633 ,
354 1580 400 1643 71)
422 1580 483 1631 Fuit
505 1582 583 1645 igitur
605 1584 717 1633 brevitas
739 1584 786 1632 illa
807 1583 946 1643 tutissima,
976 1596 1032 1645 qua
1058 1592 1092 1632 est
1108 1585 1175 1647 apud
1194 1584 1292 1633 Livium
1311 1585 1337 1633 in

279 1673 391 1737 epistola
412 1674 445 1721 ad
471 1673 551 1723 filium
577 1676 683 1739 scripta,
712 1676 835 1739 legendos
853 1676 1052 1725 Demosthenem
1077 1682 1153 1737 atque
1179 1675 1336 1739 Ciceronem,

279 1774 337 1815 tum
355 1766 400 1829 ita,
423 1768 573 1831 utquisque
591 1776 659 1818 esset
676 1769 843 1819 Demostheni
862 1776 888 1817 et
906 1766 1024 1817 Ciceroni
1042 1767 1196 1818 simillimus.
1238 1766 1336 1826 Quintil.

278 1857 340 1908 Inat.
365 1858 433 1910 Orat.
454 1857 491 1919 X,
510 1858 533 1921 I,
551 1858 605 1920 39,·
623 1859 676 1909 coll.
695 1859 735 1920 II,
752 1862 778 1924 5,
798 1859 843 1911 20.

352 1950 513 2015 72)1nhoc
531 1953 626 2001 malum
645 1968 661 2001 a
680 1954 830 2017 quibusdam
844 1954 922 2002 etium
933 1951 1079 2011 laboratur,
1098 1965 1181 2013 neque
1199 1953 1225 2001 id
1243 1966 1335 2018 uorum

279 2043 369 2093 vitium
388 2052 435 2106 est,
466 2060 541 2108 quum
568 2046 618 2094 iam
637 2047 704 2109 apud
723 2046 755 2096 Τ.
774 2046 875 2095 Livium
895 2044 1029 2102 inveniam,
1056 2042 1135 2093 fuisse
1154 2052 1335 2109 preceptorem

279 2135 401 2198 aliquem,
425 2137 468 2198 qui
486 2137 623 2202 discipulos
642 2139 786 2201 obscurare,
805 2153 861 2201 qua
879 2139 1000 2195 dicerent,
1025 2135 1131 2195 iuberet,
1149 2137 1241 2188 Graco
1257 2139 1336 2189 verbo

278 2235 368 2287 utens,
396 2225 528 2283 oaicsoov.
565 2230 640 2280 Unde
664 2231 710 2281 illa
733 2232 832 2282 scilicet
854 2230 958 2293 egregia
976 2230 1102 2277 laudatio:
1129 2228 1213 2279 Tanto
1234 2233 1336 2293 melior;

278 2335 312 2370 ne
329 2336 379 2384 ego
397 2322 498 2383 quidem
516 2324 640 2373 intellexi.
675 2323 939 2382 Quinh'l.1nst0rat.
965 2320 1143 2380 V111‚2,1t.

350 2413 394 2478 ta)
413 2414 444 2464 Τ.
464 2415 550 2465 Livius
575 2417 607 2465 de
625 2417 782 2477 oratoribus,
813 2416 857 2478 qui
882 2416 960 2464 verba
984 2415 1089 2476 antiqua
1109 2420 1134 2461 ct
1153 2414 1256 2462 sordida
1276 2428 1335 2463 con-

280 2514 408 2558 sectantur
426 2515 452 2556 et
470 2510 590 2559 orationis
608 2509 787 2559 obscuritatem
803 2506 963 2556 severitatem
975 2514 1074 2573 putant,
1102 2504 1187 2554 aiebat
1202 2504 1337 2554 Miltiaden

278 2602 408 2651 rhetorem
427 2602 557 2664 eleganter
575 2602 681 2653 dixisse:
700 2596 761 2653 ’Eut
779 2594 810 2653 τὸ
830 2598 959 2662 )νὸεξιον
976 2598 1130 2665 μαίνονται.
1170 2595 1253 2647 Scaec.
1274 2578 1335 2647 Gon-

278 2704 339 2744 trov.
358 2692 411 2753 IX,
430 2694 474 2754 25,
492 2710 520 2757 p.
539 2692 594 2743 259
611 2692 687 2743 Burs.
707 2691 769 2757 (IV,
788 2692 832 2752 25,
849 2710 876 2757 p.
896 2692 949 2743 285
968 2690 1041 2756 Rip.)

350 2787 397 2851 74)
417 2787 448 2835 Τ.
460 2787 547 2835 Livius
567 2794 618 2835 tam
636 2787 737 2850 iniquus
749 2786 872 2836 Sallustio
892 2785 948 2844 fuit,
967 2793 995 2833 ut
1012 2785 1078 2833 hanc
1090 2784 1172 2846 ipsam
1185 2784 1335 2833 sententiam

278 2880 359 2941 t„Res
371 2880 488 2928 secunda
498 2879 561 2927 mire
572 2885 632 2927 sunt
643 2878 708 2928 vitiis
718 2878 861 2942 obtentui”)
878 2887 998 2942 tanquam
1015 2877 1167 2927 translatum
1177 2885 1203 2924 et
1215 2882 1335 2938 tanquam

278 2980 432 3035 corruptam,
451 2972 510 3020 dum
526 2970 686 3033 transfertur,
705 2971 826 3021 obiiceret
837 2970 967 3020 Sallustio.
1004 2969 1058 3019 Nec
1069 2970 1119 3018 hoc
1133 2982 1219 3042 amore
1233 2968 1336 3031 Thucy-

278 3063 347 3113 didis
365 3062 441 3122 facit,
461 3070 489 3111 ut
506 3062 577 3110 illum
596 3060 721 3125 praeferat,
740 3064 784 3111 sed
802 3063 905 3121 laudat,
925 3077 1000 3125 quem
1019 3078 1071 3111 uon
1088 3062 1174 3123 timet,
1194 3068 1219 3108 et
1233 3059 1334 3111 facilius

276 3162 352 3221 putat
369 3135 477 3219 possea
495 3169 521 3204 se
531 3154 680 3205 Sallustium
698 3154 775 3213 vinci,
794 3155 816 3203 si
835 3163 895 3203 aute
909 3154 1081 3217 aThucydide
1091 3154 1213 3203 vincatur.
1250 3150 1334 3202 Scaea.

280 3247 390 3298 Gontroo.
410 3246 463 3307 IX,
481 3247 524 3308 24,
540 3263 566 3311 p.
587 3244 640 3296 249
655 3245 733 3299 'Baro
760 3244 822 3308 (IV,
841 3245 886 3305 24,
903 3262 928 3309 p.
947 3242 1003 3293 274
1020 3241 1093 3309 Rip.)
