3475 5084
532 469 612 517 Liber
629 470 726 519 XLlV.
773 471 819 533 (A.
840 468 901 521 cnr.
924 471 996 535 168.)
1199 472 1255 530 183

229 651 285 707 rivi
312 652 411 727 capti3
443 652 511 726 equi
532 670 602 727 pars
623 652 653 709 in
675 652 757 723 mari,
772 651 873 711 fractis
888 654 1022 724 navibus,
1044 654 1200 729 absumpti,
1220 653 1297 729 parti

229 776 334 814 nervos
367 757 550 814 succiderunt
578 756 608 813 in
638 756 723 814 litore
743 758 930 818 Macedones.
984 758 1048 815 XX
1072 758 1185 815 eximias
1206 776 1298 833 equos
1323 762 1358 815 15

228 863 329 919 formae
362 881 428 919 cum
459 862 583 936 captivis
615 863 731 919 eosdem
754 864 786 921 X
813 864 941 933 lembos,
974 881 1048 937 quos
1075 871 1142 921 ante
1170 862 1296 934 miserat,

228 970 364 1025 Antenor
386 966 530 1025 devehere
551 966 791 1024 Thessalonicam
812 967 896 1025 iussit
920 976 949 1025 et
969 967 1064 1042 primo
1087 986 1204 1046 quoque
1224 975 1296 1023 tem-

227 1090 295 1145 pore
318 1072 361 1129 ad
376 1072 499 1128 classem
514 1071 633 1140 reverti,
655 1072 766 1129 Phanis
783 1090 815 1129 se
833 1091 884 1129 eos
902 1080 1131 1147 expectaturum.
1154 1072 1295 1129 Triduum
1323 1078 1358 1132 16

227 1176 316 1233 ferme
338 1176 445 1234 classis
467 1176 504 1233 ad
526 1177 626 1233 urbem
648 1180 733 1241 stetit.
764 1178 886 1234 Phanas
903 1176 970 1234 inde
997 1176 1145 1252 progressi
1166 1187 1233 1234 sunt
1259 1185 1296 1247 et,

226 1299 274 1354 spe
304 1281 432 1339 celerius
463 1281 602 1356 regressis
624 1282 655 1338 X
676 1281 793 1351 lembis,
825 1282 917 1339 evecti
944 1282 1051 1357 AEgseo
1084 1282 1159 1340 mari
1188 1280 1295 1339 Delum
1319 1344 1322 1357 Ι

227 1388 413 1446 traiecerunt.

307 1492 393 1548 Dum
421 1493 484 1548 haec
513 1499 666 1565 geruntur,
697 1489 786 1564 legat-i
816 1492 959 1561 Romani,
990 1490 1022 1549 C.
1045 1492 1177 1566 Popilius
1209 1501 1237 1549 et
1259 1491 1293 1550 C.
1338 1488 1378 1557 29

227 1596 378 1653 Decimius
400 1605 430 1652 et
452 1596 486 1656 G.
508 1594 665 1665 Hostilius,
696 1613 716 1651 a
737 1593 875 1652 Chalcide
896 1594 1019 1671 profecti
1039 1597 1131 1654 tribus
1153 1596 1295 1671 quinque-

227 1701 354 1759 remibus
378 1701 485 1759 Delum
509 1721 574 1758 cum
595 1700 751 1769 venissent,
772 1699 884 1757 lembos
911 1701 951 1759 ibi
972 1702 1166 1760 Macedonum
1188 1702 1247 1759 XL
1267 1687 1295 1758 et

228 1805 253 1860 V
273 1807 355 1881 regis
378 1808 519 1864 Eumenis
548 1806 769 1880 quinqueremes
795 1804 975 1863 invenerunt.
1027 1808 1173 1865 Sanctitas
1195 1807 1295 1882 templi
1317 1812 1334 1867 2

227 1910 387 1987 insulaeque
416 1912 572 1969 inviolatos
600 1909 758 1985 praestabat
784 1927 893 1966 omnes.
940 1913 1045 1987 Itaque
1077 1912 1212 1987 permixti
1234 1914 1294 1970 Ro·

229 2018 364 2092 inanique
384 2028 414 2075 et
435 2017 613 2074 Macedones
635 2025 664 2072 et
684 2015 823 2072 Eumenis
844 2016 964 2073 navales
990 2017 1061 2074 socii
1082 2028 1108 2074 ct
1129 2022 1157 2075 in
1178 2020 1245 2076 urbe
1266 2026 1295 2075 et

228 2122 399 2199 intemplo,
420 2124 547 2180 indutias
568 2122 708 2197 religione
728 2120 785 2176 loci
805 2120 960 2194 praebente,
981 2122 1183 2181 versabantur.
1227 2125 1293 2181 An·
1316 2128 1333 2183 3

229 2235 321 2298 tenor,
353 2229 460 2287 Persei
480 2226 649 2303 praefectus,
678 2245 742 2283 curn
774 2225 888 2317 aliquas
910 2224 970 2281 alto
992 2226 1122 2300 praeferri
1144 2227 1293 2285 onerarias

229 2350 314 2390 naves
339 2354 379 2391 ex
402 2332 527 2409 speculis
548 2331 741 2407 significatum
763 2329 853 2399 foret,
876 2338 959 2403 parte
980 2331 1141 2389 lemborum
1163 2332 1226 2408 ipse
1248 2334 1292 2389 in·

229 2454 366 2510 sequens,
400 2450 484 2513 parte
515 2456 568 2511 per
596 2435 738 2511 Cyclades
770 2434 925 2508 disposita,
954 2445 1148 2511 praeterquam
1173 2438 1198 2493 si
1227 2456 1291 2512 quae
1314 2448 1330 2497 4

230 2540 433 2600 Macedoniam
460 2550 604 2616 peterent,
635 2557 735 2596 omnes
764 2547 815 2596 aut
838 2532 1037 2613 supprimebat
1066 2550 1116 2599 aut
1146 2542 1293 2617 spoliabat

230 2641 356 2725 [naves].
411 2647 528 2720 Quibus
545 2655 675 2719 poterat,
702 2645 834 2720 Popilius
855 2645 914 2699 scie
935 2653 985 2701 sut
1006 2645 1144 2703 Eumenis
1168 2646 1292 2703 navibus
1316 2657 1332 2709 5

230 2756 431 2823 succurrebat3
453 2752 505 2809 sed
526 2750 601 2807 vecti
620 2759 705 2806 nocte
729 2750 805 2806 binis
826 2755 877 2805 aut
892 2748 979 2804 ternis
998 2748 1170 2825 plerumque
1189 2752 1292 2808 lembis

230 2855 406 2915 Macedones
432 2856 581 2913 fallebant.
633 2855 692 2910 Per
714 2853 744 2909 id
773 2851 835 2909 fere
861 2862 975 2927 tempus
1004 2854 1093 2929 legati
1116 2857 1292 2915 Macedones
1316 2864 1333 2917 6

231 2961 379 3038 Illyriique
400 2961 486 3019 simul
506 2960 642 3017 Rhodum
665 2967 815 3029 venerunt,
836 2958 941 3032 quibus
959 2955 1160 3017 auctoritatem
1183 2962 1294 3019 addidit

231 3084 285 3123 non
313 3069 478 3126 lemborum
512 3065 600 3121 modo
627 3062 785 3133 adventus,
818 3063 927 3138 passim
956 3083 1009 3138 per
1031 3062 1175 3139 Cyclades
1198 3066 1294 3139 adque

232 3170 363 3245 AEgaeum
387 3172 555 3248 vagantium
588 3186 687 3238 mare,
719 3168 770 3224 sed
801 3167 887 3224 etiam
916 3169 1078 3225 coniunctio
1106 3168 1171 3243 ipsa
1192 3188 1293 3244 regum
1357 3224 1358 3227 ,

233 3274 327 3334 Persei
351 3278 499 3351 Gentique
523 3283 550 3348 et
575 3272 657 3330 fama
686 3290 749 3329 cum
782 3291 889 3347 magno
916 3290 1036 3329 numero
1060 3273 1189 3346 peditum
1211 3275 1294 3349 equi·

233 3438 462 3452 ’Ἢν-...-

234 3542 333 3590 lmare
348 3545 354 3607 Ι
370 3544 464 3607 partim
483 3542 583 3608 Kreyss.
618 3544 820 3592 sanccederunt
863 3541 906 3603 15,
927 3549 941 3591 2
960 3543 1042 3591 isdem
1078 3545 1295 3595 Stessalonicam

235 3629 250 3671 4
273 3628 356 3689 planis
387 3644 415 3679 se
441 3645 500 3679 eum
548 3629 599 3689 16,
627 3636 638 3678 l
668 3630 744 3678 trium
769 3629 848 3678 ferme
894 3634 909 3675 2
935 3629 1026 3679 ,urbem
1046 3614 1145 3693 phonas
1186 3637 1201 3680 8
1230 3631 1295 3680 cele-

235 3710 283 3759 rius
302 3715 425 3778 ingressis
444 3731 477 3765 ex
492 3716 585 3765 lembis
598 3715 652 3779 Mq.
664 3715 720 3765 Em.
734 3715 787 3765 581
802 3714 893 3779 (Gryn.
910 3716 1017 3765 reversis
1029 3731 1048 3763 x
1060 3716 1166 3781 lembis)
1189 3719 1193 3777 Ι
1213 3718 1295 3779 aegelo

236 3793 519 3860 instrumentique
554 3803 675 3851 adelam
695 3798 844 3862 cuminisset
880 3802 1104 3865 tquinqueremis
1139 3803 1164 3863 2,
1187 3810 1197 3852 l
1219 3818 1295 3853 sanc-

238 3882 279 3931 lita
313 3893 329 3935 3
342 3890 404 3938 socii
420 3898 446 3937 et
458 3890 485 3936 in
498 3889 595 3951 templo
607 3887 660 3952 My.
673 3887 729 3937 Em.
739 3888 791 3937 581
810 3887 902 3953 (Grpe.
916 3889 979 3937 socii
992 3889 1019 3937 in
1032 3890 1139 3953 templo)
1176 3890 1202 3953 3,
1216 3895 1231 3939 2
1247 3890 1295 3939 ali·

237 3972 351 4028 quasaltn
399 3975 574 4054 tdeispcsita
615 3973 640 4033 4,
661 3980 676 4022 2
695 3975 894 4038 suppremehsnt
939 3980 1050 4025 ssnaves
1069 3976 1161 4025 notavit
1175 3975 1231 4039 My.
1270 3974 1295 4035 5,

239 4073 251 4114 l
268 4075 375 4138 popilius
394 4087 439 4126 aut
456 4079 571 4127 eumenis
597 4076 682 4129 Weiss.
702 4079 790 4141 (Grya.
809 4078 933 4128 Eumenis
951 4094 1044 4141 navem
1063 4079 1119 4129 inde
1136 4077 1211 4129 Gron.
1234 4077 1296 4137 Qui-

238 4153 281 4205 bns
303 4170 433 4225 poterant,
460 4164 578 4227 Popilius
605 4172 652 4211 ast
674 4165 796 4213 Eumenis
824 4178 900 4215 naves
931 4165 1127 4228 succurrebant)
1175 4171 1191 4213 ³
1222 4164 1297 4215 falla·

241 4237 330 4303 bantur
358 4250 383 4309 6,
403 4257 417 4298 2
438 4250 572 4314 inlyriique
591 4264 618 4298 se
638 4251 721 4298 simul·
748 4257 764 4298 4
781 4264 882 4313 aegeum
