3475 5084
376 1839 392 1909 l

834 1482 971 1561 hiber
1002 1480 1148 1561 XhlV.

541 1845 689 1921 Principio
710 1844 804 1914 veris,
826 1844 906 1920 quod
926 1843 1049 1901 hiemem
1071 1860 1153 1912 eam,
1182 1860 1242 1916 qua
1262 1844 1325 1901 hac
1345 1848 1427 1917 gesta
1444 1848 1502 1907 sune

456 1953 618 2009 insecutum
639 1960 698 2020 est,
725 1949 764 2007 ab
785 1950 883 2007 Rome
904 1946 1050 2024 profectus
1073 1946 1109 2020 Q.
1131 1947 1260 2005 Marcius
1279 1947 1430 2022 Philippus
1448 1962 1503 2001 con·

457 2057 503 2114 sul
526 2075 590 2114 cum
614 2055 741 2129 quinque
763 2054 879 2111 milibus
901 2050 927 2123 ⁵,
961 2053 1039 2127 quod
1061 2052 1291 2129 supplementum
1311 2052 1451 2128 legionum
1468 2068 1504 2105 se·

418 2167 435 2221 2
458 2181 523 2219 cum
546 2161 717 2219 traiecturus
739 2168 811 2228 erat,
826 2157 1013 2215 Brundisium
1029 2158 1170 2232 pervenit.
1213 2158 1256 2215 M.
1272 2158 1405 2233 Popilius
1420 2172 1505 2213 consu·

457 2267 527 2325 laris
549 2276 578 2323 et
599 2265 649 2323 elii
661 2264 726 2340 pari
740 2264 895 2322 nobilitate
910 2262 1108 2320 adulescentes
1122 2262 1230 2321 tribuni
1245 2261 1368 2319 militum
1383 2262 1412 2317 iu
1425 2260 1507 2317 Mace·

418 2378 435 2432 3
458 2371 578 2429 donicae
604 2370 734 2445 legiones
762 2369 909 2427 consulem
938 2368 1028 2425 secuti
1058 2376 1134 2425 sunt.
1179 2368 1238 2425 Per
1266 2385 1317 2425 eos
1345 2366 1406 2425 dies
1432 2376 1457 2422 et
1480 2362 1506 2421 C.

459 2476 588 2535 Marcius
609 2475 731 2551 Figulus
752 2483 876 2548 praetor,
898 2474 944 2531 cui
965 2473 1066 2530 classis
1084 2472 1234 2549 provincie
1256 2482 1408 2542 evenerat,
1428 2472 1507 2527 Bruu-

457 2582 561 2639 disinm
585 2580 680 2650 veuit3
702 2588 731 2637 et
750 2578 837 2635 simul
857 2598 896 2637 ex
913 2578 1001 2636 Italia
1023 2575 1332 2653 profacti‚‘Coroyram
1355 2578 1445 2634 altero
1464 2575 1509 2640 die,
1549 2624 1550 2643 p

418 2695 435 2747 4
459 2685 543 2742 terlio
566 2684 694 2753 Aetium,
716 2682 893 2740 Acarnania
914 2690 1040 2758 portum,
1064 2689 1225 2739 tenuerunt.
1260 2683 1334 2739 Inde
1356 2682 1462 2750 consul,
1480 2679 1509 2735 ad
1549 2668 1550 2747 l

458 2788 647 2847 Ambraciam
673 2804 816 2863 egressus,
839 2787 1091 2844 itinereterrestri
1112 2788 1185 2862 petit
1209 2786 1402 2845 Thessaliam.
1443 2789 1509 2845 um

401 2970 408 2984 „
458 2904 520 2962 tor,
542 2900 679 2968 superato
702 2892 848 2962 Leucata,
870 2891 1051 2972 Corinthium
1074 2893 1167 2950 sinum
1194 2892 1325 2950 invectus
1352 2902 1381 2950 et
1409 2890 1511 2949 Creusa

458 2996 565 3054 relictis
585 2996 718 3066 navibus,
742 3006 820 3053 terra
841 2998 951 3074 etipse
972 3016 1025 3072 per
1039 2998 1163 3057 madiam
1183 2996 1328 3055 Boeotiam
1351 2998 1420 3070 (diei
1440 2996 1511 3053 unius

418 3106 435 3157 5
459 3102 594 3178 expedito
615 3102 671 3159 iter
691 3101 747 3174 est)
766 3099 935 3159 Chalcidem
957 3102 996 3159 ed
1018 3102 1139 3159 classem
1163 3101 1318 3158 contendit
1364 3100 1511 3161 Castrum

458 3218 589 3284 tempore
610 3209 648 3266 A.
673 3206 817 3264 Hostilius
836 3207 866 3263 iu
889 3205 1044 3264 Thessalis
1063 3206 1141 3264 circa
1163 3205 1413 3281 Palaepharsalum
1434 3208 1511 3264 habe-

458 3315 524 3384 bat,
550 3313 624 3371 sicut
650 3312 730 3369 nulle
750 3331 783 3368 re
803 3311 907 3369 bellica
932 3312 1112 3369 memorabili
1136 3321 1234 3387 geste,
1262 3312 1303 3368 ite
1331 3312 1370 3367 ad
1392 3322 1512 3370 cunctam

459 3418 610 3474 militarem
632 3415 813 3491 disciplinam
836 3416 874 3473 ab
896 3413 988 3472 effusa
1010 3416 1125 3473 licentia
1146 3415 1273 3473 formato
1303 3416 1395 3472 milite
1422 3424 1450 3473 et
1477 3433 1512 3471 so·

419 3527 437 3581 6
459 3523 510 3579 ciis
532 3541 597 3579 cum
619 3521 676 3577 fide
698 3521 781 3578 cultis
797 3530 826 3578 et
848 3521 886 3578 ab
908 3521 986 3579 omni
1000 3539 1106 3596 genere
1120 3520 1231 3578 iniuriae
1246 3518 1381 3580 defensis.
1416 3519 1512 3577 Audito

460 3707 692 3720 .--Μ

458 3827 480 3886 1,
505 3826 530 3882 1,
551 3830 566 3872 2
586 3837 637 3885 quo
654 3822 766 3871 marcius
812 3822 952 3872 smilibus
975 3824 1042 3885 quod
1061 3821 1190 3873 Excidisse
1207 3822 1291 3873 saltem
1308 3822 1423 3871 militum
1443 3820 1514 3886 (pedi
1548 3804 1549 3819 ¹

459 3911 535 3973 tum),
553 3908 598 3958 scd
607 3910 717 3973 sortasse
732 3907 815 3972 plcre,
839 3906 964 3958 creverim
982 3906 1050 3959 nidd.
1067 3910 1072 3972 Ι
1087 3910 1114 3958 in
1134 3910 1339 3973 supplementum
1363 3908 1452 3969 Gron„
1471 3907 1513 3959 Ee.

459 4013 557 4065 38612.
616 4012 771 4062 ttraiectus
831 4010 891 4069 2‚2
920 4019 947 4060 et
964 4012 1015 4061 elie
1030 4011 1035 4073 1
1051 3994 1075 4061 t}
1092 4012 1145 4063 mil.
1200 4011 1261 4070 Μ
1290 4012 1513 4069 τίυοτεωπεειήυ

459 4100 591 4150 tesselinus
640 4098 776 4147 trelictus
803 4097 806 4161 Ι
831 4098 944 4147 boetiam
969 4099 1024 4148 dies
1072 4103 1086 4147 ⁵
1115 4096 1190 4164 Grpe.
1214 4098 1313 4158 itinere,
1348 4100 1437 4149 emino
1459 4106 1512 4157 est!

460 4186 601 4237 calchidcm
646 4183 934 4249 &lphalepamalnm
984 4185 1106 4234 emulta
1123 4200 1150 4234 re
1166 4186 1170 4246 Ι
1185 4186 1222 4234 ita
1240 4185 1390 4235 adiunctam
1409 4185 1513 4251 (Kreprn

459 4276 492 4323 ad
509 4272 614 4333 iustum)
