3475 5084
627 524 684 573 Lib.
704 522 936 589 ticin-0111.⁸
1216 534 1254 588 65

246 716 346 766 urbium
373 717 523 773 deditiones.
559 693 703 785 Pompeius
729 722 854 771 rationem
882 724 977 784 reddit,
1013 724 1062 775 hoo
1094 739 1120 775 se
1142 724 1227 775 iacere
1253 726 1296 776 de-

245 808 338 860 buisse.

680 925 730 975 EX
748 926 815 976 LIB.
835 927 865 979 C.

319 1034 349 1085 C.
369 1037 492 1088 Manilius
510 1048 541 1089 tr.
559 1040 594 1103 pl.
615 1055 709 1104 magna
726 1043 901 1105 indignatione
920 1046 1059 1095 nobilitatis
1078 1044 1160 1107 legem
1178 1044 1250 1105 tulit,
1269 1050 1297 1092 ut

244 1108 369 1193 Pompeio
379 1132 579 1180 Mithridaticum
594 1132 687 1182 bellum
701 1137 872 1185 mandaretur.
913 1135 1160 1187 Gontioeiusbons.
1197 1132 1228 1194 Q.
1240 1133 1296 1183 Me·

244 1221 319 1270 tellus
337 1224 485 1286 perdomitis
504 1223 669 1276 Cretensibus
689 1228 775 1276 libera
801 1230 827 1277 in
852 1230 877 1277 id
906 1237 1003 1292 tempus
1022 1229 1110 1279 insulas
1128 1228 1197 1290 leges
1217 1227 1296 1278 dedit.

247 1312 292 1364 (ln.
305 1313 445 1377 Pompeius
465 1320 497 1367 ad
517 1321 657 1381 gerendum
672 1318 766 1368 bellum
781 1318 901 1370 adversus
915 1320 1079 1369 Mithridaten
1092 1320 1221 1385 proiectus
1238 1326 1296 1369 cnm

245 1420 303 1467 rege
321 1406 475 1457 Parthorum
494 1410 605 1459 Phraate
631 1411 768 1459 amicitiam
787 1415 927 1473 renovavit3
954 1414 1062 1476 equestri
1089 1413 1178 1476 proelio
1195 1413 1296 1461 Mithri·

244 1499 320 1547 daten
348 1500 416 1549 vicit.
461 1500 587 1566 Praeterea
613 1503 708 1552 bellum
736 1504 803 1553 inter
825 1506 953 1554 Phraaten
982 1520 1067 1569 regern
1091 1504 1244 1554 Parthorum
1272 1512 1297 1553 et

246 1592 375 1653 Tigranen
397 1595 592 1660 Armeniorum,
621 1611 651 1645 uc
679 1596 770 1645 deinde
799 1597 866 1646 inter
891 1598 971 1646 lilium
994 1598 1124 1661 Tigranen
1149 1606 1296 1663 patremque

244 1692 343 1745 gestum
364 1686 485 1735 continet.

676 1825 725 1874 EX
742 1825 808 1876 LIB.
828 1825 872 1878 01.

312 1938 362 1991 Cu.
381 1940 519 2005 Pompeius
537 1940 703 1989 Mithridaten
725 1950 851 1991 nocturno
869 1942 959 2005 proelio
984 1942 1076 1991 victum
1096 1941 1179 2002 coegit
1196 1940 1296 2004 Bospo-

244 2047 298 2081 rum
315 2031 463 2098 profugere.
500 2033 631 2095 Tigranen
644 2035 669 2082 in
686 2035 840 2083 deditionem
859 2034 957 2097 accepit
976 2035 1057 2097 eique,
1077 2034 1200 2097 ademptis
1213 2016 1295 2098 Syria,

244 2124 379 2188 Phoenice,
405 2124 509 2185 Cilicia,
535 2141 639 2188 regnum
658 2126 788 2175 Armeniae
807 2125 924 2193 restituit.
961 2122 1109 2174 coniuratio
1128 2140 1227 2185 eorum,
1252 2126 1297 2188 qui

244 2217 414 2281 inpetitione
434 2219 581 2268 consulatus
598 2219 709 2267 ambitus
729 2219 841 2267 damuati
860 2226 944 2277 erent,
969 2216 1039 2266 iacta
1062 2218 1094 2265 de
1116 2218 1296 2268 interficiendis

245 2310 393 2359 consulibus
411 2326 532 2375 oppressa
550 2317 598 2361 est.
642 2310 688 2360 Cn.
701 2312 838 2374 Pompeius
858 2326 934 2373 quum
951 2309 1115 2360 Mithridaten
1133 2323 1296 2375 persequare·

245 2410 297 2465 tur,
327 2404 355 2451 in
382 2404 484 2452 ultimas
508 2403 660 2466 ignotaeque
684 2412 771 2465 gentes
795 2402 945 2465 penetravit.
986 2404 1095 2453 Hiberos
1118 2404 1295 2466 Albanosque,

245 2494 286 2555 qni
305 2496 441 2544 transitum
462 2510 511 2543 non
532 2496 641 2554 dabant,
668 2495 758 2559 proelio
782 2494 852 2543 vicit.
878 2492 1019 2543 Praeterea
1036 2494 1123 2557 fugam
1143 2497 1296 2547 Mithridatis

243 2601 289 2650 per
308 2586 422 2638 Colchos
440 2587 640 2649 Heniochosque
657 2595 683 2635 et
700 2600 740 2635 res
759 2587 792 2635 ab
811 2600 842 2634 eo
860 2585 886 2634 in
905 2586 1020 2650 Bosporo
1038 2596 1123 2650 gestas
1143 2589 1264 2637 eontinet.

665 2746 714 2795 nx
731 2746 799 2795 nm.
820 2730 876 2795 c'11.

313 2860 362 2912 Cn.
376 2860 514 2925 Pompeius
533 2863 559 2909 in
583 2862 719 2925 provincia
744 2860 853 2910 formam
872 2861 983 2909 Pontum
1009 2859 1115 2921 redegit.
1150 2860 1295 2912 Pharnaces

244 2952 309 3004 filius
326 2953 487 3003 Mithridatis
505 2954 600 3002 bellum
619 2955 685 3017 patri
703 2954 797 3003 intulit.
832 2954 877 3003 Ab
895 2968 926 3001 eo
944 2952 1105 3002 Mithridates
1128 2954 1251 3003 obsessus
1269 2955 1296 3004 in

245 3048 327 3112 regia,
355 3061 433 3110 quum
452 3060 552 3094 veneno
570 3055 671 3109 sumpto
689 3062 778 3109 parurn
797 3045 946 3109 profecisset
970 3047 1001 3093 ad
1027 3054 1149 3104 mortem,
1175 3062 1191 3094 a
1215 3046 1296 3095 milite

198 3204 202 3209 .
247 3137 321 3189 Gallo
340 3141 443 3189 nomine
461 3139 567 3197 Bitoco,
586 3154 602 3185 a
620 3152 679 3199 quo,
703 3147 732 3187 ut
749 3140 880 3187 adiuvaret
896 3152 931 3196 se,
950 3139 1065 3202 petierat,
1083 3137 1229 3187 interiectus
1248 3145 1295 3189 est.

247 3230 293 3281 Cn.
311 3231 451 3295 Pompeius
468 3232 570 3279 Iudaeos
588 3231 696 3292 subegit,
715 3230 803 3279 lanum
823 3245 909 3278 eorum
928 3230 1120 3292 Hierosolyma,
1145 3230 1296 3281 inviolatum

246 3333 305 3372 ante
316 3326 343 3373 id
356 3334 465 3389 tempus,
485 3324 560 3387 cepit.
596 3323 627 3372 L.
644 3323 762 3381 Catilina,
781 3323 820 3371 bis
835 3322 961 3387 repulsam
977 3322 1135 3385 inpetitione
1150 3324 1297 3374 consulatus

246 3430 345 3479 pessus,
365 3432 421 3465 cum
432 3416 543 3466 Lentulo
561 3426 667 3480 praetore
687 3425 712 3464 et
726 3416 841 3478 Cethego
854 3425 880 3463 et
893 3414 1064 3478 compluribus
1083 3415 1138 3464 aliis
1157 3417 1298 3466 coniuravit

248 3508 278 3557 de
296 3512 365 3558 caede
384 3510 518 3559 consulum
531 3517 557 3557 et
570 3516 682 3567 senatus,
701 3508 824 3555 incendiis
843 3506 913 3555 urbis
926 3516 951 3555 et
963 3508 1129 3570 opprimenda
1143 3525 1170 3558 re
1185 3510 1296 3573 publica,

248 3603 360 3650 exercitu
374 3616 474 3665 qnoque
486 3602 513 3649 in
526 3600 628 3649 Etruria
643 3609 799 3663 comparato,
837 3600 876 3648 Ec
887 3600 1028 3648 coniuratio
1038 3600 1162 3649 industria
1172 3601 1208 3651 M.
1218 3601 1299 3650 Tullii

249 3690 380 3742 Ciceronis
400 3701 473 3741 eruta
491 3702 537 3743 est.
580 3692 693 3742 Catilina
711 3692 772 3741 urbe
790 3692 878 3756 pulso,
903 3693 935 3740 de
956 3692 1061 3755 reliquis
1083 3692 1220 3743 coniuratis
1239 3709 1299 3759 sup·

247 3785 351 3848 plicium
369 3794 499 3849 sumptum
517 3792 562 3835 est.

660 3920 709 3970 Ex
726 3920 793 3969 LIB.
812 3918 883 3969 0111.

316 4032 428 4084 Catilina
441 4051 457 4084 a
472 4036 500 4085 c.
514 4035 629 4085 Antonio
641 4050 742 4099 procos.
763 4050 819 4083 cum
841 4033 956 4083 exercitu
975 4048 1054 4083 caesus
1071 4041 1117 4083 est.
1152 4034 1182 4083 P.
1195 4033 1299 4084 Clodius

249 4134 397 4187 aecusatus,
422 4130 504 4189 qnod,
527 4130 553 4177 in
571 4130 660 4177 habitu
679 4128 791 4177 mulieris
811 4128 836 4175 in
856 4127 1009 4186 sacrarium,
1039 4141 1089 4189 qno
1107 4126 1187 4175 virum
1205 4127 1300 4176 intrare

249 4216 320 4267 nefas
338 4228 391 4281 est,
411 4236 489 4284 quum
508 4221 640 4281 intrasset,
659 4223 767 4270 uxorum
786 4221 893 4269 maximi
911 4218 1036 4284 pontificis
1055 4225 1203 4281 stuprasset,
1225 4219 1301 4268 abso·

250 4307 318 4358 lutus
345 4321 392 4363 est.
444 4313 473 4364 C.
499 4313 625 4363 Pontinus
652 4324 745 4378 praetor
769 4312 942 4376 Allobrogas,
972 4312 1014 4375 qui
1040 4312 1239 4375 rebellaverant,
1266 4311 1300 4359 ad

276 4412 348 4454 mnu·
362 4426 389 4455 ex
402 4427 443 4455 rae.
457 4417 567 4465 movtgn.
595 4418 653 4457 vm
711 4399 714 4402 ’
978 4438 980 4443 -
1087 4409 1100 4453 5
