3475 5084
531 520 611 573 nisa
627 521 712 573 xuu.
750 524 797 587 (s.
818 523 878 575 cur.
902 525 974 589 ui.)
1206 530 1244 585 aa

301 706 420 764 Paucos
445 718 513 766 ante
534 709 596 767 dies
617 712 754 781 Perseus,
773 719 930 785 postquam
955 710 1044 787 legati
1065 709 1103 767 ab
1125 711 1222 767 Roma
1242 729 1287 769 re·
1330 705 1372 777 ὅθ

226 810 309 887 gressi
319 812 514 886 praeciderant
527 832 609 891 spem
620 816 711 892 pacis,
727 815 879 873 consilium
898 814 1008 872 habuit.
1051 813 1098 872 Ibi
1110 813 1288 887 aliquamdiu

229 916 339 973 diversis
361 919 512 976 sententiis
534 931 674 978 certatum
697 929 749 978 est.
792 921 896 991 Erant,
921 920 1025 995 quibus
1047 918 1094 974 vel
1114 918 1287 994 stipendium
1311 925 1328 980 2

225 1022 405 1094 perdendum,
428 1022 452 1078 si
475 1022 686 1099 iniungeretur,
706 1026 755 1083 vel
776 1025 839 1101 agri
864 1035 948 1100 parte
968 1024 1144 1093 cedendum,
1165 1023 1190 1079 si
1213 1024 1288 1081 mul-

227 1133 325 1197 tarent,
357 1126 501 1201 quidquid
528 1128 652 1204 denique
676 1131 755 1189 aliud
787 1130 869 1206 pacis
893 1147 982 1185 causa
1012 1128 1179 1204 patiendum
1204 1136 1289 1198 esset,
1323 1102 1327 1111 ¹

226 1249 276 1287 uon
301 1233 499 1291 recusandum
526 1233 686 1305 videretur,
714 1254 768 1292 uec
796 1235 1050 1304 committendum,
1077 1242 1109 1289 ut
1136 1232 1167 1289 in
1194 1232 1288 1289 aleam

226 1336 289 1391 tanti
312 1354 401 1393 casus
424 1354 456 1393 se
476 1354 656 1413 regnumque
677 1340 770 1401 daret.
814 1338 846 1398 si
873 1340 1019 1415 possessio
1046 1336 1124 1395 haud
1151 1337 1289 1411 ambigua
1312 1339 1328 1393 3

225 1440 298 1514 regni
312 1451 457 1512 maneret,
474 1443 564 1499 multa
580 1443 656 1500 diem
671 1454 844 1520 tempusque
858 1445 974 1504 adferre
995 1462 1090 1521 posse,
1113 1442 1217 1516 quibus
1231 1460 1289 1497 non

226 1523 324 1601 amissa
343 1547 435 1603 modo
451 1549 622 1622 reciperare,
644 1550 695 1605 sed
710 1549 854 1606 timendus
875 1551 950 1608 ultro
973 1550 1008 1607 iis
1023 1568 1096 1618 esse,
1119 1564 1192 1621 quos
1213 1562 1289 1601 nune

225 1648 339 1721 timeret,
361 1660 473 1725 posset
516 1651 651 1710 Ceterum
667 1654 758 1711 multo
780 1653 875 1711 maior
894 1670 963 1728 pars
977 1651 1127 1710 ferocioris
1142 1651 1290 1708 sententia
1313 1656 1330 1711 t

225 1764 288 1811 erat.
332 1755 486 1830 Quidquid
507 1758 650 1828 cessisset,
671 1777 736 1815 cum
757 1778 792 1815 eo
814 1758 901 1815 simul
921 1775 1011 1831 regno
1033 1757 1165 1832 protinus
1186 1756 1289 1813 cedan-

224 1858 284 1915 dum
314 1878 396 1931 essa,
426 1863 629 1920 adfirmabant.
673 1864 779 1939 Neque
805 1860 882 1921 enim
910 1864 1062 1921 Romanos
1088 1861 1212 1937 pecunia
1240 1867 1330 1921 autb

225 1982 289 2038 agro
311 1984 418 2041 egere,
441 1967 492 2023 sed
513 1968 570 2024 hoc
591 1967 680 2037 scire,
703 1985 768 2024 cnm
791 1968 889 2025 omnia
911 1968 1054 2037 humana,
1076 1976 1137 2023 tum
1162 1964 1290 2021 maxima

225 2088 339 2143 queque
362 2079 393 2127 at
414 2089 506 2145 regna
527 2080 556 2128 et
576 2072 700 2147 imperia
722 2074 776 2130 sub
798 2074 914 2131 casibus
937 2074 1033 2132 multis
1050 2089 1122 2129 esse.
1167 2067 1293 2125 Cartha·
1314 2078 1331 2133 6

224 2174 390 2248 g'niensinm
415 2194 486 2251 opes
507 2175 628 2251 fregisse
650 2196 714 2235 sese
736 2190 765 2236 et
786 2179 946 2236 cervicibus
969 2196 1067 2235 eorum
1083 2184 1290 2251 praepotentem

224 2280 368 2337 finitimum
406 2300 504 2355 regem
539 2282 717 2358 inposuissa;
754 2284 934 2341 Antiochum
969 2280 1196 2356 progeniemque
1230 2278 1291 2335 eius

225 2384 293 2441 ultra
314 2387 388 2462 iuga
409 2386 502 2443 Tauri
523 2397 660 2445 emotum.
703 2389 801 2448 Unum
827 2404 890 2445 essa
913 2384 1094 2442 Macedonia
1118 2402 1238 2457 regnum
1262 2390 1291 2440 et
1315 2388 1330 2441 7

225 2489 335 2563 regione
366 2492 538 2567 propincum
568 2497 597 2549 et
631 2492 725 2567 quod,
751 2492 844 2550 sicubi
864 2491 974 2566 populo
996 2492 1130 2547 Romano
1152 2507 1207 2545 sua
1226 2486 1287 2545 ior·

226 2601 288 2651 tuna
307 2596 399 2662 labet,
422 2598 556 2670 antiquos
578 2598 691 2654 animos
712 2597 829 2671 regibus
845 2595 905 2653 suis
927 2594 1061 2651 videatur
1080 2612 1166 2669 posse
1181 2592 1288 2651 iacere.

226 2698 296 2755 Dum
312 2700 435 2775 integre
449 2720 493 2758 rer
507 2705 570 2773 aiut,
585 2711 705 2759 statuere
720 2711 791 2777 aput
806 2702 934 2759 animum
949 2716 1033 2755 suum
1048 2700 1158 2756 Persea
1173 2698 1288 2770 debere,
1311 2702 1329 2759 8

227 2811 313 2860 utrum
341 2806 459 2880 singula
489 2808 674 2866 concedendo
707 2808 834 2863 nudatus
862 2805 900 2862 ad
929 2816 1088 2861 extremum
1111 2805 1215 2879 opibus
1238 2822 1288 2861 ex·

227 2908 364 2984 terrisque
393 2927 484 2983 regno
513 2911 745 2971 Samothraciam
771 2912 897 2969 aliamve
926 2928 1014 2984 quam
1036 2910 1160 2966 insulam
1191 2920 1289 2986 petere

228 3012 260 3068 ab
280 3015 437 3084 Romanis,
464 3016 514 3096 ubi
535 3018 666 3092 privatus
692 3026 838 3091 superstes
867 3034 959 3091 regno
988 3032 1041 3071 suo
1069 3015 1098 3071 in
1122 3024 1289 3089 contemptu

228 3118 315 3192 adque
335 3120 439 3194 inopia
459 3130 662 3192 consenescat,
691 3120 788 3189 malit,
817 3139 856 3177 sn
883 3132 1012 3179 armatus
1036 3118 1145 3175 vindex
1165 3118 1328 3180 fortunat

228 3220 429 3299 dignitatisque
449 3242 509 3281 sua
530 3233 589 3295 aut,
611 3234 644 3281 ut
665 3226 729 3282 viro
751 3225 821 3283 forti
834 3225 954 3301 dignum
969 3224 1015 3295 ait,
1036 3224 1175 3298 patiatur,
1196 3222 1288 3297 quod-

228 3392 455 3407 ’ψ-

229 3517 256 3577 b,
273 3520 297 3578 1,
318 3527 329 3570 l
351 3522 385 3570 ab
403 3535 476 3569 roma
489 3522 623 3583 praegressi
642 3520 805 3584 praeciderint
829 3535 875 3583 spe
892 3519 982 3584 paucis
1019 3524 1034 3566 2
1054 3518 1166 3580 aliquam
1182 3516 1290 3567 diuersis

231 3602 307 3669 Sequa.
344 3608 370 3667 2,
386 3613 398 3655 1
415 3614 470 3654 erat
484 3606 490 3669 Ι
505 3606 659 3669 stipendium
673 3607 693 3655 si
707 3605 884 3668 iniungeretnr
920 3611 935 3653 3
949 3605 1059 3665 denque
1073 3606 1104 3653 ad
1118 3604 1187 3652 aliud
1201 3604 1290 3667 paucis

232 3704 302 3742 causa
337 3700 401 3743 4nt
417 3694 445 3741 in
463 3692 516 3739 alia
533 3692 597 3740 tanti
637 3691 663 3751 3.
685 3699 694 3741 i
717 3694 738 3741 si
756 3692 868 3755 possessi
887 3699 933 3739 aut
947 3691 1070 3752 ambigua
1106 3691 1209 3739 ³ultro
1227 3690 1290 3739 isset

231 3790 289 3838 quos
323 3779 348 3838 5,
369 3785 384 3828 2
402 3792 478 3840 agros
494 3778 499 3841 Ι
515 3780 626 3826 maxima
647 3776 713 3843 (bJr.
727 3778 901 3839 Embdda.)
937 3776 963 3836 6,
983 3782 998 3824 2
1017 3776 1135 3825 ceruibus
1172 3777 1289 3824 3antio-

232 3876 283 3912 cum
326 3866 421 3928 tinga
439 3858 616 3914 turiermotuin
638 3864 712 3916 Grau.
732 3865 825 3931 (Grya.
846 3864 925 3915 Tauri
944 3856 1079 3921 rern'otum)
1119 3860 1175 3920 7,1
1197 3876 1288 3911 uraca·

233 3948 308 3999 donia
357 3957 372 3999 2
397 3953 528 4012 regionem
560 3952 565 4013 Ι
598 3959 624 4000 st
650 3954 717 4014 quod
741 3954 801 4015 quia
822 3952 905 4001 sictibi
930 3965 954 4013 p.
979 3965 999 3997 r.
1026 3963 1073 3998 aua
1101 3948 1144 4011 (F.
1170 3956 1196 3995 ct
1220 3948 1290 4011 quod

233 4036 330 4097 opibus,
357 4037 450 4099 sicubi)
504 4042 519 4085 ³
548 4038 685 4086 uidebatur
750 4038 780 4097 8,
802 4043 813 4086 1
845 4039 906 4086 dum
924 4037 1030 4096 integrae
1049 4041 1112 4098 aput
1138 4032 1230 4097 (Gryu.
1249 4035 1289 4081 in-

233 4125 304 4181 tegrm
320 4138 360 4173 res
379 4125 448 4187 apud
460 4124 569 4187 apposito
582 4124 705 4174 oaoerrbco.
744 4122 893 4188 Suppleruut
912 4120 994 4185 Siqua.
1015 4129 1038 4169 et
1051 4119 1193 4182 Drakeub.)
1210 4118 1215 4183 Ι
1231 4133 1289 4167 sum

234 4209 432 4259 asamotraciam
469 4216 485 4258 4
498 4220 614 4273 supertes
629 4208 634 4277 Ι
650 4219 771 4259 contentu
806 4210 832 4270 9,
849 4216 858 4258 1
872 4215 1039 4259 consenescat
1049 4206 1167 4257 militaria
1175 4213 1289 4256 armatus

235 4295 307 4342 taut
324 4297 379 4347 uiro
397 4296 458 4346 torti
477 4295 577 4361 Kreyss.
597 4295 688 4363 (Grya.
708 4311 769 4358 sna,
787 4298 825 4346 ita
843 4305 873 4345 ut
890 4295 961 4358 uiro)
