3475 5084
523 517 601 567 Lim
618 516 715 569 xum.
752 516 801 581 (Δ.
819 515 883 602 (lbr.
904 517 976 583 ltt.)
1193 471 1252 580 tab

233 719 305 759 nune
326 700 542 777 oppidanorum
571 702 695 763 animos.
753 703 829 763 Erat
850 666 957 763 'autem
986 704 1028 761 ibi
1052 721 1117 761 oum
1147 703 1296 763 iuventute

233 806 398 882 Illyriorum
419 807 586 865 Romanum
602 809 994 882 meum.1²ossquam
1025 808 1097 866 nihil
1125 809 1225 883 pecati
1247 828 1296 867 re·
1320 814 1335 867 'l

234 911 377 981 ferebant,
398 928 571 987 oppugnare
590 923 635 971 ost
656 913 787 984 edorum,
806 922 836 971 st
858 932 968 971 cornea
990 931 1054 971 eum
1077 930 1183 987 capere
1208 930 1296 971 conu-

233 1027 275 1074 tns
294 1025 351 1077 est.
399 1013 474 1073 (lum
494 1015 557 1073 sine
580 1016 794 1077 intermissione
820 1018 944 1077 interdiu
974 1026 1129 1092 noctuque,
1152 1017 1203 1075 alii
1233 1017 1297 1077 aliis

231 1120 432 1191 incendentes,
465 1140 536 1196 pars
566 1121 663 1179 seslas
692 1122 797 1192 muris,
825 1142 899 1199 pars
919 1123 1015 1199 ignem
1036 1122 1128 1198 portis
1149 1120 1299 1193 inferrent,

231 1225 416 1283 sustinebant
436 1232 535 1285 tumen
555 1246 622 1285 eum
642 1235 843 1304 tempestatem
864 1236 1097 1304 propugnatores
1116 1228 1205 1297 urbis,
1226 1227 1296 1302 quis
1318 1227 1335 1284 8

230 1348 294 1406 spes
316 1340 394 1401 eret,
419 1348 514 1405 neque
534 1331 638 1391 hiemis
659 1332 718 1391 rim
740 1333 847 1393 diutins
867 1333 930 1409 peti
942 1333 1122 1393 Macedones
1144 1332 1174 1389 iu
1197 1341 1298 1407 aperto

230 1454 324 1510 posse,
359 1436 475 1493 neceb
496 1437 632 1495 Romano
657 1438 735 1499 bello
756 1447 870 1497 tuntum
892 1438 956 1514 regi
975 1437 1136 1495 laxamenti
1157 1436 1238 1507 fors,
1267 1442 1299 1493 ut

230 1548 328 1615 posset
351 1540 472 1599 morari.
534 1540 670 1601 Ceterum
700 1552 856 1618 postquem
879 1542 980 1601 vineas
1002 1542 1051 1618 agi
1073 1551 1224 1617 turresque
1245 1541 1338 1599 ese

230 1645 312 1705 citeri
335 1645 452 1715 vident,
485 1645 564 1704 victe
597 1645 759 1721 pertinacis
782 1655 833 1707 est.
881 1648 960 1706 Nem
995 1656 1188 1723 preterquem
1218 1646 1296 1721 qnod

231 1753 375 1810 adversus
396 1751 457 1809 vim
478 1769 565 1826 peres
586 1770 645 1809 non
667 1759 760 1821 erent,
783 1769 821 1809 ne
840 1749 978 1809 frumenti
1000 1753 1116 1827 quidem
1139 1761 1190 1809 unt
1211 1750 1297 1809 ullius

230 1849 349 1915 alterins
370 1856 415 1913 rei
437 1855 523 1932 copis
543 1856 620 1915 intus
643 1864 716 1926 erat,
737 1858 819 1913 utin
839 1857 1015 1932 necopinata
1037 1856 1200 1916 obsidione.
1236 1857 1297 1915 Its·
1323 1856 1358 1913 10

231 1980 286 2036 que
306 1980 377 2021 eum
399 1960 464 2037 spei
484 1961 554 2019 nibil
581 1962 620 2019 sd
640 1961 833 2022 resistendum
854 1971 946 2033 esset,
973 1959 1008 2022 C.
1022 1959 1169 2021 Carvilius
1191 1961 1297 2037 Spole·

231 2067 305 2125 tinne
328 2075 360 2124 et
384 2064 420 2127 C.
438 2064 581 2125 Afranius
603 2086 623 2125 ιι
643 2066 778 2142 prasidio
799 2068 935 2127 Romano
958 2066 1048 2137 missi,
1070 2067 1120 2141 qui
1144 2086 1163 2125 s
1185 2068 1297 2125 Perseo

231 2180 381 2248 peterent,
409 2171 520 2246 primo,
543 2180 576 2229 ut
595 2181 725 2231 armatos
747 2190 859 2247 sueque
888 2190 987 2231 secum
1008 2171 1134 2231 luentes
1156 2171 1238 2229 ebire
1258 2172 1298 2229 si-

230 2286 319 2349 neret,
344 2276 423 2345 dein,
443 2276 470 2333 si
489 2276 520 2333 id
541 2276 636 2335 minus
656 2276 854 2351 impetrarent,
879 2277 947 2334 vita
967 2285 1078 2335 tentum
1098 2276 1298 2351 libertatisque

231 2384 315 2440 fidem
339 2382 516 2456 acciperent.
561 2380 742 2439 Promissum
764 2379 796 2437 id
814 2379 967 2455 benignius
989 2389 1034 2438 est
1055 2382 1093 2438 ab
1114 2398 1184 2455 rege
1205 2399 1294 2455 quum
1321 2381 1352 2434 lt

231 2488 404 2561 prestitum.
451 2484 541 2543 Exire
562 2485 639 2543 enim
660 2503 714 2542 sua
735 2502 832 2543 seeum
855 2483 1041 2543 efferentibus
1062 2485 1148 2542 iussis
1173 2485 1297 2559 primum

232 2612 314 2649 arms
336 2590 457 2649 ademit.
505 2591 561 2648 His
583 2592 655 2648 urbe
676 2589 815 2664 egressis,
836 2598 867 2647 ct
888 2590 1054 2667 Illyriorum
1076 2591 1181 2646 cohors
1203 2589 1299 2663 (quin-

232 2698 309 2771 genti
335 2697 433 2766 erant)
454 2702 484 2751 et
506 2694 691 2753 Uscanenses
713 2713 745 2751 se
766 2695 927 2769 urbemque
948 2695 1128 2753 dediderunt.

316 2803 456 2870 Perseus,
477 2799 611 2874 presidio
633 2800 759 2859 Uscanoe
780 2800 927 2876 inposito,
948 2797 1159 2858 multitudinem
1182 2817 1297 2856 omnem
1343 2791 1381 2861 19

233 2906 415 2975 deditorum,
437 2921 502 2978 quse
523 2922 615 2979 prope
634 2924 755 2962 numero
778 2906 936 2963 exereitum
960 2906 1105 2980 sequebut,
1127 2886 1318 2963 Stuberram

234 3010 362 3069 abducit.
408 3008 456 3068 lbi
478 3009 621 3069 Romanis
641 3010 793 3083 (quattuor
811 3010 891 3067 milia
912 3020 1008 3067 eutem
1031 3009 1179 3067 hominum
1202 3013 1299 3075 erunt)
1323 3010 1340 3063 2

235 3125 338 3189 preter
360 3112 506 3188 principes
533 3114 564 3172 in
586 3114 748 3173 custodium
770 3114 921 3173 ciuitatum
944 3113 1059 3182 divisis,
1081 3113 1299 3174 Uscanensibus

234 3335 469 3345 --.-——-—-

236 3470 391 3521 banimose
434 3473 449 3515 4
477 3480 612 3515 romanum
636 3447 649 3515 i
670 3472 807 3531 postquam
850 3464 918 3515 Num
941 3464 1001 3531 quid
1024 3463 1096 3515 aliud
1113 3464 1194 3523 tutem,
1214 3464 1300 3515 nucis.

237 3554 261 3616 7,
279 3563 295 3605 2
316 3556 441 3605 adbertus
457 3552 462 3616 Ι
478 3566 614 3602 coroneam
633 3566 723 3616 sapere
741 3560 860 3601 conatum
892 3550 1033 3612 Videndum,
1052 3568 1081 3601 ne
1098 3550 1124 3601 s'n
1138 3551 1222 3616 priore
1231 3566 1300 3599 ment·

237 3660 276 3709 bro
305 3658 422 3710 exciderit
447 3657 545 3707 urbem.
593 3661 609 3704 ³
635 3655 861 3707 interestmissione
885 3656 891 3720 Ι
916 3639 1041 3704 ιὶίαιιὶΙίἱι
1077 3654 1190 3703 smurie
1214 3654 1300 3716 ignom

238 3758 474 3829 Kreysslinferent
509 3760 535 3820 8,
554 3767 569 3808 2
589 3760 687 3823 hiemps
715 3759 741 3819 9,
762 3764 773 3807 1
795 3768 928 3821 turresque
941 3743 1064 3808 sexcitari
1083 3757 1230 3807 euidenter
1245 3755 1300 3823 Mu.

238 3846 326 3914 (Gryn.
339 3848 466 3909 viderunt)
493 3852 610 3910 sparena
628 3846 682 3894 tin
692 3846 770 3895 umbe.
784 3844 832 3908 (H.
852 3844 1047 3909 necinopinata)
1083 3843 1125 3903 10,
1146 3846 1160 3891 Ξ
1180 3858 1225 3907 spe
1235 3839 1303 3905 lesse

239 3932 384 3999 lpoletinus
427 3934 561 3981 eremari
597 3930 737 3980 sistentia
772 3930 815 3989 11,
835 3937 850 3979 t
869 3930 1003 3995 prestitum
1039 3928 1174 3992 (Aduerbio
1191 3928 1302 3991 primunt

238 4019 392 4086 medeas,
411 4034 466 4083 quo
481 4035 503 4069 c.
519 4015 734 4082 lampertum)
779 4017 1021 4067 abissnimurbe
1044 4018 1046 4023 ’
1067 4006 1303 4066 teruennenses

239 4122 322 4189 Siqua
345 4124 420 4188 Grpe
439 4121 613 4171 Uscanienses
639 4121 645 4185 Ι
669 4100 837 4168 dedeidernnt
887 4119 962 4179 XIX,
986 4119 1012 4179 1,
1033 4124 1048 4169 2
1067 4119 1196 4169 stubersnr
1242 4114 1268 4177 2,
1290 4120 1301 4165 l

242 4208 364 4267 &utmor-
383 4206 606 4263 tudunum
628 4205 698 4257 nimis
717 4200 1303 4270 uopmssoninisrs'oes'sassstes'rtsdoetis.
1370 4243 1371 4247 ,

240 4300 254 4343 2
273 4296 404 4345 ciuitatem
