3475 5084
909 511 974 576 utu

413 690 464 748 ubi
490 690 562 748 alius
583 709 687 748 nomen
708 691 871 764 apponitur,
896 690 1038 768 Grynaeus
1060 711 1118 750 non
1138 693 1311 762 nominatur,
1333 714 1397 752 eum
1420 713 1470 756 co-

415 773 486 831 dicis
507 773 678 850 scripturam
701 773 825 830 tenuisse
846 774 1026 850 intelligitur;
1058 775 1106 832 ubi
1129 776 1236 834 codicis
1257 778 1428 852 scripturam
1451 800 1470 840 a

416 856 543 932 Grynteo
565 868 703 924 mutatam
727 857 799 914 alius
819 870 921 931 postea
937 858 1036 915 melius
1052 859 1223 928 emendavit,
1246 859 1364 936 Grynaei
1378 863 1469 938 scrip-

414 952 481 1000 tura
501 941 575 998 inter
595 940 773 1017 parenthesis
795 952 880 997 notas
909 941 1065 1000 subiicitur.
1116 940 1249 1000 Ceterum
1272 963 1329 1000 non
1352 947 1469 1004 omniuo

415 1035 523 1082 certum
546 1034 598 1092 est,
622 1023 670 1080 uni
693 1021 819 1102 Grynaeo
841 1025 939 1081 deberi
961 1025 1075 1093 omnia,
1097 1044 1161 1100 quae
1182 1027 1210 1084 in
1232 1027 1326 1101 prima
1344 1029 1470 1087 editione

412 1118 524 1168 mutata
545 1118 619 1164 sunt.
662 1108 739 1164 Nam
761 1107 790 1162 in
812 1107 956 1164 Desiderii
979 1109 1093 1166 Erasini
1123 1109 1291 1183 praefatione
1318 1111 1371 1168 toti
1393 1112 1471 1170 Livii

413 1191 530 1249 editioni
552 1190 706 1266 praeposita
727 1190 853 1248 codicem
871 1191 918 1258 „in
934 1192 1107 1249 bibliotheca
1123 1193 1287 1249 monasterii
1304 1194 1471 1266 Laurisseni

412 1285 472 1344 aut,
493 1284 525 1330 ut
545 1274 633 1348 vulgo
655 1274 775 1343 dicatur,
797 1275 962 1330 Lorsseusis
984 1276 1162 1351 repperisse“
1192 1277 1326 1333 scribitur
1349 1277 1470 1346 „Simon

413 1357 573 1433 Grynasus,
601 1357 647 1415 vir
672 1366 703 1413 ut
731 1357 760 1412 in
782 1358 860 1414 omni
881 1375 985 1431 genere
1011 1359 1169 1416 litterarum
1193 1359 1264 1416 citra
1286 1361 1470 1436 supercilium

413 1441 556 1506 eruditus,
584 1441 625 1497 ita
651 1439 843 1514 provehendis
875 1441 1040 1497 liberalibus
1071 1442 1172 1498 studiis
1198 1449 1313 1500 natus“.
1356 1445 1471 1504 Deinde

414 1524 590 1598 interpositis
611 1523 710 1597 paucis
732 1523 768 1578 de
788 1525 843 1580 hoc
866 1525 1050 1594 monasterio,
1072 1525 1132 1582 haec
1154 1524 1312 1582 adduntur:
1338 1530 1470 1594 „Arche-

413 1620 514 1685 typum
536 1618 598 1685 erat
618 1606 795 1663 admirandae
816 1608 980 1677 vetustatis,
1009 1609 1104 1683 prisco
1126 1627 1207 1666 more
1228 1620 1369 1684 perpetua
1394 1610 1470 1668 litte·

413 1711 512 1750 rarum
543 1691 616 1746 serie
641 1691 683 1762 ita
711 1690 869 1765 depictum,
903 1700 933 1747 ut
962 1690 1158 1748 difficillimum
1189 1691 1276 1750 luerit
1304 1694 1424 1750 verbum
1451 1713 1471 1752 a

414 1775 504 1832 verbo
526 1774 668 1843 dirimere,
689 1772 744 1829 nisi
766 1772 861 1842 docto,
884 1785 993 1831 attento
1015 1786 1043 1831 et
1064 1775 1094 1832 in
1114 1777 1170 1832 hoc
1191 1776 1284 1851 ipsum
1301 1777 1470 1836 exercitato.

413 1857 500 1918 Unde
522 1876 578 1914 non
601 1876 702 1933 parurn
724 1857 832 1931 negotii
853 1856 907 1914 tuit
927 1857 957 1914 in
978 1858 1109 1930 parando
1134 1859 1301 1933 exemplari,
1325 1860 1404 1933 quod
1425 1870 1470 1937 ty·

412 1941 598 2016 pographicis
620 1941 715 2015 operis
736 1940 898 1997 traderetur
912 1942 1057 1998 utendum.
1093 1942 1157 2000 Nec
1174 1943 1283 2000 minore
1298 1961 1367 1999 cura
1382 1963 1471 2018 quam

390 2026 468 2093 ,fide
489 2024 675 2099 advigilatum
698 2033 759 2092 est,
790 2043 826 2080 ne
847 2042 969 2098 usquam
991 2024 1021 2080 in
1043 2025 1230 2083 describendo
1253 2028 1290 2082 ab
1312 2027 1471 2102 archetypo

412 2108 622 2168 recederetur.“
678 2107 749 2180 Quae
778 2117 925 2181 post-rema
947 2109 1038 2164 verba
1059 2108 1084 2165 si
1105 2109 1245 2165 Erasmus
1268 2110 1354 2166 etiam
1377 2111 1413 2166 de
1433 2110 1471 2167 li-

410 2193 470 2250 bris
491 2211 543 2266 per
563 2192 761 2267 typographos
783 2190 932 2265 descriptis
949 2190 1070 2265 intelligi
1084 2192 1184 2263 voluit,
1205 2210 1241 2248 ne
1261 2192 1286 2249 is
1306 2205 1356 2250 aut
1370 2212 1471 2252 verum

412 2276 484 2334 mire
508 2275 663 2332 occultavit
684 2284 750 2342 aut,
784 2274 861 2347 quod
880 2275 975 2347 potius
998 2274 1099 2343 credo,
1121 2285 1211 2332 totam
1233 2294 1293 2331 rem
1315 2276 1471 2350 ignoravit.

412 2359 583 2416 Adhibitam
606 2359 679 2415 enim
706 2370 828 2432 apparet
856 2376 948 2431 prope
973 2356 1113 2414 infinitam
1143 2359 1387 2430 emendationem,
1409 2360 1471 2418 sine

414 2461 473 2518 qua
495 2460 579 2499 nemo
600 2443 655 2498 hos
676 2441 765 2497 libros
786 2440 883 2514 legera
903 2440 1059 2514 potuisset,
1081 2460 1203 2515 eamque
1224 2442 1374 2512 eiusmodi,
1396 2462 1470 2517 quae,

414 2545 579 2601 quanquam
608 2535 635 2581 et
663 2525 753 2581 multa
774 2524 874 2581 relicta
895 2535 961 2580 sunt
982 2535 1011 2580 et
1031 2542 1108 2600 saepe
1127 2536 1264 2596 erratum,
1294 2526 1380 2582 etiam
1402 2545 1469 2602 gra-

413 2609 486 2666 viter
508 2619 537 2666 et
556 2609 684 2675 licenter,
708 2619 805 2663 tamen
826 2607 887 2663 sine
912 2607 1043 2665 doctrina
1064 2619 1092 2663 et
1114 2609 1245 2665 acumine
1267 2609 1383 2684 egregio
1404 2628 1469 2685 per-

411 2694 457 2748 fici
477 2711 535 2748 non
557 2691 691 2766 potuerit.

495 2767 766 2863 OrationamsLivii,
787 2783 819 2828 ut
832 2774 890 2829 iam
906 2772 976 2840 dixi,
998 2772 1143 2847 adipsum
1165 2774 1292 2831 codicem
1308 2776 1349 2832 sic
1371 2794 1471 2833 recen-

411 2858 530 2929 suimus,
552 2857 634 2931 quasi
657 2875 732 2914 nunc
753 2857 874 2932 primum
891 2856 919 2912 hi
934 2855 1000 2912 libri
1015 2856 1175 2925 ederentur,
1196 2858 1473 2933 emendavimusque

409 2939 632 3010 libere,·caute,
655 2952 851 3014 quantumque
870 2939 1030 3014 potuimus,
1062 2941 1230 3013 prudenter,
1261 2941 1305 2997 usi
1331 2942 1360 2997 in
1382 2961 1418 2998 ea
1438 2963 1472 3000 re

411 3024 581 3084 coniecturis
604 3036 633 3081 et
653 3024 775 3081 aliorum
797 3032 826 3079 et
846 3023 962 3091 nostris,
984 3041 1071 3096 quum
1095 3042 1167 3097 quas
1190 3035 1276 3080 antea
1297 3023 1472 3096 feceramus,

411 3117 470 3166 tum
487 3107 579 3174 novis,
601 3126 673 3181 quas
688 3117 827 3180 perpetua
842 3106 948 3163 codicis
970 3105 1117 3180 scripturas
1132 3109 1318 3180 pertractatio
1334 3119 1362 3164 et
1382 3110 1471 3166 vesti·

412 3192 524 3266 giorum
549 3191 739 3264 perscrutatio
761 3189 912 3264 suggessit.
956 3189 1130 3263 Quanquam
1158 3189 1213 3246 fuit
1234 3192 1330 3261 etiarn,
1351 3192 1401 3250 ubi
1423 3194 1472 3250 vel

411 3285 478 3350 post
500 3275 649 3331 Hertzium
678 3273 844 3347 simpliciter
868 3273 1045 3336 redeundum
1074 3283 1150 3329 esset
1174 3274 1212 3330 ad
1240 3274 1333 3349 ipsam
1361 3275 1471 3334 codicis

379 3362 385 3375 ‘
412 3357 585 3432 scripturam
608 3376 664 3413 non
686 3367 763 3414 recte
787 3356 844 3413 iarn
868 3375 886 3412 a
908 3355 1035 3431 Grynaeo
1057 3365 1206 3425 mutatam,
1228 3367 1260 3413 ut
1275 3358 1359 3427 XLI,
1375 3360 1425 3428 22,
1444 3364 1471 3432 l,

412 3441 463 3497 ubi
486 3459 544 3497 non
566 3440 660 3496 minus
681 3451 790 3496 rectum
813 3450 856 3495 est
878 3440 1003 3507 scierunt,
1024 3439 1080 3495 hoc
1095 3449 1147 3508 est,
1169 3449 1356 3512 cognoverant,
1379 3460 1470 3515 quam

411 3525 585 3588 11,tt,ttet
606 3525 690 3580 seiae
708 3527 831 3597 perfupoe
857 3523 955 3578 inditio
978 3533 1028 3577 aut
1052 3523 1127 3596 apud
1151 3521 1211 3580 Cic.
1227 3543 1280 3598 pro
1296 3526 1382 3582 Rosc.
1399 3528 1469 3584 Am.

411 3613 426 3677 ξ
443 3610 480 3664 97
500 3607 556 3674 Qut
566 3616 621 3663 tam
635 3609 686 3663 m'to
700 3608 799 3663 sciuit?
821 3615 849 3660 et
863 3605 1035 3680 aliquotiens
1057 3606 1134 3680 apud
1157 3607 1277 3663 eundern
1300 3611 1397 3664 scitum
1419 3619 1469 3680 est,

408 3699 437 3748 et
458 3690 572 3760 XLIV,
595 3694 644 3759 to,
667 3692 694 3759 8,
717 3690 764 3747 ubi
786 3689 922 3746 Hertzins
944 3706 1059 3762 quoque
1090 3689 1199 3763 sprevit
1228 3699 1303 3746 tanus
1331 3708 1395 3746 curn
1418 3710 1470 3766 ge·

409 3775 500 3831 nitivo
531 3771 658 3829 iunctum
695 3773 827 3848 exemplo
860 3772 951 3846 ipsius
987 3770 1062 3827 Livii
1094 3771 1229 3845 (XXVI,
1262 3775 1316 3843 24,
1359 3774 1407 3846 ll)
1440 3786 1471 3833 et

409 3855 489 3914 Caelii
521 3856 560 3929 (in
591 3854 738 3913 Ciceronis
767 3857 848 3931 epist.
877 3854 915 3911 ad
945 3856 1027 3911 Fam.
1053 3854 1141 3924 VIII,
1168 3861 1178 3911 l
1206 3856 1291 3929 med.)
1325 3867 1353 3911 et
1375 3857 1470 3928 Quin-

407 3940 500 3997 tiliani
532 3939 617 4013 (XII,
650 3941 678 4007 2,
714 3939 771 4012 17),
799 3950 830 3995 ut
852 3938 975 3995 Plinium
1000 3937 1087 4011 (Hist.
1110 3938 1149 3995 N.
1171 3939 1324 4009 XXXIV,
1357 3941 1408 4013 58)
1440 3952 1471 3999 et

408 4034 511 4098 poetas
526 4023 700 4079 omittamus.
735 4023 813 4079 Nam
835 4022 872 4079 de
889 4021 984 4078 forma
1001 4022 1118 4096 genitivi
1135 4032 1234 4078 nostro
1258 4032 1387 4095 ternpore
1408 4043 1469 4081 non

409 4107 564 4163 dubitatur.
587 4106 706 4175 Eorum,
726 4125 847 4179 quorum
869 4105 1037 4162 coniecturis
1054 4104 1101 4160 vel
1117 4105 1146 4161 in
1168 4105 1292 4162 minimis
1313 4107 1399 4162 rebus
1423 4108 1470 4164 nsi

406 4182 522 4261 sumus,
552 4189 670 4246 nomina
697 4190 803 4263 ubique
830 4188 962 4246 indicatae
984 4188 1091 4246 codicis
1117 4188 1266 4262 scripturae
1284 4189 1468 4262 subiecimus,

409 4266 508 4332 addita
529 4273 559 4331 in
579 4273 695 4343 nostris,
716 4291 789 4348 quas
810 4273 840 4329 in
862 4271 1093 4330 emendationum
1116 4271 1262 4330 volumine
1278 4271 1468 4346 evulgavera-
