3475 5084
523 486 602 534 Liber
623 485 706 534 XLV.
757 485 801 545 (A.
823 484 884 534 cnr.
909 485 979 546 167.)
1186 488 1245 547 257

219 670 282 729 Ser.
297 668 444 745 Sulpicius
456 668 570 739 Galba,
593 668 643 743 qui
664 669 795 726 tribunus
817 668 939 725 militum
962 670 1095 726 secundae
1116 670 1238 747 legionis
1260 673 1289 729 in

218 775 396 833 Macedonia
412 774 517 844 iuerat,
539 774 674 849 privatim
696 774 864 849 imperatori
887 770 1019 831 inimicus
1041 776 1205 849 prensando
1226 778 1289 853 ipse

217 892 245 938 et
276 900 332 957 per
356 898 417 939 suia
444 880 566 954 legionis
594 879 698 937 milites
726 879 909 937 sollicitando
935 880 1149 951 stimulaverat,
1178 892 1210 939 ut
1231 882 1290 940 fre«

216 998 341 1063 quantes
367 988 406 1045 ad
427 984 598 1061 suffragium
622 986 769 1042 adessent:
795 985 982 1060 imperiosum
1005 986 1106 1043 ducein
1130 995 1159 1043 et
1184 988 1287 1065 malig·
1311 994 1329 1051 9

214 1110 285 1148 num
317 1091 497 1165 antiquando
523 1090 721 1165 rogationem,
756 1108 821 1165 qum
846 1092 884 1148 da
905 1091 1051 1167 triumpho
1073 1091 1134 1148 aius
1154 1090 1288 1163 ferretur,

215 1198 439 1267 ulciscerentur3
461 1195 575 1271 plebem
599 1189 742 1253 urbanam
757 1206 921 1253 mouturam
940 1213 1004 1252 esse
1026 1195 1148 1254 militum
1170 1198 1286 1256 iudicia.

214 1303 378 1361 Pecuniam
401 1302 481 1359 illurn
503 1320 562 1358 nou
584 1301 654 1358 dere
674 1301 822 1376 potuisse3
843 1301 961 1357 militem
979 1300 1118 1358 honorem
1141 1321 1195 1359 non
1216 1304 1287 1361 dare

214 1426 315 1483 posse.
359 1408 407 1466 Ne
428 1416 560 1483 speraret
580 1406 620 1464 ibi
642 1405 766 1464 fructum
788 1406 900 1481 gratiae,
921 1405 970 1463 ubi
990 1424 1049 1462 non
1068 1407 1229 1465 meruisset.

301 1514 359 1571 His
380 1513 515 1582 inuitatis,
536 1532 602 1569 curu
626 1512 656 1569 in
679 1510 825 1587 Capitolio
846 1511 1028 1586 rogationem
1051 1530 1115 1569 eain
1139 1513 1186 1569 Ti.
1203 1513 1285 1572 Sern-
1328 1507 1368 1578 36

214 1619 338 1695 pronius
357 1619 489 1677 tribunus
511 1617 603 1694 plebis
626 1616 724 1687 ferrat,
746 1626 775 1674 et
793 1617 915 1692 privatis
937 1616 972 1673 cle
985 1616 1050 1692 lege
1070 1617 1183 1675 dicandi
1205 1619 1286 1677 loeus

213 1735 303 1795 esset,
326 1734 353 1781 at
373 1724 410 1781 ad
433 1724 623 1793 suadendum,
644 1733 677 1779 ut
696 1723 727 1779 in
741 1741 773 1779 re
786 1722 904 1778 minime
921 1722 1019 1792 dubia,
1036 1722 1108 1779 haut
1131 1724 1285 1799 quisquam

213 1831 397 1907 procederet,
418 1831 480 1890 Ser.
495 1829 596 1888 Galba
616 1838 735 1903 repente
749 1827 891 1903 processit
905 1837 934 1883 et
948 1844 966 1883 a
981 1827 1102 1884 tribunis
1118 1830 1286 1903 postulavit,
1308 1830 1325 1886 2

213 1949 260 2007 ut,
291 1936 429 2011 quoniam
456 1937 531 1993 hora
556 1935 615 1991 iam
640 1945 746 1991 octava
775 1933 832 1989 diei
859 1940 936 1989 esset
969 1951 1022 1991 neo
1047 1934 1119 1990 satis
1147 1937 1287 2011 temporis

213 2043 252 2099 ad
286 2041 545 2098 demonstrandum
577 2040 712 2108 haberet,
747 2056 799 2095 our
825 2039 861 2099 L.
883 2038 1038 2096 AEmilium
1067 2057 1126 2096 uon
1154 2040 1289 2100 iuberent

212 2146 414 2221 triumphare,
447 2146 476 2203 in
503 2156 651 2221 posterum
679 2145 756 2202 diem
784 2141 933 2200 differrent
960 2155 990 2201 et
1017 2162 1103 2201 mane
1130 2164 1194 2203 eain
1224 2166 1286 2205 rem

212 2263 346 2328 agerent.
383 2250 502 2326 Integro
524 2250 579 2307 sibi
600 2251 648 2308 die
669 2251 707 2308 ad
729 2268 848 2307 oausam
873 2268 938 2306 earn
961 2250 1100 2307 orandam
1124 2269 1198 2326 opus
1212 2271 1285 2313 esee.

213 2358 290 2416 Cum
314 2357 422 2414 tribuni
444 2357 539 2413 dicere
560 2375 595 2413 eo
617 2357 673 2427 die,
694 2356 719 2412 si
741 2354 810 2430 quid
834 2354 930 2423 vallet,
952 2354 1093 2423 iuberent,
1116 2355 1145 2412 in
1168 2369 1285 2416 noctem
1307 2357 1324 2413 3

213 2483 277 2520 rein
300 2462 424 2521 diceudo
446 2446 575 2518 extraxit
599 2460 752 2518 referendo
774 2460 1033 2534 admonendoque,
1056 2470 1160 2517 exacta
1181 2464 1285 2520 acerbe
1368 2490 1372 2496 ¹

213 2568 317 2626 munia
343 2567 469 2637 militioe3
501 2567 566 2642 plus
592 2562 716 2635 laboris,
738 2566 803 2641 plus
825 2565 961 2641 periculi,
984 2583 1070 2639 quani
1093 2564 1285 2624 desiderasset

211 2693 272 2745 res,
294 2675 468 2741 iniunctum
490 2682 592 2729 eontra
612 2671 642 2727 in
665 2671 800 2745 premiis,
823 2671 851 2727 in
875 2671 1033 2728 honoribus
1055 2671 1154 2728 omnia
1175 2683 1285 2742 artata;

213 2779 422 2852 militiamque,
443 2777 468 2833 ri
489 2776 596 2833 rriiirrr
617 2776 754 2832 rurrrurr
774 2776 910 2845 serious,
940 2775 1131 2833 horridiorem
1155 2778 1284 2852 asper-io·
1306 2781 1324 2835 i
1431 2756 1444 2783 ⁴

212 2903 333 2959 remque
353 2883 535 2953 bellantibus,
560 2881 681 2939 eandem
702 2880 861 2939 viatoribus
881 2882 996 2956 inopem
1013 2880 1108 2955 adque
1128 2881 1284 2940 inhonora·

213 3002 275 3049 tam
304 2989 445 3049 futuram.
498 2988 679 3046 Macedonas
708 2986 739 3042 in
766 2984 886 3041 meliore
916 2984 1034 3042 fortune
1063 3005 1150 3060 quain
1180 2988 1286 3045 milites

212 3098 368 3155 Romanos
389 3112 463 3156 esse.
499 3093 531 3152 Si
554 3092 721 3167 frequentes
740 3101 859 3166 postero
882 3089 929 3147 die
951 3092 989 3148 ad
1009 3091 1103 3165 legem
1128 3092 1281 3173 antiquan—
1306 3097 1323 3150 5

212 3279 449 3288 ——--

211 3392 237 3448 8,
258 3398 274 3440 2
294 3406 362 3454 serg.
383 3392 506 3455 sulpicius
543 3398 559 3441 3
578 3390 671 3455 priuati
687 3389 692 3454 Ι
707 3387 846 3454 persandro
864 3390 919 3451 ipse
967 3388 992 3447 9,
1012 3388 1027 3435 6
1047 3388 1155 3437 militum
1174 3391 1285 3452 pecunia

210 3479 286 3528 illum
308 3477 403 3528 iudicia
421 3480 481 3528 dare
500 3494 551 3527 nou
565 3478 677 3541 potuisse
693 3475 768 3541 Gryn.
785 3475 907 3537 (militum
923 3474 1032 3522 iudicia:
1053 3476 1186 3537 pecuniam
1200 3476 1284 3537 illurn)

211 3575 235 3615 et
256 3565 333 3616 Gran.
353 3565 416 3628 (non
435 3566 496 3613 dare
517 3563 569 3628 Gsr.
588 3562 644 3613 Em.
667 3561 721 3612 616
739 3565 774 3626 a.)
803 3562 963 3609 thonorem
982 3561 1043 3609 dare
1064 3558 1139 3610 Gran.
1194 3567 1208 3610 5
1238 3563 1284 3611 ubi

210 3652 326 3701 fructum
362 3651 489 3711 XXXVI,
500 3650 549 3709 1‚l
570 3651 593 3699 is
611 3650 708 3698 incitati
724 3650 729 3708 Ι
745 3657 763 3697 t.
775 3648 936 3712 sempronius
947 3644 1021 3711 siai
1040 3645 1283 3700 listrentsFuitner

211 3750 245 3789 tr.
265 3739 302 3802 pl.
322 3741 451 3801 ceterique
470 3746 500 3787 tr.
520 3737 556 3801 pl.
576 3736 703 3798 ferienti)
745 3738 751 3799 l
794 3735 902 3801 priuatis
921 3734 979 3795 lege
1001 3731 1076 3785 Gran.
1123 3739 1138 3782 8
1167 3744 1235 3783 esset
1250 3738 1284 3785 ad

211 3826 374 3877 euadendum
386 3823 440 3888 Mq.
460 3822 575 3889 (Kreyss.
588 3824 632 3871 sed
643 3824 690 3885 ad)
706 3825 711 3886 1
727 3816 806 3872 dubia
824 3831 869 3871 aut
887 3822 908 3870 si
928 3822 1061 3884 quisquam
1076 3818 1175 3885 Kreyas.
1191 3821 1283 3887 (Grpe.

211 3913 301 3971 dubia,
324 3912 346 3961 si
365 3909 509 3976 quisquam)
538 3911 753 3973 ⁴tproeederetur
785 3908 840 3967 2‚1
871 3922 936 3969 serg.
957 3908 1035 3969 galba
1053 3905 1282 3973 repetentelGryn.

212 4008 240 4048 et
258 4015 275 4047 a
291 4006 323 4046 tr.
345 3998 401 4061 (aio)
449 3997 547 4045 thora
566 4011 643 4059 quam
663 4005 754 4045 octaua
807 4000 821 4043 6
848 4008 924 4055 agere
945 3995 950 4056 l
972 3994 1037 4041 diem
1054 3993 1059 4053 Ι
1075 3996 1283 4044 summor-andam

212 4100 278 4149 opus
298 4094 366 4133 esset
413 4083 439 4142 3,
461 4088 472 4131 l
497 4079 575 4147 Gryn.x
593 4079 659 4131 Cum
679 4082 795 4131 tribunus
811 4086 815 4143 Ι
832 4081 921 4143 siquis
936 4084 941 4143 Ι
956 4078 1057 4127 iuberet
1076 4077 1131 4143 My.
1150 4078 1206 4129 Em.
1230 4078 1284 4129 616

212 4178 228 4222 2
249 4185 344 4221 acerna
361 4171 448 4218 munia
508 4175 526 4217 4
546 4170 581 4217 im
600 4168 710 4233 praemiis
764 4166 791 4229 4,
812 4173 823 4215 l
846 4165 1002 4229 asperiorem
1018 4164 1175 4215 uelleutlbus
1193 4165 1282 4215 eadem

238 4287 529 4337 numerariorum.
558 4287 605 4328 vn.
1052 4268 1082 4314 ¹⁷
