3475 5084
420 483 432 523 l
470 496 527 555 1³8
725 494 804 545 Liber
820 492 920 545 xum.
957 496 1002 559 (Δ.
1022 510 1048 545 u.
1066 510 1089 545 o.
1109 495 1182 559 586.)

382 680 401 737 8
424 678 476 754 qui
496 678 536 736 cd
555 677 735 735 Macedones
756 687 871 753 gentem
894 680 1065 748 trehebenu
1087 696 1156 754 pure
1171 693 1317 745 mouture,
1340 694 1384 747 na,
1410 673 1489 749 quod

425 783 502 841 bello
523 782 617 858 captis
638 791 668 841 et
686 784 819 841 hostibus
840 802 905 841 tuos
927 792 1018 855 esset,
1048 783 1083 841 id
1110 791 1223 859 peoutae
1252 790 1281 839 et
1308 780 1393 839 socie
1415 778 1488 837 oiri·

384 890 501 946 9tetes
519 887 685 963 ignominie
705 889 879 965 acciperent.
925 888 1010 945 Iuste
1038 888 1207 965 deprecatio
1228 888 1292 944 heic
1311 886 1384 944 visa
1430 886 1491 943 Lu·

425 995 515 1052 risam
544 993 583 1050 ad
605 992 762 1051 Hostilium
793 994 997 1068 proconsulem
1029 993 1080 1066 (ab
1112 1012 1147 1050 eo
1179 993 1257 1050 enim
1283 991 1364 1049 missi
1391 990 1488 1062 eram)

368 1100 403 1155 10
424 1098 515 1174 legeti
549 1098 705 1155 redierunt.
753 1096 909 1155 Octavium
942 1097 1061 1155 retinuit
1086 1116 1198 1167 secum3
1243 1096 1392 1173 Popilium
1427 1112 1492 1151 cum

426 1202 619 1261 milleforme
639 1202 778 1261 militibus
798 1203 830 1260 in
851 1202 975 1261 hibernu
997 1203 1188 1261 Ambracium
1209 1201 1297 1261 misit.

345 1292 385 1364 18
510 1308 654 1379 Perseus,
688 1307 830 1384 principio
858 1307 963 1365 hiemis
984 1308 1084 1383 egredi
1104 1308 1286 1366 Macedoniae
1307 1306 1414 1364 finibus
1436 1324 1493 1362 non

427 1431 537 1483 ausus,
555 1432 593 1471 ne
615 1432 674 1487 que
697 1412 728 1469 in
751 1431 874 1488 regnum
895 1431 1020 1471 vucuum
1042 1413 1240 1489 inrumperent
1260 1412 1407 1482 Romani,
1439 1412 1493 1468 sub

427 1527 542 1595 tempus
565 1519 685 1588 brumae,
704 1536 769 1576 cum
791 1518 1039 1594 inexsuperabiles
1067 1518 1104 1575 ab
1130 1518 1287 1575 Thessalia
1309 1524 1428 1575 montes
1449 1516 1494 1572 ni·

386 1622 405 1679 2
428 1623 472 1683 vis
495 1623 617 1681 ultitudc
639 1622 720 1692 fucit,
743 1623 927 1681 occasionem
951 1642 1014 1681 esse
1035 1632 1117 1681 retus
1139 1622 1294 1698 frangendi
1304 1622 1493 1679 finitimorum

428 1746 495 1804 spes
516 1728 698 1802 animosque,
720 1746 756 1785 ne
778 1728 859 1801 quid,
881 1746 987 1786 everso
1008 1747 1040 1786 se
1061 1728 1092 1785 in
1113 1730 1279 1787 Romanum
1302 1728 1422 1797 bellum
1445 1745 1493 1801 pe·

427 1832 510 1891 munli
532 1833 571 1890 eb
597 1832 633 1889 iis
655 1840 748 1903 esset,
781 1850 846 1891 cum
878 1853 897 1891 o
917 1834 1044 1893 Threcia
1069 1851 1171 1909 pacem
1195 1832 1302 1910 Cotys,
1339 1834 1379 1889 ob
1402 1833 1494 1909 Epiro

429 1935 576 2012 Cephalus
598 1936 750 2010 repentine
771 1936 933 1996 defectione
963 1940 1001 1996 ub
1025 1938 1168 1997 Romanis
1192 1948 1380 2014 prostarent,
1413 1938 1494 1995 Dar-

388 2042 406 2096 3
430 2041 523 2098 denos
544 2059 645 2099 recens
666 2041 825 2099 domuisset
847 2043 965 2114 bellum,
988 2043 1024 2100 id,
1042 2044 1137 2101 solum
1158 2042 1294 2101 infestum
1318 2062 1383 2101 esse
1394 2043 1494 2100 Muce-

429 2144 524 2203 donite
544 2146 638 2217 lotus,
672 2147 751 2221 quod
775 2148 813 2205 eb
833 2148 953 2225 Illyrico
975 2156 1105 2224 peteret,
1131 2166 1267 2219 cuneus,
1305 2165 1402 2223 neque
1425 2148 1494 2223 ipsis

430 2252 534 2328 quietis
555 2251 662 2327 Illyriis
684 2260 713 2309 et
734 2252 843 2309 editum
865 2254 1061 2329 prebentibus
1082 2254 1243 2324 Romanis,
1278 2252 1303 2309 si
1333 2251 1495 2311 domuisset

430 2356 580 2432 maximos
602 2357 780 2434 Illyriorum,
801 2357 940 2417 Gentium
961 2375 1078 2431 queque
1098 2376 1196 2433 regem
1219 2357 1277 2416 ism
1302 2358 1352 2416 diu
1374 2357 1492 2415 dubium

349 2486 351 2491 ·
386 2468 405 2521 4
427 2463 457 2519 in
474 2463 644 2519 societetem
665 2463 765 2538 perlici
786 2480 889 2538 posse,
910 2479 977 2519 cum
998 2462 1030 2519 X
1051 2463 1167 2521 milibus
1189 2463 1335 2539 peditum,
1368 2480 1493 2538 quorum

428 2585 498 2642 pars
518 2567 694 2643 phulangitae
717 2577 817 2638 erent,
838 2576 868 2625 et
889 2566 1002 2624 duobus
1024 2567 1139 2625 milibus
1161 2568 1267 2625 levium
1291 2586 1444 2626 erulorum
1465 2574 1492 2624 et

390 2669 407 2721 5
431 2672 593 2747 quingentis
608 2672 753 2745 equitibus
767 2670 925 2746 profect-us,
947 2670 1118 2729 Stuberram
1130 2673 1218 2732 venit.
1250 2654 1324 2730 Inde
1345 2671 1493 2729 frumento

429 2775 610 2850 conplurium
622 2775 732 2832 dierum
755 2785 881 2850 sumpto,
904 2776 1041 2850 iussoque
1065 2786 1208 2851 apparatu
1229 2778 1492 2853 oppugnandarum

431 2879 544 2936 urbium
565 2880 662 2953 sequi,
698 2879 784 2937 tertio
817 2880 864 2937 die
891 2880 929 2937 ud
950 2881 1099 2940 Uscanam
1131 2878 1330 2958 (Penestianae
1351 2892 1439 2940 terrae
1462 2900 1493 2939 ea

388 2982 406 3036 6
429 2984 558 3042 maxima
580 2984 650 3041 urbs
670 2988 728 3054 cst)
750 2986 847 3059 posuit
868 2996 975 3055 castra,
998 2985 1079 3060 prius
1101 2995 1216 3055 teman,
1243 3004 1331 3060 quam
1353 2985 1415 3043 vim
1441 2985 1493 3041 ud·

430 3098 576 3160 moveret,
609 3088 722 3159 missis,
758 3090 808 3163 qui
838 3099 1014 3166 temptarent
1034 3108 1110 3149 nunc
1132 3090 1334 3166 prefectorum
1356 3090 1493 3166 presidii,

430 3334 445 3377 6
465 3330 498 3377 ud
515 3327 707 3378 macedonicam
719 3324 794 3377 Grou.
823 3326 872 3386 8,1
890 3342 937 3390 pur
960 3324 1054 3376 2Num
1072 3327 1142 3377 bello
1161 3328 1241 3392 ceptis
1260 3328 1378 3378 hostibus
1396 3326 1494 3393 imponi

430 3446 486 3481 mos
504 3436 588 3481 esset?
605 3431 661 3481 Em.
680 3428 737 3479 666
784 3429 809 3488 9,
826 3435 837 3479 l
855 3429 1010 3493 deprecatio
1026 3429 1030 3491 Ι
1046 3430 1102 3480 nise
1119 3430 1137 3481 h
1154 3412 1232 3481 larisa
1266 3430 1333 3490 1021
1347 3428 1492 3493 octeuiaml

430 3516 563 3581 popillium
582 3517 609 3579 (t
622 3515 677 3579 eil.)
712 3516 814 3577 XVIII,
832 3515 856 3573 1,
881 3522 890 3565 l
911 3516 1003 3565 finibus
1021 3531 1149 3575 neonem
1166 3532 1199 3567 ne
1231 3518 1449 3581 tessuperabilis
1461 3516 1492 3565 eb

429 3619 533 3670 nudie
547 3619 552 3682 Ι
566 3616 598 3667 In
615 3619 683 3669 niuis
697 3620 766 3683 prius
783 3620 792 3667 i
809 3636 885 3683 cupro
903 3617 1058 3683 adscriptum.
1094 3618 1147 3678 2‚1
1168 3604 1347 3684 susspirans
1384 3620 1494 3681 2quid·

429 3706 567 3755 inuduerso
586 3720 614 3755 sc
629 3708 634 3769 Ι
649 3706 756 3770 periculi
779 3706 876 3755 abisset
894 3704 997 3754 Forclsl.
1027 3704 1082 3755 Em.
1103 3703 1160 3755 666
1188 3703 1278 3771 (Grpe.
1298 3706 1408 3771 periculi
1434 3706 1493 3755 sub·

430 3791 511 3853 esset]
553 3798 569 3840 3
588 3792 667 3841 trecis
681 3793 686 3854 Ι
702 3791 783 3857 sepite
802 3792 837 3854 (si
852 3799 913 3840 recte
932 3800 1015 3841 notatu
1033 3790 1152 3857 intelligo)
1176 3792 1308 3855 tcepalus
1346 3796 1361 3841 6
1381 3792 1494 3841 domuis-

430 3877 514 3927 setsed
531 3878 628 3927 bellum
645 3879 737 3928 ieolum
750 3861 805 3945 My.
813 3877 869 3927 Em.
880 3876 936 3928 666
944 3876 1045 3949 ’(θνμη.
1065 3876 1134 3927 hello
1153 3877 1244 3927 solum.
1272 3876 1365 3927 Vahlen
1382 3879 1391 3926 i
1407 3886 1495 3943 puncto

429 3988 535 4030 nomm
551 3979 655 4046 aarum)
693 3981 805 4041 Med
823 3980 933 4043 inlyrico
970 3980 1090 4043 einlyrii
1134 3979 1318 4043 tiulyriorum
1357 3962 1495 4045 iperlioic

429 4065 455 4126 4,
474 4071 490 4117 2
508 4076 666 4128 armatorum
686 4065 763 4117 Grec.
799 4066 982 4129 astyberuam
1018 4064 1043 4125 5,
1061 4072 1078 4115 2
1098 4073 1202 4129 sumptu
1230 4064 1494 4132 emtoresiuont

430 4168 637 4234 meximeSipou.
656 4169 854 4235 lposuitoeueo
890 4168 916 4231 6,
937 4174 948 4219 1
970 4178 1056 4222 tumen
1075 4151 1188 4233 quidem
1206 4170 1261 4219 uim
1297 4176 1313 4219 2
1336 4177 1494 4235 temptarem

429 4256 450 4304 si
469 4269 537 4304 nunc
553 4256 558 4320 Ι
572 4255 673 4319 prasidi
