3475 5084
512 528 591 577 Liber
608 526 692 577 XLV.
741 527 790 590 (A.
809 525 869 577 Chr.
892 527 966 591 16⁷.)
1166 528 1223 585 237

228 712 338 786 gratiam
361 712 512 784 iniremus,
543 715 581 771 ab
605 714 699 772 altera
719 716 805 773 etiam
829 714 936 772 crimen
959 724 987 771 et
1007 711 1164 788 perieulum
1187 720 1270 767 asset.

229 816 399 891 Quamquam
421 819 546 876 Perseus
567 838 636 877 vera
657 821 796 891 obiceret,
825 821 855 877 id
885 819 963 895 quod
985 837 1040 876 ros
1063 837 1120 875 non
1143 815 1271 891 potestis,
1295 819 1312 871 5

227 933 313 997 patres
340 924 511 1000 conscripti,
541 945 595 983 nos
623 926 764 1003 principio
790 926 857 984 belli
880 926 991 983 misisse
1013 925 1050 983 ad
1074 942 1127 981 vos
1151 924 1271 999 legatos,

227 1029 269 1103 qui
288 1029 490 1104 pollicerentur
509 1032 603 1104 vobis,
624 1051 688 1107 quae
706 1033 746 1090 ad
766 1033 873 1090 bellum
894 1050 966 1107 opus
982 1042 1089 1099 essent3
1111 1029 1272 1098 navalibus,

226 1136 314 1207 armis,
336 1135 485 1193 iuventute
505 1148 614 1211 nostra,
635 1140 710 1197 siout
729 1136 873 1214 prioribus
895 1137 987 1205 bellis,
1008 1136 1047 1194 ad
1069 1136 1166 1193 omnia
1186 1153 1272 1209 para-

225 1252 264 1297 tos
285 1241 357 1298 fore.
404 1242 453 1298 Ne
474 1250 685 1317 praestaremus,
707 1263 759 1319 per
779 1262 833 1301 vos
854 1244 943 1315 stetit,
965 1242 1014 1319 qui
1035 1243 1070 1300 de
1092 1259 1273 1316 quacumque
1296 1241 1314 1295 6

225 1365 305 1403 eausa
326 1356 387 1403 tum
409 1348 556 1421 aspernati
577 1358 678 1405 nostra
699 1348 809 1404 auxilia
830 1350 909 1409 estis.
951 1350 1055 1423 Neque
1078 1347 1199 1405 fecimus
1219 1346 1273 1420 igi-

225 1463 264 1509 tur
290 1453 445 1527 quiequam
471 1461 615 1527 tamquam
641 1455 740 1510 hostes
768 1472 862 1529 neque
888 1456 1029 1511 bonorum
1060 1454 1202 1511 sociorum
1225 1454 1274 1509 de-

224 1558 321 1616 luimus
343 1558 451 1628 officio,
472 1558 525 1615 sed
539 1578 558 1615 a
572 1560 655 1617 vobis
669 1560 807 1634 prohibiti
822 1569 960 1635 proestare
974 1560 1164 1635 nequivimus.
1198 1558 1275 1633 Quid
1299 1560 1313 1613 7

224 1663 322 1738 igitur?
366 1664 475 1722 nihilne
506 1663 614 1723 factum
647 1684 740 1742 neque
771 1666 879 1723 dictum
909 1676 952 1723 est
979 1666 1007 1722 iu
1031 1665 1147 1723 civitate
1168 1672 1275 1733 vestra,

224 1770 330 1839 Rhodii,
354 1770 434 1845 quod
455 1770 578 1838 nolletis,
603 1789 661 1846 quo
682 1773 785 1829 merito
807 1770 1001 1829 offenderetur
1022 1770 1145 1847 populus
1166 1772 1275 1827 Roma·

225 1875 288 1932 uus?
330 1876 390 1933 Hie
419 1876 573 1946 iam-non,
607 1877 685 1951 quod
705 1876 815 1935 fautum
837 1888 895 1949 est,
927 1876 1095 1935 defensurus
1118 1896 1177 1933 eum
1205 1877 1275 1951 (non

224 1982 289 2039 adeo
303 1982 441 2055 insanio),
463 1982 514 2039 sed
535 1984 679 2057 publicam
701 2002 819 2041 eausam
841 2003 860 2042 a
881 1984 1060 2060 privatorum
1081 1983 1165 2060 eulpa
1180 2002 1275 2059 segre-

223 2069 365 2160 gaturus.'
390 2085 481 2146 Nulla
502 2097 545 2143 est
566 2086 683 2159 civitas,
710 2108 774 2164 qum
802 2109 860 2146 non
887 2101 916 2147 at
942 2090 1090 2165 improbos
1118 2090 1194 2147 cives
1221 2089 1273 2147 ali·
1296 2097 1314 2151 8

224 2194 333 2266 quando
368 2202 396 2249 et
423 2193 585 2268 imperitam
619 2193 828 2252 multitudinem
866 2214 980 2270 semper
1009 2197 1124 2260 habeat.
1178 2196 1275 2254 Etiam
1299 2202 1317 2255 9

223 2306 288 2370 aput
308 2316 365 2354 vos
383 2296 473 2355 fuisse
487 2300 594 2370 audivi,
616 2300 665 2375 qui
681 2301 859 2357 adsentando
874 2300 1047 2358 multitudini
1067 2313 1278 2375 grassarentur,
1352 2358 1354 2363 ,

223 2411 248 2457 et
264 2402 418 2460 secessisse
440 2404 597 2479 aliquando
619 2426 638 2463 a
660 2406 744 2464 vobis
765 2406 877 2482 piebem
900 2424 952 2462 nae
973 2406 1002 2462 in
1023 2413 1167 2481 potestate
1182 2416 1278 2463 restra

222 2509 439 2584 rempublicam
461 2510 557 2571 fuisse.
604 2512 637 2571 Si
657 2514 713 2570 hoo
733 2512 764 2569 in
784 2514 840 2571 hae
853 2521 914 2571 tam
939 2514 1012 2569 bene
1026 2521 1139 2570 morata
1161 2512 1276 2569 civitate
1303 2513 1337 2565 10

221 2616 350 2672 accidere
372 2616 481 2690 pot-uit,
512 2618 611 2675 mirari
641 2619 794 2694 quisquam
818 2628 928 2695 potest,
957 2619 1070 2693 aliquos
1096 2617 1184 2675 fuisse
1207 2628 1277 2693 aput

221 2738 286 2791 uos,
315 2722 381 2795 qui,
413 2722 489 2802 regis
511 2724 665 2781 amicitiam
694 2734 837 2800 petentes,
864 2726 978 2801 plebem
1000 2732 1128 2781 nostram
1151 2722 1275 2781 consiliis

222 2827 432 2902 depravarent?
455 2828 504 2902 qui
525 2839 623 2885 tamen
644 2830 715 2888 nihil
736 2831 812 2888 ultra
832 2832 993 2901 valuerunt,
1016 2849 1101 2905 quam
1125 2830 1208 2887 utin
1229 2827 1275 2887 ol·

220 2933 281 2990 ficio
312 2952 501 2991 cessaremus.
552 2936 622 2993 Non
635 2949 637 2966 ¹
651 2938 804 3013 praeteribo
833 2938 878 3007 id,
907 2937 985 3012 quod
1005 2936 1207 3011 gravissimum
1234 2943 1277 2991 est
1302 2936 1332 2989 tt

220 3039 247 3095 in
266 3043 324 3099 hoo
346 3041 422 3098 bello
445 3042 551 3098 crimen
570 3040 701 3100 civitatis
716 3053 830 3103 nostrae.
875 3043 1002 3119 Legatos
1025 3042 1125 3100 eodem
1147 3018 1276 3116 tempore

220 3158 247 3202 et
276 3150 315 3205 ad
339 3167 393 3205 vos
423 3157 451 3204 et
478 3148 516 3205 ad
536 3149 646 3205 Persea
666 3150 703 3206 de
724 3167 796 3224 paoe
817 3149 963 3219 misimus,
987 3149 1065 3223 quod
1086 3146 1186 3205 infelix
1207 3163 1275 3202 oon-

220 3252 313 3310 silium
336 3252 473 3323 furiosus,
494 3262 525 3311 ut
545 3264 648 3329 postea
666 3255 837 3326 audivimus,
860 3263 959 3312 orator
980 3254 1177 3313 stultissimum
1198 3250 1275 3322 feeit,

220 3457 450 3471 ———-—d-

220 3627 234 3670 3
253 3624 284 3672 ab
308 3623 414 3673 alteram
451 3622 475 3680 6,
492 3629 507 3671 2
527 3623 586 3672 estis
605 3623 694 3686 nequis
711 3636 793 3684 neque
820 3621 981 3684 squioquam
1001 3629 1052 3667 tam
1072 3620 1157 3669 hostes
1181 3625 1197 3667 4
1217 3634 1274 3683 pro·

218 3708 311 3759 bibitio
327 3710 332 3772 Ι
346 3718 467 3775 prestare
485 3708 580 3760 fuimus
597 3710 658 3773 quid
679 3707 734 3774 My.
754 3710 809 3759 Em.
831 3706 887 3757 602
925 3706 950 3769 7,
970 3712 985 3755 3
1005 3708 1070 3755 rodii
1106 3712 1121 3755 4
1144 3706 1204 3757 hino
1222 3707 1275 3756 iam

219 3811 285 3846 nuno
306 3799 374 3860 quod
396 3794 471 3862 Grpe,
491 3796 564 3860 (uon)
588 3804 612 3845 et
627 3795 709 3845 Drak.
731 3796 797 3860 (bio)
813 3796 818 3859 Ι
834 3794 916 3844 faetus
937 3792 941 3857 l
961 3792 1109 3843 deieusurus
1127 3809 1180 3843 non
1214 3792 1273 3853 8‚1
1314 3840 1318 3849 ,

219 3885 318 3933 nullam
336 3893 375 3933 est
393 3882 448 3949 My.
471 3882 546 3948 (ἔψη.
565 3882 643 3932 Nulla
661 3884 727 3931 enim
746 3891 784 3933 eat
798 3882 803 3945 Ι
819 3883 890 3932 ciues
913 3889 938 3931 et
955 3882 1092 3943 aliquando
1110 3890 1136 3930 et
1158 3881 1276 3944 imperita

219 3971 243 4030 9,
254 3979 268 4019 2
281 3972 361 4020 auditi
377 3973 381 4034 Ι
396 3971 567 4019 multitudiuis
586 3971 752 4019 3secessione
780 3969 845 4031 10‚l
866 3970 956 4018 inhsec
972 3970 975 4031 1
991 3978 1130 4017 memorata
1146 3970 1274 4019 ciuitatem

220 4062 233 4104 5
255 4072 376 4107 caesarem
393 4073 445 4106 non
463 4059 500 4106 uti
520 4072 571 4106 non
588 4057 722 4121 prateriuo
741 4054 787 4118 (Si
803 4055 863 4121 quid
880 4056 933 4105 bino
946 4054 1095 4120 ffciendum
1114 4065 1154 4115 eat,
1172 4055 1275 4104 scriban-

220 4142 274 4192 dum
285 4142 365 4193 videri
370 4153 461 4210 pateat:
480 4160 643 4204 cessaremus,
656 4159 706 4193 non
716 4152 744 4193 ut
753 4144 925 4193 deficeremus.
953 4142 1169 4206 Nonproeteribo)
1207 4141 1271 4201 11„1

220 4232 386 4293 grauissimus
421 4237 538 4281 euertrae
554 4232 654 4294 legatos
667 4239 692 4280 et
701 4232 789 4281 eodem
827 4229 973 4280 tiuriosiua
989 4231 993 4293 l
1010 4230 1090 4279 oratio
1101 4230 1275 4278 stultissimam
