3475 5084
649 525 706 577 nia.
726 525 921 575 avr-svm
1236 531 1274 587 49

261 736 388 769 servorum
408 738 486 770 manu
510 731 535 771 et
557 721 647 771 solutis
666 723 801 784 ergastulis
820 724 879 771 iusti
899 723 1024 772 exercitus
1042 738 1174 772 numerum
1195 722 1318 787 implevit.

260 908 339 971 copiis
358 910 481 957 adversus
500 907 638 955 exercitum
658 907 801 957 Romanum
821 908 917 957 bellum
935 924 1000 974 sape
1019 917 1160 973 gesserunt.

668 1068 718 1117 EX
736 1068 802 1117 LIB.
823 1068 908 1123 LVII.

330 1183 418 1247 Scipio
433 1183 570 1233 Africanus
580 1183 746 1233 Numantiam
766 1184 867 1232 obsedit
883 1191 908 1231 et
921 1191 1065 1247 corruptum
1082 1181 1187 1232 licentia
1206 1183 1320 1232 luxuria·

260 1290 307 1337 que
328 1277 466 1324 exercitum
491 1277 522 1324 ad
547 1277 732 1326 severissimam
759 1276 855 1340 militia
874 1274 1032 1343 disciplinam
1051 1278 1189 1325 revocavit.
1226 1275 1320 1326 Omnia

260 1369 407 1416 deliciarum
426 1370 596 1417 instrumenta
614 1369 715 1425 recidit,
739 1369 789 1416 duo
808 1368 888 1415 millia
912 1376 1052 1416 scortorum
1072 1366 1111 1431 [a]
1131 1370 1219 1418 castris
1238 1369 1319 1433 eiecit,

242 1461 364 1509 'militem
392 1462 504 1523 qnotidie
529 1463 555 1509 in
590 1476 666 1525 opere
696 1460 786 1509 habuit
817 1468 842 1509 et
867 1458 946 1508 XXX
975 1460 1071 1508 dierum
1105 1460 1259 1510 frumentum
1291 1476 1321 1509 ac

259 1563 377 1616 septenos
400 1553 480 1601 vallos
502 1553 568 1603 ferre
594 1554 710 1615 cogebat.
748 1553 829 1615 AEgre
847 1559 951 1616 propter
975 1567 1040 1601 nnus
1059 1553 1187 1602 incedenti
1206 1553 1321 1602 dIcebatt

262 1645 362 1707 ,Quum
382 1645 469 1708 gladio
490 1654 513 1693 te
531 1645 626 1695 vallare
645 1646 743 1705 scieris,
770 1646 865 1693 vallum
886 1644 952 1693 ferra
972 1644 1112 1704 desinito”;
1137 1647 1194 1705 alii,
1220 1654 1319 1695 scutum

259 1752 347 1800 parum
366 1737 485 1785 habiliter
503 1738 608 1797 ferenti,
633 1739 742 1801 amplius
761 1753 818 1785 eum
838 1745 937 1785 scutum
956 1737 1024 1785 lusto
1043 1736 1122 1799 ferre,
1148 1753 1230 1801 neque
1248 1740 1273 1787 id
1293 1752 1320 1787 se

259 1830 457 1891 reprehendere,
491 1831 593 1893 qnando
622 1831 712 1879 melius
740 1839 813 1878 scuto
843 1844 918 1892 quam
950 1828 1035 1890 gladio
1061 1836 1182 1880 uteretur.
1238 1828 1321 1891 Quem

259 1922 362 1970 militem
382 1931 454 1970 extra
472 1923 585 1971 ordinem
608 1923 830 1987 deprehendisset,
861 1922 883 1970 si
901 1922 1032 1971 Romanus
1051 1931 1130 1983 esset,
1160 1924 1267 1982 vitibus,
1299 1923 1322 1973 si

260 2023 408 2073 extraneus,
436 2016 513 2077 virgis
540 2015 639 2063 cecidit.
683 2014 801 2063 Iumenta
825 2014 926 2072 omnia,
955 2030 987 2063 ne
1010 2024 1179 2064 exonerarent
1206 2016 1320 2076 militem,

259 2108 381 2156 vendidit.
448 2108 522 2169 Saepe
552 2108 673 2156 adversus
710 2107 855 2170 eruptiones
891 2106 1002 2154 hostium
1041 2106 1149 2155 feliciter
1187 2110 1319 2172 pugnavit.

259 2198 361 2247 Vaccaei
382 2200 493 2257 obsessi,
514 2200 601 2249 liberis
622 2198 824 2261 coniugibusque
842 2198 986 2261 trucidatis,
1014 2199 1063 2262 ipsi
1083 2214 1110 2247 se
1131 2201 1319 2251 interemerunt.

258 2290 345 2354 Scipio
364 2293 522 2355 amplissima
539 2306 647 2341 munera
666 2293 743 2340 missa
762 2291 810 2339 sibi
835 2290 867 2337 ab
891 2291 1021 2339 Antiocho
1044 2306 1104 2353 rege
1124 2292 1216 2355 Syriae,
1244 2306 1321 2355 quum

259 2384 342 2432 celare
362 2385 422 2434 aliis
441 2386 638 2449 imperatoribus
657 2400 744 2446 regum
763 2397 871 2431 munera
888 2398 944 2431 mos
968 2391 1040 2443 esset,
1063 2399 1109 2447 pro
1128 2384 1247 2433 tribunali
1269 2382 1319 2451 [ea]

258 2487 422 2542 accepturum
443 2495 470 2527 se
489 2494 545 2528 esse
569 2476 633 2526 dixit
653 2480 791 2540 omniaque
816 2491 847 2524 ea
872 2484 1021 2539 quaestorem
1041 2475 1133 2525 referre
1157 2478 1183 2525 in
1207 2477 1322 2541 publicas

258 2571 359 2619 tabulas
380 2572 467 2633 inssit3
489 2587 521 2619 ex
541 2572 581 2619 his
599 2585 627 2619 sa
645 2570 707 2618 viris
725 2569 834 2618 fortibus
853 2569 922 2616 dona
940 2569 1066 2617 daturum.
1107 2568 1191 2627 Quum
1211 2562 1323 2633 undique

257 2659 424 2711 Numantiam
459 2663 591 2713 obsidione
626 2663 743 2712 clusisset
777 2670 802 2709 et
839 2662 958 2710 obsessos
1000 2660 1068 2709 fame
1099 2662 1196 2711 videret
1228 2664 1322 2725 urgeri,

258 2752 357 2816 hostes,
386 2756 429 2818 qui
446 2757 593 2819 pabulatum
620 2756 750 2818 exierant,
779 2754 858 2801 vetuit
880 2752 977 2811 occidi,
1008 2754 1068 2817 quia
1093 2755 1188 2804 diceret
1209 2756 1322 2805 velocius

259 2862 301 2897 eos
319 2849 510 2912 absumpturos,
529 2847 649 2897 humenti
668 2849 736 2912 quod
755 2848 885 2906 haberent,
905 2846 926 2894 si
944 2846 1029 2909 plures
1048 2846 1164 2898 fuissent.

663 3008 713 3057 EX
730 3006 797 3056 LIB.
817 3005 917 3056 LVIII.

330 3122 374 3173 Ti.
400 3122 564 3185 Sempronius
587 3120 720 3172 Gracchus
747 3132 777 3171 tr.
809 3123 845 3185 pl.
875 3136 951 3185 quum
983 3121 1065 3183 legem
1094 3122 1223 3185 agrariam
1248 3121 1324 3173 ferret

262 3217 381 3265 adversus
400 3216 558 3264 voluntatem
578 3224 681 3264 senatos
704 3223 730 3263 et
754 3215 878 3277 equestris
907 3214 1016 3273 ordinis,
1041 3228 1073 3261 nc
1093 3215 1149 3275 quis
1169 3229 1202 3262 ax
1219 3216 1323 3278 publico

262 3322 322 3369 agro
346 3309 406 3373 plus
430 3323 506 3371 qnam
536 3318 571 3359 00
598 3309 687 3370 iugera
714 3309 868 3372 possideret,
894 3306 920 3353 in
944 3320 1001 3354 eum
1024 3305 1136 3355 furorem
1162 3306 1269 3366 exarsit,
1296 3314 1324 3355 ut

260 3398 298 3448 M.
319 3400 427 3449 Octavio
451 3400 555 3461 collegoe
579 3415 681 3448 causam
707 3401 811 3447 diversae
833 3398 913 3461 partis
933 3397 1077 3446 defendenti
1096 3404 1247 3462 potestatem
1266 3399 1324 3461 lege

261 3492 315 3541 lata
347 3494 494 3556 abrogaret,
527 3507 604 3556 seque
630 3500 655 3541 et
682 3490 709 3541 Ο.
734 3490 880 3540 Gracchum
914 3489 1016 3539 fratrem
1046 3498 1072 3538 et
1092 3491 1160 3554 App.
1188 3490 1325 3540 Claudiam

264 3599 378 3633 socerum
396 3586 541 3634 triumviros
559 3587 590 3633 ad
606 3585 768 3633 dividendum
784 3598 873 3646 agrum
885 3591 990 3631 crearet.
1028 3580 1203 3645 Promulgavit
1213 3593 1239 3632 et
1248 3585 1324 3634 aliam

264 3677 348 3739 legem
370 3679 505 3739 agrariam,
532 3692 582 3740 qua
601 3676 649 3732 sibi¹
666 3676 743 3725 latius
763 3690 850 3737 agrum
869 3674 1038 3737 patefaceret,
1058 3684 1086 3724 nt
1104 3677 1181 3724 iidem
1200 3676 1324 3725 triumviri

263 3770 415 3830 iudicarent,
435 3785 484 3832 qua
494 3770 610 3834 publicus
620 3784 690 3831 ager,
711 3783 762 3831 qna
777 3767 888 3831 privatus
907 3777 979 3817 esset.
1016 3768 1125 3829 Deinde,
1145 3785 1221 3831 quum
1241 3771 1324 3819 minus

264 3864 320 3924 agri
331 3870 408 3919 esset,
427 3878 501 3927 quam
521 3863 590 3927 quod
609 3863 686 3910 dividi
705 3870 792 3925 posset
812 3864 865 3911 sine
884 3860 982 3909 offensa
1000 3862 1075 3909 etiam
1094 3862 1185 3924 plebis,
1206 3862 1325 3925 quoniam

265 3968 308 4003 eos
331 3956 363 4002 ad
388 3956 552 4019 cupiditatem
582 3955 695 4019 amplum
723 3956 827 4003 modurn
855 3955 975 4019 sperandi
1000 3955 1158 4014 incitaverat,
1187 3954 1270 4014 legem
1299 3967 1325 4001 se

265 4045 484 4107 promulgaturum
504 4048 627 4103 ostendit,
654 4056 683 4096 ut
707 4047 759 4106 eis,
786 4049 828 4109 qui
848 4047 1000 4109 Sempronia
1023 4048 1082 4109 lege
1101 4061 1189 4111 agrum
1209 4045 1324 4107 accipere

266 4138 395 4197 deberent,
413 4143 530 4203 pecunia,
550 4155 605 4204 qum
623 4141 689 4202 regis
707 4140 786 4187 Attali
799 4139 897 4199 fuisset,
919 4142 1083 4198 divideretur3
1103 4139 1222 4186 heredem
1241 4146 1325 4185 autem

267 4232 386 4294 populum
405 4232 549 4281 Romanum
574 4232 712 4296 reliquerat
729 4232 845 4292 Attalus,
874 4246 919 4279 rex
943 4232 1075 4295 Pergami,
1100 4229 1222 4279 Eumenis
1247 4230 1324 4279 filius.

267 4324 318 4372 Tot
336 4324 529 4387 indignitatibus
549 4332 690 4374 commotus
715 4325 827 4387 graviter
849 4332 966 4384 senatus,
991 4334 1048 4374 aute
1067 4338 1154 4373 omnes
1172 4324 1204 4372 Τ.
1225 4322 1325 4371 Annius

294 4427 367 4465 alvan
381 4439 408 4468 ex
423 4440 461 4467 rec¹
477 4428 584 4475 neserga
616 4429 672 4466 ι-ἰιι.
1111 4421 1127 4463 4
