3475 5084
482 504 539 561 tas
740 501 820 553 nrm
837 501 936 553 xciv.
966 502 1012 567 (s.
1033 516 1057 553 a
1079 517 1101 553 e.
1117 502 1211 566 resp·

437 692 534 743 emtra
552 701 588 741 eo
603 685 760 759 promovit,
781 695 931 761 tamquam
947 687 1037 747 Diurn
1053 690 1149 765 adque
1168 688 1246 756 iuda,
1267 692 1411 745 summoto
1425 702 1494 759 rege,

378 794 412 848 11
436 790 467 847 iu
488 788 616 847 Pieriam
645 789 734 847 etiam
761 808 978 867 progressurus.
1022 792 1081 853 Sed
1109 793 1231 851 hiberna
1252 791 1311 850 iam
1336 804 1495 866 praeparans

436 894 501 952 vias
524 894 734 953 commeatibus
761 896 955 957 subvehendis
984 917 1021 955 ex
1051 899 1206 957 Thessalia
1234 896 1341 955 muniri
1368 895 1448 952 iubet
1471 901 1495 949 et

437 999 504 1075 eligi
531 1000 644 1059 horreis
672 1010 841 1075 opportuna
862 1002 930 1061 loca
951 1012 1085 1079 tectaque
1106 1002 1258 1073 aedificari,
1287 999 1338 1059 ubi
1358 996 1496 1057 deversari

437 1114 587 1180 portantes
607 1116 788 1164 commeatus
807 1117 935 1183 possent.
1199 1132 1201 1138 ⁸

355 1202 397 1297 ‚¹⁰
521 1211 657 1282 Perseus,
680 1211 797 1269 tandem
812 1229 952 1285 epavore
966 1229 1012 1281 eo,
1034 1230 1092 1285 quo
1109 1210 1367 1279 attonitusfusrat,
1386 1217 1496 1283 receptu
1543 1180 1544 1205 ¹

438 1312 546 1380 animo,
567 1313 667 1371 mallet
680 1315 809 1390 imperiis
830 1316 891 1373 sois
912 1334 971 1373 non
991 1317 1222 1394 obtemperatum
1245 1333 1318 1384 esse,
1338 1332 1401 1371 oum
1416 1311 1496 1387 trepi-

438 1420 512 1477 dans
531 1436 637 1495 ganam
652 1419 682 1477 in
697 1439 778 1478 mare
798 1421 873 1479 deici
888 1421 987 1493 Pella,
1008 1422 1225 1481 Thessalonica
1244 1419 1363 1479 navalia
1382 1419 1498 1476 iusserat

397 1524 560 1582 2incendi.
603 1523 806 1595 Andronicus,
827 1525 1070 1584 Thessalonicam
1092 1526 1206 1597 missus,
1231 1532 1363 1583 traxerat
1382 1534 1497 1596 tempus
1544 1548 1545 1569 ¹

398 1629 415 1685 ³
438 1630 468 1687 id
489 1629 595 1703 ipsum,
610 1629 690 1703 quod
708 1630 823 1699 accidit,
844 1631 1016 1705 paenitentias
1034 1631 1198 1706 relinquam
1218 1632 1325 1688 locum.
1358 1626 1497 1686 Incautior

437 1734 539 1791 Niciae
554 1733 644 1791 Pellae
657 1734 825 1808 proiciendo
836 1736 966 1811 pecunia
980 1746 1103 1811 partem,
1119 1754 1183 1810 qum
1194 1734 1291 1796 fuerat
1306 1735 1346 1793 ad
1356 1735 1496 1799 Phacum

438 1839 490 1895 sed
511 1840 542 1895 in
563 1858 597 1896 re
610 1839 785 1897 emendabili
804 1840 886 1899 visus
901 1849 943 1897 est
961 1840 1060 1916 lapsus
1082 1858 1155 1912 esse,
1178 1840 1256 1915 quod
1277 1859 1331 1915 per
1345 1840 1497 1897 urinatores

398 1947 415 2001 t
440 1960 525 1999 omne
553 1942 646 1999 ferme
674 1953 836 2001 extractum
866 1955 920 2002 est.
968 1946 1141 2020 Tantusque
1170 1946 1265 2021 pudor
1294 1944 1357 2019 regi
1388 1940 1497 2017 pavoris
1545 1928 1546 2003 l

440 2046 502 2103 eius
523 2046 587 2117 fuir,
608 2056 640 2103 ot
660 2046 824 2106 urinatores
845 2049 921 2107 clam
943 2050 1065 2111 interfici
1086 2049 1211 2118 iusserit,
1235 2048 1339 2106 deinde
1360 2044 1497 2107 Androni·

440 2170 505 2209 cum
528 2169 644 2226 qnoque
665 2162 694 2209 et
714 2152 831 2225 Nician,
852 2173 890 2211 ne
911 2154 975 2229 quis
997 2163 1057 2213 tam
1080 2154 1221 2213 dementis
1241 2152 1355 2229 imperii
1376 2150 1497 2209 conscius

400 2255 584 2313 bexisteret.
637 2256 719 2315 Inter
750 2260 812 2316 lateo
841 2257 875 2317 C.
904 2260 1034 2319 Marcius
1071 2278 1136 2317 cum
1171 2259 1265 2316 classe
1296 2259 1334 2315 ab
1363 2255 1496 2315 Heracleo

440 2360 681 2419 Thessalonicam
706 2362 854 2439 profectus
884 2374 913 2421 st
945 2382 1048 2440 agrum
1080 2364 1210 2441 pluribus
1242 2363 1330 2433 locis,
1369 2358 1497 2436 expositis
1546 2380 1547 2413 l

439 2483 492 2539 per
516 2464 605 2524 litora
634 2467 768 2538 armatis,
800 2467 860 2525 late
886 2470 1029 2542 vastavit,
1072 2478 1101 2529 et
1128 2477 1332 2545 procurrentes
1365 2468 1403 2524 ab
1436 2465 1496 2523 urbe

399 2570 417 2627 d
439 2570 573 2627 secundia
594 2570 708 2645 aliquot
727 2573 837 2647 prmliis
863 2574 993 2651 trepidos
1015 2575 1092 2633 intra
1114 2574 1222 2633 muenia
1247 2572 1386 2648 conpulit.
1427 2572 1495 2628 lam·

439 2691 496 2747 que
516 2675 574 2749 ipsi
594 2676 659 2732 urbi
680 2677 816 2735 terribilis
837 2688 910 2750 erat,
932 2698 1007 2750 cnm,
1029 2678 1177 2755 dispositis
1199 2679 1292 2737 omnis
1314 2677 1426 2754 generis
1442 2684 1495 2731 tor·

439 2778 560 2849 mentis,
581 2797 640 2835 non
661 2781 731 2855 vagi
753 2782 841 2839 modo
862 2783 941 2839 circa
961 2802 1074 2853 muros,
1101 2796 1210 2843 temere
1230 2784 1495 2859 adpropinquantes,

439 2884 490 2940 sed
517 2883 604 2941 etiam
627 2884 677 2958 qui
703 2886 734 2943 in
761 2887 886 2945 navibus
915 2897 1011 2957 erant,
1042 2888 1122 2947 saxis
1145 2898 1289 2945 tormento
1318 2886 1495 2945 emicantibus

399 2990 414 3043 7
438 2987 682 3063 percutiebantur.
734 2992 1002 3067 &sanetisigitur
1031 2994 1062 3053 iu
1093 3010 1183 3051 naves
1216 2992 1354 3051 militibus
1387 2992 1494 3051 omissa·

438 3111 496 3168 que
526 3094 744 3163 Thessalonicae
774 3097 1007 3173 oppugnatione,
1037 3099 1165 3157 AEnaam
1192 3098 1260 3155 inde
1291 3108 1404 3173 petunt.
1443 3094 1494 3153 XV

439 3198 518 3256 milia
540 3218 678 3275 passuum
700 3220 736 3259 ea
758 3204 827 3259 urbs
849 3203 942 3274 abest,
968 3203 1108 3261 adversus
1131 3204 1266 3279 Pydnam
1290 3202 1398 3277 posita,
1420 3196 1494 3258 fertili

399 3305 521 3379 Bagro.
571 3307 754 3366 Pervastatis
791 3308 898 3365 finibus
926 3306 1003 3379 eius,
1039 3308 1167 3383 legentes
1196 3326 1279 3367 oram
1308 3306 1493 3382 Antigoneam

440 3476 454 3518 2
480 3485 512 3520 eo
531 3472 620 3536 perulo
645 3478 776 3533 tamquam
795 3471 896 3521 Lutea
914 3473 990 3538 mapr'a
1011 3473 1151 3539 apameam
1176 3471 1296 3534 perduxit
1325 3470 1386 3535 (cfr.
1415 3467 1464 3519 XL
1472 3464 1493 3525 V.

438 3555 481 3616 13,
492 3555 529 3607 12
546 3558 689 3621 peruiceret
707 3575 755 3623 pro
773 3559 951 3622 perdoceret);
978 3558 1023 3609 aad
1040 3558 1068 3609 id
1085 3560 1200 3609 Latinum
1219 3574 1267 3609 aaa
1285 3555 1389 3609 videtur.
1426 3554 1493 3605 ain·

328 3671 332 3675 -
438 3642 535 3706 pariam
560 3641 567 3707 Ι
591 3658 744 3707 progressus
786 3644 828 3701 11.
840 3650 856 3693 ·1
873 3646 1005 3695 hibernam
1042 3646 1219 3697 seubeundis
1235 3644 1240 3707 1
1255 3643 1361 3695 tessella
1405 3638 1494 3701 selegi

440 3731 444 3793 1
464 3736 609 3793 opportuna
624 3730 680 3781 lece
695 3732 700 3794 Ι
717 3729 793 3796 (ἔφη.
813 3731 940 3781 diuersari
1002 3732 1042 3793 X,
1061 3733 1093 3792 1,
1115 3739 1126 3783 1
1159 3734 1261 3781 tandem
1279 3744 1378 3796 pauore
1396 3722 1493 3785 Drulal

438 3833 506 3896 quod
557 3838 572 3882 2
600 3814 708 3884 moallat
724 3833 766 3883 Da
784 3833 886 3893 mallet,
909 3850 957 3899 pro
980 3852 1028 3899 quo
1047 3844 1103 3901 port
1120 3832 1244 3900 Sipenium
1262 3832 1351 3883 editum
1369 3842 1407 3883 eat
1422 3830 1494 3883 mallo

437 3916 487 3968 vid.
506 3917 563 3969 Em.
582 3919 651 3982 4173
677 3919 792 3982 XXIX,
806 3920 847 3979 14,
871 3918 893 3971 7.
910 3920 916 3985 Ι
931 3936 987 3971 com
1044 3928 1059 3971 3
1091 3923 1176 3985 gaiam
1193 3919 1374 3984 l'teasalonicai
1444 3918 1492 3976 21

438 4006 620 4057 masalouicum
652 4012 668 4055 2
681 4008 756 4071 ipsud
771 4007 776 4068 Ι
791 4007 938 4071 penitentiae
972 4007 998 4067 3,
1009 4015 1024 4057 2
1034 4009 1190 4072 proiciendae
1205 4004 1210 4072 Ι
1226 4009 1295 4071 qnod
1316 4004 1401 4057 iuerat
1418 4012 1493 4055 natum

438 4090 493 4155 My.
506 4091 563 4141 Em.
577 4092 635 4155 0563
649 4091 739 4157 (Grpa.
754 4094 823 4157 quod
836 4092 920 4143 luerat
937 4098 1042 4157 nactus)
1072 4100 1088 4143 3
1103 4096 1129 4145 in
1147 4110 1200 4144 rem
1216 4094 1406 4144 emendabilem
1422 4088 1493 4142 Drnl.

436 4177 493 4227 Eur.
506 4176 555 4228 abd.
569 4195 594 4227 a.
610 4179 703 4241 [uisus
720 4178 807 4241 lapsas
825 4178 881 4243 Mp.
901 4178 950 4229 ibd.
997 4187 1013 4231 4
1033 4178 1253 4243 omncslstrsctos
1272 4187 1311 4229 est
1361 4178 1388 4239 5,
1410 4184 1421 4228 l
1441 4176 1493 4237 hac}

437 4262 642 4313 heracleaGron.
671 4264 878 4313 2tesaalonicam
906 4265 1042 4329 taliquod
1069 4266 1093 4329 6,
1110 4272 1245 4331 luemque
1273 4265 1298 4327 7,
1313 4271 1328 4315 ὓ
1344 4264 1494 4317 tessalonica

440 4347 443 4404 l
463 4348 552 4396 aoniam
571 4347 654 4398 Druk.
692 4356 708 4398 3
727 4351 811 4400 sarbia
829 4351 903 4399 abest
917 4347 922 4415 Ι
937 4366 1031 4414 pynam
1047 4353 1052 4415 l
1067 4350 1157 4401 fertilis
1176 4366 1252 4415 agros
