3475 5084
453 533 493 590 22
729 528 808 579 biber
825 527 896 578 XLI.
934 527 979 592 (Δ.
1000 543 1025 578 u.
1046 543 1068 579 c.
1090 527 1162 587 579.)

372 717 388 770 i
410 712 553 772 &menis
573 722 668 782 esset,
698 713 791 771 videri
811 724 933 789 posset..
977 714 1120 784 Dardani,
1146 729 1212 769 com
1235 711 1397 766 Bastarnae
1418 723 1477 763 non

413 818 501 875 modo
524 836 582 874 non
605 817 745 874 excedere
767 819 873 874 tinibus
894 818 971 887 suis,
1003 819 1081 892 quod
1100 824 1305 892 speraverant,
1336 813 1388 870 sed
1409 829 1476 886 gra·

411 923 508 979 viores
529 921 591 978 fieri
612 921 642 977 in
663 921 725 979 dies
747 933 905 990 cernerent,
927 925 1067 982 subnixos
1089 923 1238 978 Threcum
1261 917 1425 974 accolarum
1449 925 1477 974 ct

413 1026 631 1085 Scordiscorum
655 1027 780 1095 auxiliis,
801 1028 966 1084 audendum
989 1027 1099 1102 aliquid
1121 1026 1167 1081 vel
1190 1035 1298 1080 temere
1319 1021 1393 1090 rati,
1416 1039 1476 1076 om·

411 1149 463 1187 nes
485 1131 613 1204 undique
636 1131 742 1188 armati
763 1132 801 1188 ed
823 1132 973 1207 oppidum,
996 1134 1075 1207 quod
1097 1131 1264 1206 proximum
1288 1125 1391 1182 cestris
1417 1125 1477 1182 Ba·

372 1241 576 1297 8starnarum
598 1245 675 1304 erat,
707 1236 891 1296 conveniunt.
939 1238 1042 1295 Hiems
1064 1246 1142 1304 erat,
1172 1245 1200 1292 et
1220 1233 1251 1290 id
1272 1231 1339 1287 anni
1363 1239 1477 1304 tempus

412 1340 576 1414 elegerant,
610 1349 642 1396 ut
672 1341 803 1397 Thraces
835 1342 1039 1416 Scordiscique
1076 1341 1106 1398 in
1143 1341 1215 1396 fines
1250 1354 1319 1392 suos
1353 1334 1477 1391 abirent.

412 1443 499 1517 Quod
529 1445 579 1501 ubi
605 1445 648 1500 ita
673 1443 783 1501 iactum
813 1455 842 1502 et
863 1447 942 1502 solos
966 1446 1023 1502 iam
1048 1464 1110 1502 esse
1133 1445 1293 1502 Bastarnas
1315 1440 1478 1507 audierunt,

412 1549 546 1606 bifariam
561 1548 693 1605 dividunt
714 1549 823 1624 copias,
845 1569 914 1626 pars
937 1562 969 1606 ut
989 1560 1069 1607 recto
1092 1550 1194 1606 itinere
1217 1548 1253 1604 ad
1276 1543 1478 1600 lacessendum

412 1671 449 1710 ex
471 1653 665 1728 opertebat,
694 1671 779 1727 pars,
812 1654 897 1710 devio
920 1657 995 1710 saltu
1018 1655 1224 1722 circumducta,
1260 1651 1297 1708 ab
1320 1659 1402 1722 tergo
1426 1647 1478 1704 ad·

372 1759 589 1832 9grederetur.
646 1755 798 1827 Ceterum,
831 1760 1000 1833 priusquam
1034 1759 1185 1814 circumire
1220 1765 1317 1811 castra
1349 1753 1478 1809 hostium

411 1872 540 1938 possent,
561 1871 722 1937 pugnatum
748 1873 805 1931 est3
841 1862 968 1936 victique
988 1862 1122 1919 Dardani
1146 1860 1356 1936 compelluntur
1375 1857 1407 1913 in
1430 1875 1479 1912 ur·

355 1975 390 2030 to
413 1969 489 2035 bem,
511 1985 576 2040 quar
596 1966 657 2024 fere
673 1968 738 2024 XII
760 1967 838 2024 milia
862 1969 899 2022 ab
922 1967 1025 2024 castris
1041 1968 1249 2022 Bastarnarum
1273 1965 1383 2019 aberat.
1406 1963 1479 2019 Vic-

411 2081 490 2128 tores
508 2071 658 2128 confestim
678 2073 769 2128 secuti
789 2071 993 2129 circumsidunt
1014 2073 1123 2140 urbem,
1154 2070 1232 2126 haud
1254 2069 1339 2124 dubie
1358 2077 1479 2142 postero

354 2184 384 2239 tt
412 2177 459 2232 die
482 2186 532 2232 aut
553 2185 631 2232 metu
653 2176 792 2233 dedituris
814 2196 846 2233 se
866 2176 998 2233 hostibus
1033 2184 1083 2230 aut
1112 2175 1141 2231 vi
1164 2173 1366 2248 expugnaturi.
1428 2174 1480 2229 In·

413 2281 497 2337 terim
511 2280 717 2337 Dardanorum
741 2283 833 2338 altera
854 2298 967 2349 manus,
988 2297 1052 2352 quae
1068 2279 1264 2336 circumducta
1282 2289 1353 2348 erat,
1374 2279 1482 2352 ignara

413 2385 504 2443 cladis
526 2403 655 2454 suorum,
676 2397 773 2442 caetra
794 2386 1007 2443 Bastarnarum
1029 2385 1093 2440 sine
1113 2383 1248 2459 prasidio
1270 2383 1371 2440 relicta
1391 2383 1410 2417 *
1426 2384 1443 2418 ⁵*

328 2695 371 2767 20
496 2717 586 2769 more,
608 2698 818 2756 sellaeburnea
839 2698 944 2774 posita,
962 2698 1007 2754 ius
1022 2697 1136 2754 dicebat
1158 2696 1397 2770 disceptabatque
1410 2715 1482 2752 con-

372 2806 389 2862 2
413 2803 572 2862 troversias
596 2802 778 2859 minimarum
799 2821 910 2872 rerum;
943 2802 1077 2874 adeoque
1104 2801 1173 2858 nulli
1200 2800 1325 2857 fortunae
1347 2801 1482 2856 adhaere-

412 2907 464 2962 bat
484 2907 612 2975 animus,
640 2925 693 2981 per
714 2909 812 2964 omnia
832 2926 941 2982 genera
963 2906 1031 2962 vitoe
1054 2923 1168 2974 errans,
1198 2905 1238 2960 uti
1262 2923 1315 2961 nec
1343 2904 1399 2960 sibi
1427 2923 1482 2962 nec

372 3015 389 3071 3
412 3009 493 3079 aliis,
521 3012 639 3085 quinam
661 3014 750 3069 homo
770 3022 854 3081 esset,
878 3013 949 3068 satis
971 3020 1125 3068 constaret.
1173 3011 1241 3066 Non
1264 3009 1384 3082 adloqui
1406 3010 1482 3066 ami-

412 3131 471 3184 cos,
493 3117 544 3174 vix
566 3117 642 3173 notis
663 3116 847 3174 familiariter
867 3116 1010 3182 arridere;
1040 3115 1234 3172 munificentia
1255 3112 1390 3186 inaequali
1415 3131 1483 3170 sess

412 3219 545 3292 aliosque
565 3219 723 3290 ludificari3
752 3221 926 3295 quibusdem
949 3220 1100 3276 honoratis
1123 3237 1288 3294 magnoque
1310 3218 1482 3274 aestimanti·

412 3323 466 3379 bus
487 3341 520 3380 se
541 3326 673 3399 puerilia,
705 3336 738 3383 ut
758 3343 832 3382 esce
853 3323 1019 3392 autimas,
1051 3341 1171 3379 munera
1194 3325 1278 3392 dare,
1312 3322 1386 3378 alios
1408 3322 1483 3379 nihil

412 3613 502 3658 desse
520 3608 574 3658 Iac.
597 3608 672 3660 Gron.
708 3608 733 3666 7,
754 3615 769 3657 2
788 3589 924 3672 suissquod
966 3612 1098 3655 stracum
1134 3605 1266 3668 taliquod
1283 3607 1287 3666 Ι
1303 3607 1481 3654 temerarerati

414 3697 428 3741 8
453 3703 526 3742 erant
544 3678 710 3746 conueniens't
743 3696 769 3754 8,
792 3701 801 3743 l
823 3695 921 3758 hiemps
937 3693 942 3756 Ι
958 3692 1026 3741 amni
1058 3691 1189 3758 2elerant
1207 3690 1249 3740 titt.
1270 3705 1301 3752 ge
1314 3708 1389 3754 snpra
1401 3691 1482 3754 scrip·

411 3780 442 3828 tis
457 3781 461 3840 Ι
477 3788 559 3830 traces
575 3784 579 3844 Ι
595 3783 728 3831 adiberent
763 3781 870 3830 aeolos
913 3778 1055 3828 tbifarias
1071 3782 1075 3836 Ι
1091 3778 1180 3825 itinere
1200 3787 1225 3826 et
1243 3778 1421 3826 lacessendum
1454 3777 1480 3836 9,

413 3867 510 3914 2urbe
528 3881 577 3930 que
595 3867 644 3916 fert
688 3869 830 3916 :taberent
870 3865 947 3924 10‚2
974 3863 1108 3912 confestim
1133 3863 1170 3910 uti
1197 3861 1287 3912 Vahlen
1306 3861 1395 3928 (ἂψ.
1417 3879 1480 3911 con·

411 3949 736 4020 iestimticuiroumsidunt
770 3953 946 4015 bexpugnari
978 3949 1048 4007 11,3
1070 3930 1245 3998 ber'tarnarum
1267 3949 1480 4012 suprascriptos

414 4037 419 4103 1
438 4039 535 4100 praedio
553 4039 615 4087 relic
650 4040 761 4104 Apparet
776 4046 914 4087 remanum
933 4037 1001 4085 serim
1015 4035 1083 4098 cepit
1099 4033 1234 4084 similiterue
1252 4035 1399 4082 terminatam
1419 4051 1478 4084 esse.

482 4125 525 4175 Ex
540 4126 692 4188 quotemione
709 4126 790 4189 quinto
808 4123 899 4173 codices
916 4137 986 4170 unam
997 4129 1104 4184 superest
1113 4120 1203 4186 solium
1214 4125 1288 4182 (nunc
1301 4119 1435 4180 deciorum),
1455 4121 1481 4169 in

412 4227 461 4275 quo
478 4220 513 4260 est
529 4228 584 4275 cop.
604 4211 650 4263 20.
687 4213 775 4276 Apitur
793 4210 823 4260 de
840 4208 958 4259 Antiocho
976 4207 1106 4270 Epipbone
1126 4205 1206 4272 Syriae
1223 4223 1284 4270 repe.
1336 4205 1397 4264 XX,
1416 4205 1443 4263 2,
1466 4212 1478 4256 t

413 4297 553 4347 adherebat
601 4299 627 4358 8,
650 4304 666 4348 2
691 4299 753 4348 sede
775 4279 925 4360 aliosquea'c
942 4294 1069 4343 ludificari
1094 4294 1187 4356 quibus
1210 4292 1342 4342 honoratis
1377 4298 1482 4342 tasse
