3475 5084
589 475 768 536 bisarnum.
804 485 850 548 (a
872 483 932 536 our.
956 487 1027 548 na.)
1262 485 1299 543 39

273 666 303 722 in
327 659 446 726 Veienti
468 680 538 746 aput
559 673 727 730 Rementem
751 669 925 747 lapidatum
946 670 1134 745 Pomptinum
1158 685 1243 725 omne
1263 669 1344 725 'velut
1367 670 1383 723 5

274 775 402 831 nubibus
424 775 602 834 lucustarum
624 787 792 853 coopertum
815 795 892 846 esse;
923 777 953 834 in
975 775 1091 835 Gallico
1114 793 1196 849 agro,
1218 792 1277 848 que
1298 774 1342 830 in·

273 870 431 936 doceretur
458 883 604 951 aratrum,
636 883 691 940 sub
718 881 907 940 existentibus
935 879 1028 956 glebis
1057 880 1151 954 pisces
1182 879 1341 937 emersisse.

274 979 323 1040 Ob
353 973 417 1040 baec
447 978 580 1064 prodigia
600 978 666 1046 libri
693 987 798 1045 fatales
819 985 957 1062 inspecti,
980 984 1145 1059 editumque
1167 985 1204 1041 ab
1228 984 1340 1041 decem·
1365 985 1383 1039 6

272 1077 346 1144 viris
369 1100 429 1160 est,
450 1102 479 1146 et
501 1091 605 1165 quibus
626 1091 681 1149 diis
706 1092 868 1166 quibusque
889 1091 992 1148 hostiis
1013 1090 1239 1158 sacrificaretur,
1261 1095 1290 1145 et
1311 1097 1343 1145 ut

272 1185 451 1270 sbpplicatio
466 1196 606 1271 prodigiis
624 1188 776 1272 capiundis
793 1199 883 1267 fieret,
899 1195 1058 1270 alteraque,
1077 1211 1138 1270 quoe
1154 1194 1250 1269 priore
1265 1208 1341 1250 anno
1365 1192 1381 1244 7

272 1289 451 1358 valetudinis
468 1300 569 1377 populi
588 1319 677 1360 causa
694 1311 765 1360 tota
781 1308 866 1372 esset,
886 1311 920 1358 aa
939 1300 980 1357 uti
987 1300 1070 1372 flerat
1082 1298 1219 1374 feriatque
1237 1303 1341 1357 essent.

272 1406 382 1480 Itaque
401 1408 595 1467 sacrificatum
617 1418 671 1478 cst,
694 1419 726 1465 ut
750 1405 906 1465 decemviri
929 1405 1067 1480 scriptum
1092 1403 1251 1461 ediderant.

361 1500 475 1568 Eodem
503 1522 580 1569 anuo
607 1513 677 1570 'aedis
699 1511 819 1570 lunonis
838 1511 966 1569 Laciniae
987 1509 1109 1567 detecta.
1161 1509 1198 1587 Q.
1219 1505 1341 1566 Fulvius
1404 1500 1425 1571 8

273 1604 401 1673 Flaccos
423 1632 527 1674 censor
554 1594 646 1676 taciem
668 1616 806 1676 Fortunae
827 1615 995 1690 Equestris,
1026 1628 1113 1688 quam
1143 1614 1173 1670 in
1197 1612 1342 1688 Hispania

271 1730 384 1795 pr'aetor
412 1709 488 1778 bello
517 1710 691 1779 Celtiberico
719 1731 856 1790 voverat,
891 1718 1019 1778 faciebat
1046 1719 1132 1777 enixo
1161 1717 1272 1790 studio,
1304 1728 1342 1774 ne

273 1807 366 1882 ulium
389 1826 490 1887 Romae
511 1826 636 1901 amplius
658 1834 708 1883 aut
728 1814 958 1900 magnificentius
978 1824 1115 1900 templum
1134 1807 1218 1880 essetss
1252 1823 1339 1897 Mag·
1363 1823 1380 1880 2

272 1945 344 1986 num
368 1940 502 1988 ornatum
533 1931 560 1988 ei
589 1923 697 2006 templo
719 1941 800 1989 ratus
821 1931 1016 2000 adiecturum,
1041 1929 1066 1986 si
1088 1927 1192 2004 tegulae
1214 1941 1340 1985 marmo-

273 2041 333 2091 'rete
356 2044 467 2106 essent,
500 2032 647 2111 proiectas
674 2035 704 2092 in
731 2031 871 2105 Bruttios,
899 2036 989 2092 aedem
1012 2036 1131 2092 Iunonis
1154 2033 1281 2092 Laciniae
1303 2033 1342 2090 ad

273 2148 389 2214 partem
421 2129 569 2197 dimidiam
592 2139 715 2215 detegit,
746 2133 776 2196 id
805 2140 877 2198 satis
910 2138 973 2197 fora
1000 2151 1081 2198 ratus
1110 2137 1149 2196 ad
1177 2138 1341 2214 tegendum,

274 2245 354 2318 quod
374 2245 573 2302 aedificaretur.
605 2236 707 2302 Nares
723 2255 835 2321 paratae
855 2243 982 2314 fuerunt,
1004 2254 1069 2318 quae
1090 2244 1224 2302 tollerent
1246 2244 1341 2317 adque
1363 2245 1380 2300 3

276 2359 472 2424 asportarent,
490 2349 663 2406 auctoritate
683 2349 815 2407 censoria
837 2347 923 2406 sociis
942 2347 1085 2405 deterritis
1105 2347 1135 2404 id
1157 2349 1338 2423 sacrilegium

274 2455 441 2531 prohibere.
484 2457 646 2528 Postquam
670 2471 773 2512 censor
794 2448 888 2524 rediit,
911 2452 1014 2527 tegulae
1039 2451 1178 2528 expositae
1200 2453 1236 2509 de
1257 2452 1339 2510 navi·
1365 2455 1382 2510 4

273 2561 329 2619 bus
352 2561 390 2617 ad
412 2561 550 2636 templum
578 2561 778 2635 portabantur.
824 2557 1026 2633 Quamquam,
1050 2558 1126 2614 unde
1148 2567 1253 2628 essent,
1274 2557 1342 2614 sile-

274 2668 371 2738 batur,
393 2685 452 2724 non
474 2675 572 2722 tamen
593 2665 681 2722 celari
703 2664 806 2740 potuit.
840 2663 985 2721 Fremitus
1003 2663 1092 2738 igitur
1108 2663 1138 2719 in
1156 2663 1237 2719 curia
1260 2671 1340 2720 ortus
1364 2666 1380 2719 5

273 2761 334 2840 est;
367 2780 405 2827 ex
428 2769 561 2827 omnibus
582 2770 714 2845 partibus
739 2767 958 2843 postulabatur,
985 2779 1017 2826 ut
1038 2765 1171 2826 consules
1193 2787 1256 2825 eam
1279 2784 1339 2825 rem

273 2863 314 2933 acl
340 2883 474 2932 senatum
503 2873 653 2932 referrent.
705 2875 748 2934 Ut
777 2891 847 2930 vero
877 2873 1032 2931 accersitus
1055 2873 1216 2931 incuriam
1239 2883 1341 2931 censor'

272 2980 369 3050 venit,
400 2979 491 3036 multo
512 2978 643 3036 infestius
674 2979 778 3055 singuli
800 2977 984 3053 universique
1006 2990 1175 3054 praesentem
1196 2979 1340 3036 lacerare:

272 3074 430 3161 Templum
453 3073 687 3159 augustissimum
709 3084 836 3159 regionis
858 3083 928 3152 eins,
951 3082 1029 3156 quod
1051 3081 1261 3158 nonPyrrhus,
1283 3099 1340 3139 non
1364 3087 1381 3141 6

270 3380 303 3442 5,
327 3387 337 3429 l
357 3382 500 3444 pomtinum
538 3382 682 3430 tnouibus
699 3381 704 3444 Ι
722 3379 797 3445 Grpe.
811 3380 969 3429 locustarum
999 3378 1338 3446 ttDukeruaexstantibual

270 3467 334 3516 Post
350 3469 484 3516 emersisse
502 3469 605 3530 spatium
621 3484 722 3516 vacuum
740 3468 758 3516 5
770 3465 901 3515 litterarum
920 3466 945 3515 in
955 3465 1010 3528 fine
1025 3482 1106 3514 versus
1118 3475 1159 3516 act.
1197 3467 1247 3527 6,l
1271 3471 1340 3518 edio·

271 3580 404 3635 tamquam
420 3571 425 3633 Ι
441 3570 592 3619 decemuiris
618 3580 644 3619 et
661 3585 694 3619 ex
712 3571 804 3633 quibus
839 3546 995 3632 2(hosteiis
1013 3567 1062 3631 Η.)
1100 3576 1115 3618 3
1140 3571 1341 3636 supplicatioque

271 3664 297 3736 l,
327 3680 337 3724 l
366 3652 467 3723 anitera
489 3688 538 3736 que
560 3675 643 3737 priore
668 3673 723 3738 Mp.
748 3673 804 3722 Ena
830 3671 893 3722 5091.
917 3675 921 3732 Ι
943 3689 977 3722 un
1019 3679 1033 3722 2
1058 3681 1120 3722 uota
1148 3684 1173 3723 et
1196 3691 1253 3724 esse
1277 3677 1282 3738 Ι
1304 3677 1342 3726 uti

269 3750 400 3824 lieriaeque
422 3757 535 3809 Hertziua
560 3758 648 3825 (Gryn.
669 3761 706 3809 uti
728 3760 862 3823 feriaeque)
896 3761 966 3846 Sita
984 3761 1203 3824 sacrificatumque
1223 3764 1280 3825 est}
1297 3765 1343 3812 da·

270 3865 392 3914 cemoiris
409 3865 413 3925 Ι
430 3862 629 3928 ediderunth.
667 3863 1000 3923 111‚1,re0uemeoann0
1037 3865 1215 3927 thiepauiam
1253 3873 1341 3916 bstu-

270 3969 313 4016 dio
332 3966 434 4015 nullum
466 3945 766 4029 tautamagnilicentius
782 3971 786 4026 Ι
803 3944 887 4016 essett'
918 3963 1105 4029 2‚2ornaltum
1126 3967 1180 4033 Mp.
1199 3969 1255 4020 Em.
1275 3967 1339 4020 509.

269 4052 362 4118 (Grpe,
384 4057 572 4113 ornamentum)
588 4051 594 4119 Ι
609 4060 634 4102 et
660 4053 756 4116 templo
775 4052 876 4118 Kreyss.
897 4053 987 4117 (Gryra
1008 4069 1034 4102 se
1055 4055 1166 4118 templo)
1183 4055 1187 4118 Ι
1203 4057 1282 4104 iratus
1323 4061 1338 4105 8

267 4140 446 4189 brittioseclem
462 4140 467 4201 Ι
482 4139 576 4187 licinio
601 4139 654 4199 3,1
676 4141 765 4202 adque
784 4147 946 4224 asportarent¹
968 4138 993 4196 4,
1009 4144 1018 4187 1
1036 4141 1102 4188 redit
1119 4141 1204 4227 tegula
1218 4143 1337 4230 'exposita

270 4251 370 4294 2easet
415 4241 440 4303 ὃ,
463 4246 474 4290 l
494 4241 610 4291 fremitus
628 4243 683 4291 eius
700 4243 779 4304 igitur
813 4242 838 4302 6,
860 4247 872 4291 1
894 4225 949 4291 erui
967 4244 1021 4294 eius
1041 4246 1110 4307 quod
