3475 5084
640 929 779 1008 hiber
807 931 916 1010 Xhl.

731 1124 831 1132 ——-—.-.

328 1223 376 1264 ⁴¹*
427 1241 446 1279 a
471 1231 556 1297 patre
582 1222 613 1279 iu
640 1241 713 1298 pace
740 1223 871 1280 habitam
897 1243 1028 1284 armasse
1055 1245 1148 1304 eoque
1173 1229 1316 1288 iuventuti

242 1327 396 1404 predandi
416 1326 531 1402 cupidae
552 1339 707 1402 pergratus
728 1347 793 1386 essa
813 1329 973 1388 dicebatur.

329 1429 493 1489 Consilium
527 1432 564 1489 de
595 1433 725 1492 Histrico
758 1435 834 1492 bello
867 1453 932 1492 oum
965 1436 1087 1494 haberet
1118 1437 1233 1508 consul,
1266 1437 1316 1496 alii
1380 1431 1396 1502 l

241 1537 404 1614 gerendum
426 1536 589 1611 extemplo,
619 1549 778 1614 antequam
806 1543 978 1599 contrahere
1001 1541 1101 1617 copiae
1125 1543 1222 1599 hostes
1246 1559 1314 1618 pos·

242 1653 323 1713 seut,
353 1642 404 1700 ulii
431 1642 640 1701 consulendum
669 1644 750 1718 prius
778 1656 910 1702 senatum
937 1648 1102 1704 censebant.
1149 1647 1228 1704 Vicit
1249 1649 1355 1706 sen-2

241 1748 352 1818 tentia,
382 1767 448 1822 quse
478 1748 555 1805 diem
590 1767 649 1805 non
682 1747 859 1823 proferebat.
918 1751 1071 1808 Profectus
1104 1753 1143 1809 ab
1176 1751 1316 1825 Aquileia

242 1853 347 1910 consul
361 1863 460 1911 castra
480 1854 519 1911 ad
533 1853 628 1911 lacum
649 1855 767 1912 Timavi
785 1855 896 1930 posuit;
918 1855 1061 1928 (imminet
1078 1857 1152 1914 mari
1165 1858 1190 1914 is
1205 1855 1314 1929 lacus3)

242 1958 346 2015 wdem
370 1958 471 2015 decem
494 1959 618 2017 navibus
640 1958 675 2020 C.
696 1959 804 2017 Furius
827 1959 962 2018 duumvir
984 1961 1097 2019 navalis
1118 1963 1205 2020 venit.
1250 1961 1314 2019 nd-
1337 1965 1354 2020 3

242 2081 348 2120 versus
368 2063 537 2139 Illyriorum
570 2066 693 2123 classem
723 2065 814 2123 creati
840 2065 985 2122 duumviri
1007 2066 1127 2124 navales
1149 2076 1242 2137 orant,
1263 2066 1315 2140 qui

242 2168 360 2226 tuendae
381 2169 485 2244 viginti
507 2172 631 2229 navibus
654 2171 743 2228 maris
764 2170 863 2245 superi
888 2188 947 2227 orae
968 2173 1123 2228 Anconam
1148 2171 1228 2230 velut
1249 2189 1314 2228 car-

243 2273 340 2331 dinem
371 2275 529 2345 huberent3
561 2275 629 2333 iude
659 2277 694 2334 L.
718 2275 871 2335 Cornelius
899 2275 1004 2332 dextra
1037 2275 1124 2333 litora
1157 2295 1249 2351 usque
1276 2274 1315 2332 sd

243 2379 418 2449 Tarentum,
441 2377 475 2439 G.
497 2381 606 2438 Furiae
626 2381 702 2438 laeva
722 2381 875 2454 usquead
899 2380 1066 2454 Aquileiam
1088 2390 1233 2445 tueretur„
1262 2380 1357 2440 Eat

161 2527 169 2550 2.
242 2501 335 2541 naves
358 2483 399 2541 ad
418 2485 584 2559 proximum
607 2472 722 2560 portum
752 2486 781 2542 in
803 2486 923 2543 Histriae
946 2487 1018 2542 lines
1040 2504 1104 2543 cum
1127 2484 1267 2542 onerariis
1287 2491 1317 2542 et

243 2606 355 2664 magno
381 2599 546 2647 commeatu
576 2590 688 2661 missas3
726 2600 900 2665 secutusque
930 2609 995 2650 cum
1023 2590 1186 2666 legionibus
1215 2585 1317 2644 consul

243 2694 374 2769 quinque
401 2694 494 2753 ferme
518 2694 598 2753 milia
627 2715 646 2753 a
668 2696 741 2752 mari
773 2696 871 2772 posuit
893 2704 999 2753 castra.
1050 2696 1086 2752 In
1109 2703 1194 2770 portu
1215 2710 1315 2766 empo·
1339 2697 1355 2750 5
1383 2696 1387 2704 '

242 2798 318 2856 rium
343 2799 427 2857 brevi
448 2799 637 2876 perfrequens
660 2801 785 2869 factum,
811 2801 968 2875 omniaque
989 2801 1056 2858 hine
1077 2801 1106 2857 in
1128 2807 1225 2855 castra
1247 2797 1315 2854 sub·

243 2907 450 2980 portabantur.
502 2906 557 2976 Et,
582 2925 641 2980 quo
663 2907 694 2963 id
716 2907 806 2963 tutius
827 2907 925 2974 lieret,
953 2904 1093 2961 stationes
1122 2907 1159 2962 ab
1182 2903 1316 2961 omnibus

243 3020 410 3068 enehorum
447 3011 579 3084 partibus
614 3012 799 3069 circumdatus
826 3021 902 3071 sunt.
959 3011 994 3066 In
1026 3008 1168 3066 Histriam
1199 3010 1356 3066 versumh

243 3114 413 3192 praesidium
431 3115 569 3172 stativum
586 3118 739 3190 repentina
764 3119 869 3176 cohors
892 3115 1064 3172 Placentina
1085 3112 1221 3189 oppositu
1241 3111 1316 3167 iuter

245 3237 328 3276 mare
351 3229 382 3275 et
402 3227 517 3289 castra3
537 3229 575 3289 et,
599 3221 720 3278 utitem
740 3221 931 3296 aquatoribus
950 3220 988 3276 ad
1004 3218 1123 3274 fluvium
1146 3225 1222 3273 esset
1242 3230 1316 3289 pra-

244 3323 371 3392 sidium,
392 3323 435 3380 M.
451 3325 603 3394 AEbutius,
624 3325 756 3382 tribunus
779 3325 901 3382 militum
923 3322 1055 3380 secundae
1075 3320 1213 3396 legionis,
1240 3319 1317 3375 duos
1345 3353 1353 3370 .

244 3427 413 3502 manipulos
434 3429 556 3486 militum
579 3449 615 3488 eo
643 3431 749 3488 ducere
774 3430 870 3488 iussus
898 3439 950 3487 est.
1005 3429 1041 3484 T.
1063 3433 1092 3483 et
1114 3423 1147 3480 C.
1169 3421 1243 3480 AElii
1264 3420 1316 3478 tri-
1340 3427 1356 3479 7

244 3532 316 3590 buui
337 3532 462 3589 militum
486 3532 629 3607 legionem
652 3535 784 3605 tertiam,
811 3553 876 3609 quas
898 3510 1085 3609 pabulatores
1109 3536 1137 3585 et
1156 3527 1317 3601 lignatores

317 3795 481 3847 Intermderat
493 3797 551 3857 iam,
570 3813 622 3846 cum
634 3796 711 3847 codex
723 3796 884 3846 Lawrbbam
899 3802 1004 3858 repertus
1021 3802 1061 3852 est,
1081 3795 1206 3857 quaternio
1215 3795 1317 3858 primus,

244 3885 270 3933 in
287 3902 337 3949 quo
353 3893 443 3949 prater
461 3882 514 3933 alia
531 3885 626 3948 compto
646 3893 715 3933 erant
725 3899 764 3932 res
781 3900 798 3932 a
815 3883 854 3932 Ti.
871 3879 982 3932 Graccho
998 3881 1142 3944 procoruule
1154 3881 1179 3930 in
1191 3879 1317 3944 Hispania

245 3980 332 4036 perte,
358 3969 446 4020 dende
463 3971 613 4020 narrationrb
631 3969 687 4019 belli
703 3969 808 4019 Hrhhica‘
831 3968 930 4017 initium.
983 3965 1015 4014 In
1033 3981 1085 4030 cap.
1105 3966 1209 4026 Ι-ΙΧ,
1228 3967 1317 4016 ambro

242 4067 301 4122 post
313 4055 414 4121 Grynem
433 4065 525 4105 atatem
540 4056 694 4120 quaternione
713 4055 789 4104 altero
807 4052 905 4112 codicrb,
921 4069 968 4116 pro
987 4051 1069 4101 codice
1085 4061 1120 4102 est
1136 4052 1193 4102 edis.
1206 4053 1281 4102 Fron.
1293 4052 1316 4102 1.

246 4142 307 4202 3,³
327 4143 452 4191 tuendam
470 4142 522 4203 vig.
540 4157 597 4204 nav.
622 4141 688 4191 mari
707 4143 838 4206 superiore
856 4141 996 4190 Anconam
1019 4137 1174 4191 Florabellus.
1211 4139 1237 4204 6,
1258 4145 1269 4188 l
1291 4139 1318 4188 iu

245 4227 425 4290 Histriamque
443 4241 518 4276 suum
535 4241 610 4291 pras.
632 4225 738 4277 Gronov.
775 4233 790 4276 8
809 4235 835 4275 et
870 4235 899 4274 ut
916 4226 982 4273 idem
1001 4233 1087 4288 aquat.
1107 4223 1163 4289 My.
1178 4224 1235 4274 Em.
1254 4221 1317 4276 493.

248 4319 263 4364 b
288 4315 402 4364 militum
426 4313 538 4362 adiicere
561 4311 617 4376 My.
635 4311 693 4366 En.
711 4310 770 4363 abici.
791 4310 920 4376 (Similiter
937 4311 1037 4360 coniscn
1058 4310 1156 4370 Weisa)

274 4410 351 4450 uvius
364 4419 394 4449 ax
406 4417 443 4448 rao
456 4406 566 4456 mutati.
596 4407 645 4448 vn.
1086 4405 1099 4451 1
