3475 5084
627 527 685 576 Lib.
704 527 1005 578 LXXIx-Lxxxrv.
1267 536 1302 589 59

269 724 311 773 sit
334 724 419 783 dictu,
438 734 522 771 utrum
541 723 609 772 bello
627 723 718 773 melior
741 740 775 772 an
793 741 856 788 paee
873 727 1039 789 perniciosior
1062 726 1148 786 luerit3
1173 730 1246 788 adeo,
1270 744 1345 792 quam

256 831 332 869 ,rem
354 816 486 879 publicam
506 824 618 865 armatus
636 819 757 875 servavit,
777 832 833 865 earu
851 820 934 881 primo
956 827 1058 881 togatus
1077 820 1145 867 omni
1165 836 1259 883 genere
1278 821 1346 871 frau-

268 908 326 971 dis,
348 915 481 971 postremo
500 910 577 957 armIs
597 910 724 958 hostiliter
743 912 837 957 evertit.
882 964 883 967 Ἴ

681 1069 731 1117 EX
743 1070 810 1119 LIB.
823 1070 948 1120 LXXXI.

354 1184 386 1232 L.
408 1183 480 1233 Sulla
496 1186 623 1244 Athenas,
643 1201 707 1249 quas
725 1187 880 1247 Archelaus,
898 1186 1032 1251 praefectus
1051 1188 1216 1248 Mithridatis,
1236 1204 1345 1254 occupa·

268 1281 362 1334 verat,
384 1278 613 1325 circumsedente·
627 1301 641 1325 s
664 1287 766 1328 etcum
788 1291 882 1337 magno
901 1280 989 1327 labore
1008 1294 1167 1343 expugnare;
1194 1283 1250 1330 urbi
1268 1283 1345 1331 llber-

270 1377 361 1416 tatem
381 1377 407 1417 et
424 1384 480 1432 quae
494 1371 645 1436 habuerant,
658 1371 776 1419 reddidit.
815 1372 959 1435 Magnesia,
980 1387 1035 1436 quae
1055 1373 1109 1421 sola
1129 1374 1155 1421 in
1177 1374 1238 1421 Asia
1257 1374 1345 1424 civitas

213 1521 216 1528 Ι
267 1460 299 1508 in
330 1461 387 1509 fide
416 1472 557 1521 manserat,
585 1478 685 1513 summa
710 1464 802 1512 virtute
830 1465 952 1513 adversus
972 1464 1139 1513 Mithridaten
1167 1466 1272 1515 defensa
1298 1475 1343 1517 est.

268 1552 411 1603 Praeterea
429 1556 591 1606 excursiones
610 1558 740 1606 Thracum
760 1557 787 1604 in
806 1556 988 1604 Macedoniarn
1007 1558 1126 1606 eontinet.

667 1719 717 1767 LX
734 1718 802 1768 LIB.
822 1718 958 1768 LXXXII.

349 1830 426 1882 Sulla
443 1836 529 1897 copias
547 1835 624 1897 regis,
654 1849 710 1898 quae
728 1832 882 1883 Macedonia
900 1842 1026 1897 occupata
1044 1832 1071 1879 in
1090 1831 1249 1880 Thessaliam
1269 1848 1344 1881 vene·

269 1930 350 1981 rant,
386 1925 476 1986 proelio
500 1928 574 1984 vicit,
606 1929 680 1976 caesis
698 1928 808 1976 hostium
838 1934 940 1975 centum
960 1926 1072 1974 millibus
1091 1933 1116 1972 et
1133 1926 1223 1973 'castris
1242 1942 1344 1991 qnoque

269 2018 443 2079 expugnatis.
478 2020 610 2068 Renovato
634 2020 727 2067 deinde
753 2021 831 2080 bello,
854 2022 945 2067 iterum
968 2018 1108 2067 exercitum
1133 2018 1200 2079 regis
1226 2018 1292 2067 fudit
1313 2036 1343 2069 ac

269 2108 380 2157 delevit.
419 2110 561 2162 Archelaus
587 2127 644 2160 cum
673 2112 754 2161 classe
777 2114 848 2174 regia
867 2111 946 2163 Sulla
974 2126 1001 2158 se
1026 2109 1138 2157 tradidit.
1178 2110 1205 2159 L.
1224 2112 1343 2163 Valerius

269 2199 392 2249 Flaccus
412 2218 479 2262 cos,
504 2205 605 2267 collega
625 2204 727 2263 Cinna,
753 2206 861 2264 missus,
892 2213 920 2253 ut
946 2204 1025 2253 Sullae
1053 2204 1212 2261 succederet,
1240 2213 1344 2269 propter

271 2294 415 2342 avaritiam
441 2297 536 2345 invisus
562 2298 684 2347 exercitui
710 2313 756 2347 suo
780 2313 796 2345 a
820 2298 848 2347 0.
875 2298 990 2347 Fimbria
1013 2296 1099 2357 legato
1122 2295 1216 2357 ipsius,
1246 2298 1342 2346 ultimae

270 2386 397 2433 audaciae
417 2387 535 2446 homine,
564 2390 665 2438 occisus
694 2399 732 2439 est
758 2396 783 2438 et
805 2390 942 2453 imperium
967 2390 999 2437 ad
1018 2388 1157 2437 Fimbriam
1181 2390 1340 2441 translatum.

270 2476 409 2527 Praeterea
428 2463 585 2543 expugnatae'
606 2483 632 2529 in
649 2482 715 2530 Asia
738 2484 814 2531 urbes
837 2498 853 2530 a
872 2482 1020 2530 Mithridate
1042 2488 1068 2530 et
1088 2480 1227 2531 'crudeliter
1245 2485 1343 2549 direpta

271 2572 410 2633 provincia
428 2573 633 2637 incursionesque
651 2574 782 2623 Thracum
801 2578 827 2623 in
846 2576 1025 2623 Macedoniam
1045 2573 1195 2624 reseruntur.

1151 2654 1159 2685 h

659 2735 708 2783 EX
726 2736 794 2786 LIB.
814 2734 964 2784 LXXXIII.

350 2849 458 2898 Flavius
475 2848 593 2899 Fimbria
608 2851 634 2898 in
646 2850 719 2911 Asia,
740 2852 804 2901 fusis
823 2852 913 2916 proelio
930 2852 1027 2914 aliquot
1037 2850 1161 2913 praelectis
1176 2850 1340 2913 Mithridatis,
1405 2846 1407 2851 ’

275 2942 371 2990 urbem
389 2940 543 3003 Pergamum
568 2946 643 3007 cepit,
671 2945 853 3007 obsessumque
878 2958 963 3005 regem
988 2959 1040 2992 non
1065 2944 1173 2991 multum
1193 2943 1256 2992 afuit
1281 2944 1342 3006 quin

273 3043 392 3097 caperet.
429 3034 524 3084 Urbem
543 3035 627 3093 Ilium,
652 3051 708 3100 quae
727 3053 754 3086 se
772 3037 893 3101 potestati
912 3036 990 3085 Sullae
1008 3037 1159 3095 reservabat,
1186 3038 1344 3099 expugnavit

274 3141 307 3174 ac
327 3128 426 3176 delevit
443 3136 469 3176 et
486 3124 607 3191 magnam
626 3138 723 3193 partem
738 3130 809 3178 Asiae
822 3129 926 3192 recepit.
964 3128 1037 3177 Sulla
1055 3128 1228 3190 compluribus
1247 3130 1342 3193 proeliis

276 3220 398 3269 Thracas
416 3222 517 3273 cecidit.
563 3219 645 3281 Quum
665 3223 695 3273 L.
716 3220 799 3270 Cinna
826 3230 851 3269 et
876 3222 922 3271 On.
942 3220 1060 3283 Papirius
1079 3219 1177 3279 Carbo,
1202 3238 1218 3269 a
1237 3237 1262 3270 se
1281 3223 1342 3284 ipsis

275 3314 399 3362 consules
417 3329 462 3377 per
479 3314 609 3363 biennium
630 3315 717 3373 creati,
736 3314 832 3361 bellum
853 3322 942 3360 contre
953 3312 1050 3362 Sullam
1068 3323 1246 3375 praepararent,
1267 3314 1342 3362 effee-

275 3412 332 3453 tum
360 3415 398 3455 est
422 3421 468 3469 per
485 3407 517 3458 1..
536 3408 666 3455 Valerium
685 3407 807 3455 Flaccum
832 3405 974 3469 prinoipem
996 3412 1112 3465 senatus,
1142 3407 1184 3468 qui
1202 3408 1342 3457 orationem

276 3496 304 3543 in
323 3506 416 3546 senatu
434 3500 536 3560 habuit,
566 3509 591 3549 et
608 3514 654 3563 per
672 3514 729 3559 eos,
758 3499 801 3562 qui
821 3498 966 3546 concordia
990 3497 1140 3557 studebant,
1168 3505 1197 3545 ut
1214 3498 1291 3561 legati
1310 3503 1343 3549 ad

277 3587 381 3639 Sullam
406 3566 438 3639 de
461 3608 525 3655 pace
548 3594 716 3641 mitterentur.
761 3590 844 3640 Cinna
872 3592 903 3638 ab
924 3591 1115 3646 exercitasse,
1142 3602 1216 3651 quem
1235 3589 1341 3638 invitum

278 3684 392 3745 cogebat
417 3699 496 3734 naves
525 3687 694 3735 eonscendere
717 3693 743 3732 et
765 3685 887 3731 adversus
906 3682 1003 3732 Sullam
1027 3681 1161 3745 proficisci,
1192 3681 1342 3730 interfectus

277 3785 333 3834 est;
354 3778 515 3827 consulatum
535 3778 620 3828 Carbo
640 3778 710 3825 solus
727 3778 814 3839 gessit.
854 3775 927 3825 Sulla
946 3789 1023 3836 quum
1042 3775 1068 3822 in
1086 3774 1175 3823 AsIam
1194 3775 1342 3832 traiecisset,

278 3881 369 3929 pacem
389 3884 447 3919 cum
466 3872 615 3920 Mithridate
634 3869 701 3927 fecit,
720 3871 756 3917 ita
774 3869 859 3917 uthis
878 3869 980 3916 cederet
997 3868 1142 3931 provinciis,
1161 3868 1234 3924 Asia,
1252 3867 1342 3930 Bithy-

272 3944 332 4018 nia,
353 3960 526 4025 Cappadocia.
559 3962 674 4011 Fimbria
687 3962 800 4011 desertus
813 3961 846 4009 ab
858 3962 980 4019 exercitu,
994 3962 1036 4024 qui
1047 3962 1078 4007 ad
1090 3958 1187 4011 Sullam
1200 3958 1341 4017 transierat,

280 4050 335 4113 ipse
355 4068 382 4102 se
399 4058 526 4117 percussit
540 4057 733 4120 impetravitque
752 4056 783 4102 de
802 4068 948 4113 servosne,
975 4053 1089 4117 praebens
1109 4051 1241 4110 cervicem,
1268 4058 1296 4098 ut
1314 4066 1341 4099 se

279 4142 440 4196 interficeret.

657 4217 707 4266 EX
725 4216 792 4266 LIB.
812 4216 962 4265 LXXXIV.

352 4334 424 4383 Sulla
442 4334 551 4396 legatis,
579 4333 622 4396 qui
647 4348 662 4379 a
683 4339 773 4381 senatu
791 4332 864 4379 missi
883 4337 967 4389 erant,
989 4328 1100 4377 futurum
1125 4342 1153 4377 se
1174 4329 1199 4376 in
1217 4333 1342 4392 potestate
