3475 5084
453 529 492 585 68
714 524 793 573 Liber
810 523 894 573 xnn.
933 524 980 587 (A.
1001 538 1025 571 u.
1046 538 1069 571 c.
1090 522 1163 583 588.)

410 706 551 765 Romanis
571 725 626 765 suo
649 708 766 766 nomina
787 708 899 767 auxilia
915 708 1062 784 pollicitus
1084 718 1156 778 erat,
1179 724 1286 782 exque
1299 716 1343 761 est
1363 703 1483 761 iunctus

411 811 536 869 Eumeni
567 813 735 881 adfinitate,
768 814 799 871 in
826 814 925 871 omnia
954 813 1022 872 belli
1046 813 1185 890 pacisque
1206 830 1237 869 se
1259 809 1484 869 consociaverat

372 923 390 977 5
412 915 541 973 consilia.
587 918 752 975 Antiochus
773 919 933 977 inminebat
958 919 1075 994 quidem
1088 918 1213 994 AEgypti
1236 934 1337 991 regno,
1359 926 1389 971 et
1409 932 1483 989 pue·

371 1020 507 1081 britium
529 1022 607 1097 regis
629 1032 658 1080 et
680 1023 814 1081 inertiam
844 1033 972 1082 tutorum
1001 1041 1156 1099 spernens;
1189 1032 1219 1079 et
1240 1020 1416 1095 ambigendo
1446 1019 1484 1074 da

413 1123 494 1183 Coele
514 1124 602 1201 Syria
622 1145 741 1185 canaam
760 1128 829 1186 belli
849 1148 882 1185 se
902 1128 1068 1187 habiturum
1089 1128 1294 1195 existumabat,
1314 1136 1484 1201 gesturum-

361 1294 365 1303 ·
414 1247 471 1303 que
491 1230 554 1286 sine
574 1232 635 1287 ullo
656 1233 881 1308 impedimento,
903 1234 1052 1308 occupatis
1074 1233 1216 1291 Romanis
1237 1233 1267 1289 in
1289 1228 1484 1288 Macedonico

415 1334 506 1402 bello;
539 1353 603 1409 qua
631 1336 739 1393 vellant
765 1352 863 1395 temen
891 1339 990 1395 omnia
1020 1348 1050 1395 et
1071 1356 1124 1413 per
1143 1354 1213 1395 suos
1233 1337 1347 1411 legatos
1369 1333 1484 1391 senatui

375 1448 390 1500 7
415 1450 445 1495 et
465 1439 528 1513 ipse
548 1438 652 1514 legatis
675 1458 776 1497 eornm
798 1442 883 1499 enixe
904 1443 1049 1518 pollicitus
1064 1452 1135 1501 erat.
1167 1441 1343 1500 Ptolemaeus
1363 1446 1487 1514 propter

414 1551 530 1600 atatem
552 1543 639 1600 alieni
661 1544 748 1601 etiam
773 1555 834 1603 tom
856 1548 969 1605 arbitrii
989 1558 1061 1608 eret.
1104 1548 1231 1606 Tutores
1253 1555 1282 1604 et
1301 1544 1410 1603 bellum
1433 1544 1486 1601 ad·

415 1665 516 1705 versus
538 1649 716 1705 Antiochum
740 1651 902 1724 parabant,
938 1670 997 1726 quo
1027 1653 1208 1710 vindicarent
1234 1649 1335 1709 Coelen
1357 1649 1486 1725 Syriam,

375 1752 393 1808 8
416 1763 445 1811 at
459 1753 600 1811 Romania
621 1753 720 1809 omnia
741 1754 953 1827 pollicebantur
974 1758 1012 1813 ad
1024 1757 1244 1815 Macedonicum
1267 1755 1385 1812 bellum.
1420 1754 1486 1810 Ma·

416 1858 522 1914 siniam
543 1869 572 1913 et
592 1855 738 1913 frumento
759 1858 882 1915 iuvabat
892 1861 1042 1917 Romenoe
1060 1871 1090 1918 et
1111 1862 1301 1919 auxiliacum
1323 1858 1487 1934 elephantia

377 1962 394 2015 9
417 1961 648 2035 Misagenenque
681 1961 771 2018 filium
806 1963 920 2019 mittere
950 1963 987 2019 ad
1018 1964 1124 2021 bellum
1157 1966 1291 2039 parabat.
1355 1962 1487 2021 Consilia

418 2075 514 2123 autem
546 2066 576 2122 in
609 2085 724 2127 omnem
758 2065 906 2124 fortunam
938 2067 980 2123 ita
1006 2068 1148 2142 disposita
1177 2069 1318 2126 habebat:
1350 2069 1377 2125 si
1399 2086 1487 2144 penes

417 2173 569 2228 Romanoa
593 2171 716 2229 victoria
738 2181 823 2240 esset,
855 2190 911 2229 sue
932 2190 1049 2246 quoque
1069 2171 1100 2227 in
1122 2172 1223 2229 eodem
1249 2182 1327 2229 statu
1349 2190 1489 2229 mansura
1565 2152 1566 2165 i

418 2294 496 2347 esse,
529 2295 625 2350 neque
653 2275 730 2333 ultra
757 2276 917 2351 quidquam
945 2276 1139 2346 movendum;
1170 2294 1229 2332 non
1252 2277 1327 2333 enim
1348 2294 1488 2350 passuros

360 2382 395 2435 10
418 2381 578 2452 Romanos,
601 2381 662 2439 vim
677 2380 967 2456 Carthaginiensibus
990 2379 1113 2451 adferri;
1135 2380 1161 2437 si
1180 2378 1280 2436 fracta
1300 2390 1397 2437 essem
1418 2396 1489 2453 opes

419 2486 630 2557 Romanorum,
652 2504 717 2561 quta
738 2497 799 2544 tum
820 2495 1007 2561 protegerent
1028 2483 1300 2559 Carthaginienses,
1321 2501 1406 2540 suam
1428 2502 1491 2539 um·

361 2592 393 2647 ll
421 2609 486 2647 nem
506 2590 641 2649 Africam
663 2590 735 2648 fore.
794 2589 935 2660 Gentius,
964 2609 1018 2649 rex
1038 2590 1219 2666 lllyriorum,
1251 2588 1363 2647 iecerat
1383 2588 1491 2662 potius,

421 2713 473 2752 cur
493 2705 644 2771 suspectus
666 2704 743 2753 esset
764 2696 916 2766 Romania
939 2714 1027 2770 quam
1051 2695 1123 2753 satis
1145 2702 1304 2765 statuerat,
1326 2703 1422 2749 utram
1445 2690 1490 2749 fo·

421 2809 503 2857 veret
524 2809 653 2873 purtem,
674 2801 843 2875 impetuque
864 2799 959 2874 magis
980 2818 1069 2874 quam
1096 2799 1216 2857 consilio
1240 2798 1285 2857 his
1307 2806 1359 2856 aut
1379 2795 1437 2853 illis
1461 2814 1493 2853 se

363 2906 399 2962 12
423 2903 610 2961 adiuncturus
632 2904 795 2967 videbatur.
838 2902 930 2981 Cotys
941 2906 1054 2976 Thrax,
1066 2904 1248 2981 Odrysarum
1269 2922 1332 2973 rex,
1355 2898 1418 2978 [*et
1438 2898 1492 2977 ad]

422 3008 617 3066 Macedonum
638 3010 731 3084 pertis
752 3020 824 3067 erat

343 3107 385 3176 M
510 3114 584 3171 fleo
603 3113 747 3171 sentemia
766 3116 885 3190 regibus
908 3134 974 3173 cum
997 3124 1073 3171 esset
1094 3114 1130 3171 tle
1151 3112 1237 3182 bauo,
1253 3112 1283 3169 in
1300 3110 1399 3169 liberis
1422 3130 1493 3187 gen·

366 3366 380 3393 ⁸
421 3392 446 3453 5,
464 3399 476 3442 l
496 3394 631 3444 anthiocus
675 3394 700 3452 6,
727 3399 741 3441 2
767 3401 951 3456 gesturumque
977 3388 1270 3453 innu110(Vathnid
1290 3390 1375 3450 nullo)
1422 3390 1494 3468 Sint
1566 3388 1567 3455 i

423 3498 590 3546 macedonico
617 3497 710 3546 ebello
725 3495 900 3559 qoodbellum
911 3491 1292 3560 tamenM9.Em.524(Grpn.
1305 3493 1375 3543 bello
1394 3494 1422 3543 id
1439 3495 1494 3543 bal·
1566 3504 1567 3507 ’

422 3584 491 3644 lnm;
511 3592 598 3632 tamen
610 3608 652 3633 -.
671 3581 763 3632 Vahlen
781 3582 860 3631 bello.
889 3578 967 3640 Quod
986 3582 1019 3629 ad
1032 3580 1130 3630 bellom
1148 3582 1246 3641 maren)
1266 3581 1367 3630 bexine
1378 3578 1434 3646 My.
1447 3580 1492 3630 lc.

423 3679 517 3719 etanta
538 3668 638 3735 Kreyss.
664 3667 754 3733 (Grpe.
781 3666 888 3729 eximie)
936 3666 961 3726 7,
986 3672 996 3714 l
1017 3666 1161 3730 ptolemeus
1206 3670 1221 3715 Ξ
1247 3666 1337 3717 arbitri
1363 3676 1438 3717 erent
1479 3671 1495 3716 ³

424 3756 572 3806 anthiocum
591 3752 595 3817 Ι
616 3755 707 3804 coelem
751 3753 778 3812 8,
797 3752 947 3801 teauxilia
963 3750 968 3816 Ι
983 3752 1107 3816 elepantis
1122 3755 1322 3818 misseenanque
1356 3753 1413 3813 9‚8
1433 3768 1493 3803 suas

425 3857 526 3905 quoque
553 3856 688 3890 manaurae
714 3855 741 3889 ae
768 3853 852 3902 osque
878 3837 932 3903 Mp.
961 3836 1053 3904 (Grpe.
1078 3856 1138 3889 snas
1159 3868 1190 3879 -
1209 3855 1343 3891 mansuras
1361 3840 1415 3901 res)
1453 3840 1494 3899 10,
1566 3858 1567 3867 ’

428 3934 438 3976 l
460 3926 565 3977 elireto
584 3934 670 3976 essent
714 3924 949 3987 amneginienaes
990 3924 1187 3989 11,1i11yomm
1225 3926 1317 3977 aforet
1332 3936 1432 3991 partem
1448 3929 1497 3977 im·

426 4021 564 4077 potumque
599 4013 660 4061 tiis
683 4020 728 4061 aut
745 4011 815 4061 illius
857 4009 932 4065 121
954 4012 1252 4077 cotbysstraxodysarum
1290 4012 1388 4063 Notaui
1412 4024 1436 4063 et
1458 4030 1496 4063 se·

423 4099 519 4165 peravi
544 4100 616 4147 verba
638 4106 766 4163 corrupto,
786 4107 812 4146 ut
834 4106 912 4147 cetero
930 4096 976 4162 ispi
994 4108 1105 4164 possem
1132 4098 1226 4151 videtur
1248 4098 1344 4164 aliquid
1367 4099 1494 4151 excidente.

427 4184 520 4250 (ὄψι.
540 4200 587 4234 rex
604 4185 735 4234 evidenter
753 4184 853 4233 Maced.
875 4182 975 4249 Krepas.
995 4197 1056 4244 rex,
1081 4184 1169 4237 Persei
1188 4186 1271 4252 adque
1287 4188 1390 4238 Maced.
1408 4205 1498 4253 purum

425 4270 603 4335 probabiliter.)
1400 4314 1421 4345 0
