3475 5084
463 518 500 579 18
742 516 821 569 Liber
838 515 910 566 XLI.
948 515 995 580 (A.
1005 530 1031 570 u.
1042 530 1065 570 o.
1076 517 1150 577 ⁶78.)

374 697 516 758 dmovit.
563 698 647 756 Intra
668 697 811 767 triduum,
844 716 933 772 quam
956 717 1127 774 oppugnare
1154 707 1296 773 ooeperet,
1332 706 1482 774 receptam

416 822 454 862 ex
474 801 607 860 hostibus
638 803 749 860 colonis
777 803 912 860 restituit.
959 803 1038 860 VIII
1061 802 1140 860 milia
1167 803 1206 860 ibi
1230 802 1370 876 Ligurum
1402 803 1482 860 intra

374 903 393 959 9
416 925 515 966 muros
536 925 627 975 coesa3
649 906 810 981 litteraque
831 909 956 964 Romam
979 907 1124 983 extemplo
1146 903 1274 982 scripte,
1297 908 1403 982 quibus
1423 926 1483 964 non

416 1013 504 1071 modo
525 1031 586 1068 rem
609 1021 781 1085 exponeret,
803 1011 854 1068 sed
877 1011 962 1067 etiem
983 1012 1164 1085 gloriaretur,
1187 1012 1358 1070 suavirtute
1371 1011 1483 1070 noioli-

415 1119 503 1176 nitate
530 1116 672 1172 neminem
700 1115 759 1170 iem
788 1114 829 1169 cis
857 1115 950 1190 Alpes
979 1117 1091 1174 hostem
1125 1117 1225 1192 populi
1254 1117 1381 1176 Romani
1416 1135 1482 1188 esse,

416 1221 537 1296 agrique
558 1220 737 1292 aliquantum
763 1227 896 1292 captum,
928 1220 978 1293 qui
1004 1221 1101 1279 multis
1129 1222 1244 1280 milibus
1265 1223 1415 1280 hominum
1438 1221 1482 1278 di·

415 1326 476 1384 vidi
498 1324 605 1382 viritim
628 1332 735 1398 posset.

334 1420 373 1492 17
504 1429 545 1486 Et
576 1429 624 1486 Ti.
657 1426 847 1501 Sempronius
885 1429 987 1485 eodem
1020 1438 1150 1505 tempore
1184 1431 1213 1488 in
1248 1431 1385 1490 Sardinia
1408 1430 1483 1488 mul·

414 1533 452 1591 tis
482 1533 617 1591 secundis
646 1531 757 1606 proeliis
788 1531 899 1590 Sardos
929 1533 1101 1608 perdomnit.
1159 1536 1222 1592 XV
1244 1536 1324 1593 milia
1352 1537 1483 1596 hostium

374 1640 392 1695 2
415 1647 482 1696 sunt
503 1655 588 1694 coese.
637 1635 747 1694 Omnes
768 1635 928 1694 Sardorum
953 1639 1069 1713 populi,
1092 1640 1142 1713 qui
1164 1640 1347 1708 defecerant,
1383 1638 1413 1696 in
1438 1639 1484 1696 di·

417 1743 529 1800 cionem
551 1742 672 1800 redacti.
729 1741 932 1816 stipendiariis
965 1744 1111 1801 veteribus
1138 1745 1246 1819 duplex
1277 1743 1403 1818 vectigal
1424 1744 1484 1802 im-

375 1851 392 1906 3
415 1858 547 1923 peretum
570 1857 777 1921 exactumque;
810 1846 897 1902 ceteri
920 1845 1094 1904 frumentum
1118 1848 1308 1905 contulerunt.
1367 1847 1484 1904 Pacate

414 1950 566 2026 provincie
588 1950 795 2026 opsidibusque
816 1970 854 2008 ex
877 1961 939 2008 tote
960 1952 1055 2010 insule
1068 1951 1215 2010 CCXXX
1231 1952 1368 2026 acceptis,
1390 1952 1484 2026 legati

414 2055 549 2123 Romam,
572 2056 622 2128 qui
643 2075 679 2112 ee
699 2056 881 2118 nuntiarent,
915 2057 1004 2124 missi,
1028 2058 1134 2131 quique
1156 2058 1194 2114 ab
1216 2067 1317 2113 senatu
1340 2065 1485 2131 peterent,

415 2166 447 2215 ut
468 2159 507 2214 ob
530 2176 580 2216 eas
604 2179 668 2228 res,
699 2161 787 2217 ductu
815 2162 1004 2236 auspicioque
1026 2163 1073 2221 Ti.
1096 2161 1249 2236 Semproni
1269 2180 1410 2237 prospere
1432 2181 1484 2238 ge·

414 2271 476 2320 stes
497 2263 552 2320 diis
573 2264 774 2322 inmortalibus
805 2267 899 2323 honos
931 2268 1102 2336 haberetur,
1131 2266 1244 2341 ipquue
1273 2266 1425 2324 decedenti
1447 2268 1486 2326 de

374 2374 392 2428 4
413 2368 566 2443 provincia
588 2368 745 2426 exercitum
771 2387 868 2427 secum
888 2372 1042 2446 deportare
1062 2370 1171 2427 liceret.
1211 2369 1346 2441 Senatus,
1368 2370 1397 2428 in
1421 2373 1485 2430 rede

416 2473 565 2547 Apollinis
584 2475 746 2549 legatorum
774 2476 872 2532 verbis
895 2477 1014 2546 auditis,
1036 2474 1276 2550 supplicationem
1307 2474 1337 2531 in
1359 2475 1484 2534 biduum

415 2577 543 2636 decrevit
574 2587 603 2634 et
624 2579 683 2636 XL
715 2580 874 2637 maioribus
906 2582 1008 2638 hostiis
1030 2578 1162 2638 consules
1194 2579 1358 2636 sacrificare
1382 2578 1486 2650 inssit;

414 2683 462 2740 Τί.
485 2681 688 2758 Sempronium
710 2684 912 2755 proconsulem
942 2685 1157 2757 exercitumque
1185 2702 1219 2739 eo
1245 2701 1323 2740 anno
1352 2683 1382 2740 in
1409 2703 1486 2758 pro·

373 2791 391 2846 5
414 2786 511 2843 vincia
537 2805 664 2843 manere.
721 2784 850 2843 Comitia
881 2789 985 2846 deinde
1017 2789 1143 2847 consulis
1175 2787 1259 2844 unius
1291 2789 1485 2863 subrogandi,

415 2909 477 2965 qam
496 2893 525 2947 in
551 2890 715 2947 antediem
737 2891 786 2948 III
817 2911 911 2950 nonas
932 2893 1057 2952 Sextiles
1087 2892 1181 2950 edicta
1213 2902 1310 2964 erant,
1346 2911 1381 2950 eo
1414 2894 1482 2968 ipso

374 3001 391 3057 6
414 2995 462 3053 die
482 3005 548 3052 sunt
573 2994 715 3055 confecta.
764 2995 801 3067 Q.
821 2996 943 3055 Petilius
965 2997 1066 3056 consul
1086 2998 1237 3072 collegam,
1260 2998 1309 3072 qui
1331 3000 1483 3074 extemplo

415 3100 616 3174 magistratum
639 3099 799 3174 occiperet,
822 3101 933 3156 creavit
955 3099 988 3158 O.
1012 3101 1163 3159 Valerium
1185 3102 1347 3166 Laevinum.
1400 3105 1483 3178 Ipse,

413 3202 472 3260 iam
505 3204 554 3260 diu
577 3204 699 3279 cupidus
726 3204 896 3278 provinciae,
929 3223 993 3261 cum
1027 3215 1197 3280 opportunae
1233 3207 1384 3280 cupiditati
1417 3209 1482 3268 eius

413 3307 515 3365 littere
537 3308 642 3366 adletoe
665 3316 770 3378 essent,
792 3308 915 3381 Ligures
937 3308 1103 3380 rebellasse,
1139 3310 1222 3366 nonis
1241 3307 1404 3368 Sextilibus
1425 3330 1482 3386 pe-

411 3505 552 3565 8,lante
570 3507 681 3554 triduum
700 3505 811 3554 Perizou.
833 3505 838 3566 Ι
858 3511 963 3566 recepto
1003 3491 1087 3553 2ιῦιῖ
1099 3506 1136 3554 ibi
1172 3506 1481 3568 9‚11meraequaeesic

412 3591 612 3656 ulpislbostem
632 3607 678 3654 pro
696 3593 802 3653 agrique
820 3589 889 3653 (My.
911 3603 966 3638 esse
984 3589 1045 3640 odd.
1062 3591 1119 3640 Em.
1135 3590 1214 3654 500.)
1254 3591 1342 3652 XVII,
1362 3594 1387 3652 1,
1410 3600 1420 3643 l
1445 3610 1478 3644 .e.

412 3678 572 3739 sempronius
590 3682 650 3727 tum
668 3677 782 3724 bostium
793 3675 819 3733 2,
829 3681 843 3722 2
852 3675 1013 3737 stipendiaris
1026 3677 1029 3743 Ι
1040 3677 1208 3740 lumperatum
1219 3683 1234 3726 3
1247 3679 1338 3726 ceteris
1357 3679 1381 3738 3,
1394 3687 1408 3727 2
1419 3689 1481 3730 eota

413 3767 541 3824 equoque
563 3766 622 3810 lm.
634 3762 794 3824 sempronius
804 3775 925 3823 prospero
957 3764 1107 3812 ideoedent
1135 3765 1392 3827 bseoundeeportere
1422 3764 1478 3824 4,2

412 3847 489 3896 editis
501 3845 504 3908 Ι
516 3847 711 3909 inplicationem
738 3853 754 3895 4
775 3854 802 3896 .t.
814 3849 986 3910 sempronium
1006 3847 1032 3907 5,
1055 3854 1064 3896 l
1086 3849 1242 3908 subrogandi
1261 3851 1400 3898 antediem
1415 3851 1477 3903 .ῙΙΙ.

411 3928 466 3996 Sip.
478 3930 569 3996 (Gryn.
582 3946 638 3994 quae
648 3933 728 3993 ante).
748 3930 801 3982 Sed
811 3932 960 3981 scribendum
976 3935 1068 3982 deinde
1082 3934 1181 3984 consuli
1195 3935 1370 3996 subrogando,
1382 3950 1441 3998 quar
1450 3939 1479 3988 in

411 4015 487 4079 a.d.l
518 4024 600 4065 2eret
626 4023 775 4066 3consecte
810 4018 863 4077 6‚l
885 4026 903 4068 t.
923 4020 1026 4081 petilius
1046 4020 1478 4086 imegistratunmlmmnlerinnr

409 4100 523 4150 levinum
543 4100 627 4167 Siqua.
645 4104 649 4164 Ι
665 4104 722 4152 iiset
739 4105 790 4152 iam
810 4103 854 4151 diu
874 4104 928 4169 My.
948 4105 1004 4154 Em.
1024 4104 1081 4154 502
1127 4104 1218 4169 (Gryn.
1238 4104 1330 4155 isium
1351 4108 1410 4169 diu)
1461 4115 1478 4158 4

409 4188 547 4253 paludatus
569 4187 661 4237 litteris
686 4190 780 4238 auditis
811 4206 827 4239 a
847 4192 969 4239 tumultus
1006 4190 1133 4240 Lucanum
1150 4188 1266 4239 Dukerus
1287 4191 1478 4258 animadvertit,·

409 4281 514 4324 senatus
532 4271 594 4324 odd.
612 4274 756 4340 Heusinger,
776 4275 832 4340 My.
852 4273 908 4325 Em.
927 4274 989 4324 501.
