<?xml version="1.0" encoding="UTF-8"?>
<!DOCTYPE html PUBLIC "-//W3C//DTD XHTML 1.0 Transitional//EN"
    "http://www.w3.org/TR/xhtml1/DTD/xhtml1-transitional.dtd">
<html xmlns="http://www.w3.org/1999/xhtml" xml:lang="en" lang="en">
 <head>
  <title>
</title>
<meta http-equiv="Content-Type" content="text/html;charset=utf-8" />
  <meta name='ocr-system' content='tesseract 3.04.00' />
  <meta name='ocr-capabilities' content='ocr_page ocr_carea ocr_par ocr_line ocrx_word'/>
</head>
<body>
  <div class='ocr_page' id='page_1' title='image "./titiliviihistor02ussigoog_0073.png"; bbox 0 0 3475 5084; ppageno 0'>
   <div class='ocr_carea' id='block_1_1' title="bbox 503 517 1275 600">
    <p class='ocr_par' dir='ltr' id='par_1_1' title="bbox 503 517 1275 600">
     <span class='ocr_line' id='line_1_1' title="bbox 503 517 1275 600; baseline 0.022 -20"><span class='ocrx_word' id='word_1_1' title='bbox 503 517 506 521; x_wconf 83' lang='grc'>’</span> <span class='ocrx_word' id='word_1_2' title='bbox 563 533 743 584; x_wconf 73' lang='lat' dir='ltr'><strong>nrsssxnn.</strong></span> <span class='ocrx_word' id='word_1_3' title='bbox 783 534 830 599; x_wconf 80' lang='lat' dir='ltr'><strong>(e.</strong></span> <span class='ocrx_word' id='word_1_4' title='bbox 850 532 915 586; x_wconf 69' lang='lat' dir='ltr'><strong>uns</strong></span> <span class='ocrx_word' id='word_1_5' title='bbox 934 535 1007 600; x_wconf 62' lang='lat' dir='ltr'><strong>aasz)</strong></span> <span class='ocrx_word' id='word_1_6' title='bbox 1237 541 1275 597; x_wconf 80' lang='lat'><strong>43</strong></span> 
     </span>
    </p>
   </div>
   <div class='ocr_carea' id='block_1_2' title="bbox 245 717 1410 3512">
    <p class='ocr_par' dir='ltr' id='par_1_2' title="bbox 245 717 1405 3409">
     <span class='ocr_line' id='line_1_2' title="bbox 245 717 1318 797; baseline 0.003 -20"><span class='ocrx_word' id='word_1_7' title='bbox 245 736 350 777; x_wconf 88' lang='lat' dir='ltr'><strong>menes</strong></span> <span class='ocrx_word' id='word_1_8' title='bbox 371 735 435 789; x_wconf 83' lang='lat' dir='ltr'><strong>rex,</strong></span> <span class='ocrx_word' id='word_1_9' title='bbox 461 717 701 775; x_wconf 82' lang='lat' dir='ltr'><strong>commentarium</strong></span> <span class='ocrx_word' id='word_1_10' title='bbox 722 717 819 776; x_wconf 80' lang='lat' dir='ltr'><strong>ferens</strong></span> <span class='ocrx_word' id='word_1_11' title='bbox 839 734 947 790; x_wconf 77' lang='lat' dir='ltr'><strong>secum,</strong></span> <span class='ocrx_word' id='word_1_12' title='bbox 970 719 1049 794; x_wconf 82' lang='lat' dir='ltr'><strong>qnod</strong></span> <span class='ocrx_word' id='word_1_13' title='bbox 1071 720 1108 778; x_wconf 83' lang='lat' dir='ltr'><strong>de</strong></span> <span class='ocrx_word' id='word_1_14' title='bbox 1130 721 1318 797; x_wconf 69' lang='lat' dir='ltr'><strong>apparatibus</strong></span> 
     </span>
     <span class='ocr_line' id='line_1_3' title="bbox 246 821 1360 896; baseline -0.004 -14"><span class='ocrx_word' id='word_1_15' title='bbox 246 824 320 882; x_wconf 83' lang='lat' dir='ltr'><strong>belii</strong></span> <span class='ocrx_word' id='word_1_16' title='bbox 343 823 443 880; x_wconf 85' lang='lat' dir='ltr'><strong>omnia</strong></span> <span class='ocrx_word' id='word_1_17' title='bbox 464 823 614 896; x_wconf 86' lang='lat' dir='ltr'><strong>inquirens</strong></span> <span class='ocrx_word' id='word_1_18' title='bbox 635 821 766 894; x_wconf 74' lang='lat' dir='ltr'><strong>format,</strong></span> <span class='ocrx_word' id='word_1_19' title='bbox 785 825 911 882; x_wconf 63' lang='lat' dir='ltr'><strong>mann</strong></span> <span class='ocrx_word' id='word_1_20' title='bbox 932 825 1018 884; x_wconf 76' lang='lat' dir='ltr'><strong>venit.</strong></span> <span class='ocrx_word' id='word_1_21' title='bbox 1066 826 1127 884; x_wconf 91' lang='lat' dir='ltr'><strong>Per</strong></span> <span class='ocrx_word' id='word_1_22' title='bbox 1146 825 1223 883; x_wconf 88' lang='lat' dir='ltr'><strong>idem</strong></span> <span class='ocrx_word' id='word_1_23' title='bbox 1245 835 1318 885; x_wconf 67' lang='lat' dir='ltr'><strong>tenes</strong></span> <span class='ocrx_word' id='word_1_24' title='bbox 1341 823 1360 878; x_wconf 80' lang='lat'><strong>4</strong></span> 
     </span>
     <span class='ocr_line' id='line_1_4' title="bbox 246 913 1320 1005; baseline 0.005 -22"><span class='ocrx_word' id='word_1_25' title='bbox 246 948 305 1005; x_wconf 89' lang='lat' dir='ltr'><strong>pus</strong></span> <span class='ocrx_word' id='word_1_26' title='bbox 339 929 469 1003; x_wconf 87' lang='lat' dir='ltr'><strong>quinque</strong></span> <span class='ocrx_word' id='word_1_27' title='bbox 493 927 583 1002; x_wconf 85' lang='lat' dir='ltr'><strong>legati</strong></span> <span class='ocrx_word' id='word_1_28' title='bbox 614 928 653 984; x_wconf 83' lang='lat' dir='ltr'><strong>ad</strong></span> <span class='ocrx_word' id='word_1_29' title='bbox 675 946 774 1001; x_wconf 85' lang='lat' dir='ltr'><strong>regam</strong></span> <span class='ocrx_word' id='word_1_30' title='bbox 797 929 896 1000; x_wconf 90' lang='lat' dir='ltr'><strong>missi,</strong></span> <span class='ocrx_word' id='word_1_31' title='bbox 930 930 978 1003; x_wconf 90' lang='lat' dir='ltr'><strong>qui</strong></span> <span class='ocrx_word' id='word_1_32' title='bbox 1010 947 1057 986; x_wconf 90' lang='lat' dir='ltr'><strong>res</strong></span> <span class='ocrx_word' id='word_1_33' title='bbox 1086 913 1127 986; x_wconf 38' lang='lat' dir='ltr'><strong>in&#39;</strong></span> <span class='ocrx_word' id='word_1_34' title='bbox 1146 931 1320 988; x_wconf 83' lang='lat' dir='ltr'><strong>Macedonia</strong></span> 
     </span>
     <span class='ocr_line' id='line_1_5' title="bbox 247 1031 1324 1110; baseline 0.002 -20"><span class='ocrx_word' id='word_1_35' title='bbox 247 1034 428 1110; x_wconf 80' lang='lat' dir='ltr'><strong>aspicerent·</strong></span> <span class='ocrx_word' id='word_1_36' title='bbox 478 1031 692 1103; x_wconf 73' lang='lat' dir='ltr'><strong>Alexandriam</strong></span> <span class='ocrx_word' id='word_1_37' title='bbox 727 1032 813 1090; x_wconf 87' lang='lat' dir='ltr'><strong>iidem</strong></span> <span class='ocrx_word' id='word_1_38' title='bbox 847 1034 886 1090; x_wconf 83' lang='lat' dir='ltr'><strong>ad</strong></span> <span class='ocrx_word' id='word_1_39' title='bbox 922 1034 1112 1092; x_wconf 72' lang='lat' dir='ltr'><strong>Ptolemaeum</strong></span> <span class='ocrx_word' id='word_1_40' title='bbox 1145 1036 1324 1092; x_wconf 72' lang='lat' dir='ltr'><strong>renovandae·</strong></span> 
     </span>
     <span class='ocr_line' id='line_1_6' title="bbox 247 1137 1362 1213; baseline -0.001 -16"><span class='ocrx_word' id='word_1_41' title='bbox 247 1139 386 1198; x_wconf 74' lang='lat' dir='ltr'><strong>amicitiae</strong></span> <span class='ocrx_word' id='word_1_42' title='bbox 406 1154 497 1195; x_wconf 87' lang='lat' dir='ltr'><strong>causa</strong></span> <span class='ocrx_word' id='word_1_43' title='bbox 519 1137 663 1212; x_wconf 77' lang='lat' dir='ltr'><strong>proticisci</strong></span> <span class='ocrx_word' id='word_1_44' title='bbox 682 1138 762 1194; x_wconf 89' lang='lat' dir='ltr'><strong>iussi.</strong></span> <span class='ocrx_word' id='word_1_45' title='bbox 812 1138 917 1213; x_wconf 84' lang='lat' dir='ltr'><strong>Legati</strong></span> <span class='ocrx_word' id='word_1_46' title='bbox 939 1147 1021 1195; x_wconf 86' lang='lat' dir='ltr'><strong>erant</strong></span> <span class='ocrx_word' id='word_1_47' title='bbox 1044 1138 1087 1195; x_wconf 88' lang='lat' dir='ltr'><strong>hi:</strong></span> <span class='ocrx_word' id='word_1_48' title='bbox 1117 1137 1151 1195; x_wconf 88' lang='lat' dir='ltr'><strong>C.</strong></span> <span class='ocrx_word' id='word_1_49' title='bbox 1174 1139 1320 1210; x_wconf 88' lang='lat' dir='ltr'><strong>Valerius,</strong></span> <span class='ocrx_word' id='word_1_50' title='bbox 1343 1144 1362 1196; x_wconf 78' lang='lat'>5</span> 
     </span>
     <span class='ocr_line' id='line_1_7' title="bbox 248 1239 1320 1316; baseline -0.001 -14"><span class='ocrx_word' id='word_1_51' title='bbox 248 1242 303 1302; x_wconf 76' lang='lat' dir='ltr'><strong>cn</strong></span> <span class='ocrx_word' id='word_1_52' title='bbox 327 1241 466 1300; x_wconf 84' lang='lat' dir='ltr'><strong>Lutatius·</strong></span> <span class='ocrx_word' id='word_1_53' title='bbox 484 1239 587 1313; x_wconf 86' lang='lat' dir='ltr'><strong>Cerco,</strong></span> <span class='ocrx_word' id='word_1_54' title='bbox 609 1242 646 1316; x_wconf 82' lang='lat' dir='ltr'><strong>Q.</strong></span> <span class='ocrx_word' id='word_1_55' title='bbox 657 1242 774 1299; x_wconf 73' lang='lat' dir='ltr'><strong>Baebius</strong></span> <span class='ocrx_word' id='word_1_56' title='bbox 796 1241 900 1314; x_wconf 82' lang='lat' dir='ltr'>Sulca,</span> <span class='ocrx_word' id='word_1_57' title='bbox 922 1245 962 1300; x_wconf 87' lang='grc' dir='ltr'><strong>Μ.</strong></span> <span class='ocrx_word' id='word_1_58' title='bbox 977 1242 1128 1300; x_wconf 86' lang='lat' dir='ltr'><strong>Cornelius</strong></span> <span class='ocrx_word' id='word_1_59' title='bbox 1149 1243 1320 1314; x_wconf 68' lang='lat' dir='ltr'><strong>Mammula,</strong></span> 
     </span>
     <span class='ocr_line' id='line_1_8' title="bbox 247 1347 1363 1424; baseline 0.001 -18"><span class='ocrx_word' id='word_1_60' title='bbox 247 1349 296 1406; x_wconf 84' lang='lat' dir='ltr'><strong>M.·</strong></span> <span class='ocrx_word' id='word_1_61' title='bbox 320 1347 454 1404; x_wconf 84' lang='lat' dir='ltr'><strong>Caeciiius</strong></span> <span class='ocrx_word' id='word_1_62' title='bbox 476 1347 597 1404; x_wconf 81' lang='lat' dir='ltr'><strong>Denter.</strong></span> <span class='ocrx_word' id='word_1_63' title='bbox 653 1347 750 1404; x_wconf 77' lang='lat' dir='ltr'><strong>Erat</strong></span> <span class='ocrx_word' id='word_1_64' title='bbox 772 1347 919 1405; x_wconf 78' lang='lat' dir='ltr'><strong>Antiocho</strong></span> <span class='ocrx_word' id='word_1_65' title='bbox 941 1365 1009 1422; x_wconf 90' lang='lat' dir='ltr'><strong>rege</strong></span> <span class='ocrx_word' id='word_1_66' title='bbox 1031 1347 1182 1405; x_wconf 77' lang='lat' dir='ltr'><strong>subiciam</strong></span> <span class='ocrx_word' id='word_1_67' title='bbox 1206 1356 1320 1424; x_wconf 87' lang='lat' dir='ltr'><strong>tempus</strong></span> <span class='ocrx_word' id='word_1_68' title='bbox 1343 1353 1363 1407; x_wconf 87' lang='grc'><strong>6</strong></span> 
     </span>
     <span class='ocr_line' id='line_1_9' title="bbox 246 1451 1321 1527; baseline 0.002 -19"><span class='ocrx_word' id='word_1_69' title='bbox 246 1451 342 1526; x_wconf 87' lang='lat' dir='ltr'><strong>legati</strong></span> <span class='ocrx_word' id='word_1_70' title='bbox 363 1463 520 1520; x_wconf 64' lang='lat' dir='ltr'><strong>venerum</strong></span> <span class='ocrx_word' id='word_1_71' title='bbox 543 1467 669 1525; x_wconf 88' lang='lat' dir='ltr'><strong>quorum·</strong></span> <span class='ocrx_word' id='word_1_72' title='bbox 680 1452 815 1527; x_wconf 82' lang='lat' dir='ltr'><strong>princeps</strong></span> <span class='ocrx_word' id='word_1_73' title='bbox 827 1452 1012 1526; x_wconf 80' lang='lat' dir='ltr'><strong>Apollonius,</strong></span> <span class='ocrx_word' id='word_1_74' title='bbox 1034 1452 1064 1508; x_wconf 90' lang='lat' dir='ltr'><strong>in</strong></span> <span class='ocrx_word' id='word_1_75' title='bbox 1083 1461 1214 1510; x_wconf 88' lang='lat' dir='ltr'><strong>senatum</strong></span> <span class='ocrx_word' id='word_1_76' title='bbox 1228 1453 1321 1510; x_wconf 85' lang='lat' dir='ltr'><strong>intro-</strong></span> 
     </span>
     <span class='ocr_line' id='line_1_10' title="bbox 248 1555 1361 1632; baseline 0 -18"><span class='ocrx_word' id='word_1_77' title='bbox 248 1559 377 1626; x_wconf 78' lang='lat' dir='ltr'><strong>ductus,</strong></span> <span class='ocrx_word' id='word_1_78' title='bbox 403 1555 502 1612; x_wconf 86' lang='lat' dir='ltr'><strong>multis</strong></span> <span class='ocrx_word' id='word_1_79' title='bbox 522 1555 664 1630; x_wconf 88' lang='lat' dir='ltr'><strong>iustisque</strong></span> <span class='ocrx_word' id='word_1_80' title='bbox 684 1557 781 1613; x_wconf 81' lang='lat' dir='ltr'><strong>causis</strong></span> <span class='ocrx_word' id='word_1_81' title='bbox 803 1575 901 1631; x_wconf 79' lang='lat' dir='ltr'><strong>regem</strong></span> <span class='ocrx_word' id='word_1_82' title='bbox 925 1557 1091 1626; x_wconf 84' lang='lat' dir='ltr'><strong>excusavit,</strong></span> <span class='ocrx_word' id='word_1_83' title='bbox 1114 1557 1192 1631; x_wconf 85' lang='lat' dir='ltr'><strong>qnod</strong></span> <span class='ocrx_word' id='word_1_84' title='bbox 1214 1557 1321 1632; x_wconf 88' lang='lat' dir='ltr'><strong>stipen-</strong></span> <span class='ocrx_word' id='word_1_85' title='bbox 1346 1563 1361 1615; x_wconf 82' lang='grc'><strong>7</strong></span> 
     </span>
     <span class='ocr_line' id='line_1_11' title="bbox 249 1660 1322 1736; baseline -0.002 -16"><span class='ocrx_word' id='word_1_86' title='bbox 249 1663 333 1720; x_wconf 79' lang='lat' dir='ltr'><strong>dium</strong></span> <span class='ocrx_word' id='word_1_87' title='bbox 354 1660 447 1717; x_wconf 81' lang='lat' dir='ltr'><strong>serius</strong></span> <span class='ocrx_word' id='word_1_88' title='bbox 470 1677 558 1733; x_wconf 81' lang='lat' dir='ltr'><strong>qnam</strong></span> <span class='ocrx_word' id='word_1_89' title='bbox 581 1661 619 1717; x_wconf 89' lang='lat' dir='ltr'><strong>ad</strong></span> <span class='ocrx_word' id='word_1_90' title='bbox 641 1661 716 1717; x_wconf 86' lang='lat' dir='ltr'><strong>diem</strong></span> <span class='ocrx_word' id='word_1_91' title='bbox 739 1671 900 1736; x_wconf 73' lang='lat' dir='ltr'><strong>praestaret.</strong></span> <span class='ocrx_word' id='word_1_92' title='bbox 941 1662 976 1718; x_wconf 93' lang='lat' dir='ltr'><strong>Id</strong></span> <span class='ocrx_word' id='word_1_93' title='bbox 999 1679 1030 1718; x_wconf 87' lang='lat' dir='ltr'><strong>se</strong></span> <span class='ocrx_word' id='word_1_94' title='bbox 1052 1679 1137 1718; x_wconf 90' lang='lat' dir='ltr'><strong>omne</strong></span> <span class='ocrx_word' id='word_1_95' title='bbox 1159 1661 1322 1731; x_wconf 84' lang='lat' dir='ltr'><strong>advexisse,</strong></span> 
     </span>
     <span class='ocr_line' id='line_1_12' title="bbox 250 1764 1323 1840; baseline -0.001 -17"><span class='ocrx_word' id='word_1_96' title='bbox 250 1786 290 1823; x_wconf 86' lang='lat' dir='ltr'><strong>ne</strong></span> <span class='ocrx_word' id='word_1_97' title='bbox 316 1765 399 1822; x_wconf 88' lang='lat' dir='ltr'><strong>cuius</strong></span> <span class='ocrx_word' id='word_1_98' title='bbox 426 1764 482 1822; x_wconf 88' lang='lat' dir='ltr'><strong>nisi</strong></span> <span class='ocrx_word' id='word_1_99' title='bbox 512 1765 652 1838; x_wconf 85' lang='lat' dir='ltr'><strong>temporis</strong></span> <span class='ocrx_word' id='word_1_100' title='bbox 679 1766 776 1840; x_wconf 86' lang='lat' dir='ltr'><strong>gratia</strong></span> <span class='ocrx_word' id='word_1_101' title='bbox 808 1767 871 1840; x_wconf 86' lang='lat' dir='ltr'><strong>regi</strong></span> <span class='ocrx_word' id='word_1_102' title='bbox 893 1767 982 1822; x_wconf 84' lang='lat' dir='ltr'><strong>fieret.</strong></span> <span class='ocrx_word' id='word_1_103' title='bbox 1042 1767 1160 1822; x_wconf 90' lang='lat' dir='ltr'><strong>Donum</strong></span> <span class='ocrx_word' id='word_1_104' title='bbox 1182 1774 1323 1840; x_wconf 80' lang='lat' dir='ltr'><strong>pnaeterea</strong></span> 
     </span>
     <span class='ocr_line' id='line_1_13' title="bbox 249 1869 1363 1945; baseline -0.001 -16"><span class='ocrx_word' id='word_1_105' title='bbox 249 1871 384 1940; x_wconf 75' lang='lat' dir='ltr'><strong>adferre,</strong></span> <span class='ocrx_word' id='word_1_106' title='bbox 418 1887 492 1926; x_wconf 87' lang='lat' dir='ltr'><strong>vasa</strong></span> <span class='ocrx_word' id='word_1_107' title='bbox 514 1887 604 1926; x_wconf 87' lang='lat' dir='ltr'><strong>aurea</strong></span> <span class='ocrx_word' id='word_1_108' title='bbox 632 1869 819 1945; x_wconf 76' lang='lat' dir='ltr'><strong>quingentum</strong></span> <span class='ocrx_word' id='word_1_109' title='bbox 846 1869 955 1944; x_wconf 88' lang='lat' dir='ltr'><strong>pondo.</strong></span> <span class='ocrx_word' id='word_1_110' title='bbox 1003 1872 1108 1927; x_wconf 84' lang='lat' dir='ltr'><strong>Petere</strong></span> <span class='ocrx_word' id='word_1_111' title='bbox 1134 1889 1248 1945; x_wconf 80' lang='lat' dir='ltr'><strong>regent,</strong></span> <span class='ocrx_word' id='word_1_112' title='bbox 1281 1877 1321 1941; x_wconf 80' lang='lat' dir='ltr'><strong>ui,</strong></span> <span class='ocrx_word' id='word_1_113' title='bbox 1346 1875 1363 1927; x_wconf 90' lang='lat'>8</span> 
     </span>
     <span class='ocr_line' id='line_1_14' title="bbox 251 1974 1322 2056; baseline 0.001 -25"><span class='ocrx_word' id='word_1_114' title='bbox 251 1992 406 2056; x_wconf 76' lang='lat' dir='ltr'><strong>quaecum</strong></span> <span class='ocrx_word' id='word_1_115' title='bbox 429 1981 512 2047; x_wconf 86' lang='lat' dir='ltr'><strong>putre</strong></span> <span class='ocrx_word' id='word_1_116' title='bbox 533 1992 587 2030; x_wconf 93' lang='lat' dir='ltr'><strong>suo</strong></span> <span class='ocrx_word' id='word_1_117' title='bbox 606 1975 731 2031; x_wconf 88' lang='lat' dir='ltr'><strong>societas</strong></span> <span class='ocrx_word' id='word_1_118' title='bbox 760 1975 857 2048; x_wconf 89' lang='lat' dir='ltr'><strong>adque</strong></span> <span class='ocrx_word' id='word_1_119' title='bbox 879 1975 1006 2032; x_wconf 87' lang='lat' dir='ltr'><strong>amicitia</strong></span> <span class='ocrx_word' id='word_1_120' title='bbox 1028 1974 1145 2045; x_wconf 82' lang='lat' dir='ltr'><strong>fuisset,</strong></span> <span class='ocrx_word' id='word_1_121' title='bbox 1167 1994 1203 2032; x_wconf 88' lang='lat' dir='ltr'><strong>ea</strong></span> <span class='ocrx_word' id='word_1_122' title='bbox 1225 1993 1322 2032; x_wconf 88' lang='lat' dir='ltr'><strong>secum</strong></span> 
     </span>
     <span class='ocr_line' id='line_1_15' title="bbox 250 2078 1322 2154; baseline 0 -18"><span class='ocrx_word' id='word_1_123' title='bbox 250 2087 462 2148; x_wconf 83' lang='lat' dir='ltr'><strong>renovaretur,</strong></span> <span class='ocrx_word' id='word_1_124' title='bbox 493 2078 709 2153; x_wconf 83' lang='lat' dir='ltr'><strong>imperaretque</strong></span> <span class='ocrx_word' id='word_1_125' title='bbox 733 2080 788 2136; x_wconf 91' lang='lat' dir='ltr'><strong>sibi</strong></span> <span class='ocrx_word' id='word_1_126' title='bbox 810 2080 935 2154; x_wconf 87' lang='lat' dir='ltr'><strong>populus</strong></span> <span class='ocrx_word' id='word_1_127' title='bbox 957 2081 1121 2148; x_wconf 89' lang='lat' dir='ltr'><strong>Romanus,</strong></span> <span class='ocrx_word' id='word_1_128' title='bbox 1155 2095 1219 2153; x_wconf 81' lang='lat' dir='ltr'><strong>quae</strong></span> <span class='ocrx_word' id='word_1_129' title='bbox 1245 2081 1322 2138; x_wconf 91' lang='lat' dir='ltr'><strong>bono</strong></span> 
     </span>
     <span class='ocr_line' id='line_1_16' title="bbox 251 2181 1322 2259; baseline -0.002 -17"><span class='ocrx_word' id='word_1_130' title='bbox 251 2185 390 2258; x_wconf 83' lang='lat' dir='ltr'><strong>fidelique</strong></span> <span class='ocrx_word' id='word_1_131' title='bbox 412 2181 493 2240; x_wconf 86' lang='lat' dir='ltr'><strong>socio</strong></span> <span class='ocrx_word' id='word_1_132' title='bbox 513 2183 576 2256; x_wconf 87' lang='lat' dir='ltr'><strong>regi</strong></span> <span class='ocrx_word' id='word_1_133' title='bbox 601 2194 697 2241; x_wconf 82' lang='lat' dir='ltr'><strong>essem</strong></span> <span class='ocrx_word' id='word_1_134' title='bbox 718 2185 905 2259; x_wconf 84' lang='lat' dir='ltr'><strong>imperanda3</strong></span> <span class='ocrx_word' id='word_1_135' title='bbox 928 2202 959 2241; x_wconf 91' lang='lat' dir='ltr'><strong>se</strong></span> <span class='ocrx_word' id='word_1_136' title='bbox 980 2185 1059 2242; x_wconf 81' lang='lat' dir='ltr'><strong>nullo</strong></span> <span class='ocrx_word' id='word_1_137' title='bbox 1083 2201 1203 2258; x_wconf 88' lang='lat' dir='ltr'><strong>usquam</strong></span> <span class='ocrx_word' id='word_1_138' title='bbox 1227 2203 1322 2242; x_wconf 84' lang='lat' dir='ltr'><strong>cessa-</strong></span> 
     </span>
     <span class='ocr_line' id='line_1_17' title="bbox 250 2285 1364 2358; baseline 0.002 -12"><span class='ocrx_word' id='word_1_139' title='bbox 250 2298 353 2346; x_wconf 83' lang='lat' dir='ltr'><strong>turum</strong></span> <span class='ocrx_word' id='word_1_140' title='bbox 374 2285 481 2343; x_wconf 81' lang='lat' dir='ltr'><strong>officio.</strong></span> <span class='ocrx_word' id='word_1_141' title='bbox 541 2287 587 2344; x_wconf 90' lang='lat' dir='ltr'><strong>Ea</strong></span> <span class='ocrx_word' id='word_1_142' title='bbox 610 2289 713 2345; x_wconf 87' lang='lat' dir='ltr'><strong>merita</strong></span> <span class='ocrx_word' id='word_1_143' title='bbox 734 2289 764 2345; x_wconf 91' lang='lat' dir='ltr'><strong>in</strong></span> <span class='ocrx_word' id='word_1_144' title='bbox 788 2308 817 2345; x_wconf 82' lang='lat' dir='ltr'><strong>se</strong></span> <span class='ocrx_word' id='word_1_145' title='bbox 844 2299 963 2346; x_wconf 83' lang='lat' dir='ltr'><strong>senatus</strong></span> <span class='ocrx_word' id='word_1_146' title='bbox 995 2288 1101 2358; x_wconf 87' lang='lat' dir='ltr'><strong>fuisse,</strong></span> <span class='ocrx_word' id='word_1_147' title='bbox 1134 2307 1198 2345; x_wconf 86' lang='lat' dir='ltr'><strong>cum</strong></span> <span class='ocrx_word' id='word_1_148' title='bbox 1222 2289 1323 2346; x_wconf 75' lang='lat' dir='ltr'><strong>Roma</strong></span> <span class='ocrx_word' id='word_1_149' title='bbox 1346 2293 1364 2348; x_wconf 88' lang='grc'>9</span> 
     </span>
     <span class='ocr_line' id='line_1_18' title="bbox 254 2391 1324 2467; baseline -0.001 -16"><span class='ocrx_word' id='word_1_150' title='bbox 254 2401 343 2462; x_wconf 83' lang='lat' dir='ltr'><strong>esset,</strong></span> <span class='ocrx_word' id='word_1_151' title='bbox 366 2411 431 2449; x_wconf 89' lang='lat' dir='ltr'><strong>eam</strong></span> <span class='ocrx_word' id='word_1_152' title='bbox 454 2391 620 2449; x_wconf 86' lang='lat' dir='ltr'><strong>comitatem</strong></span> <span class='ocrx_word' id='word_1_153' title='bbox 643 2393 818 2464; x_wconf 83' lang='lat' dir='ltr'><strong>inventutis,</strong></span> <span class='ocrx_word' id='word_1_154' title='bbox 839 2401 871 2449; x_wconf 86' lang='lat' dir='ltr'><strong>nt</strong></span> <span class='ocrx_word' id='word_1_155' title='bbox 892 2411 946 2466; x_wconf 83' lang='lat' dir='ltr'><strong>pro</strong></span> <span class='ocrx_word' id='word_1_156' title='bbox 967 2411 1046 2467; x_wconf 87' lang='lat' dir='ltr'><strong>rege,</strong></span> <span class='ocrx_word' id='word_1_157' title='bbox 1068 2411 1125 2448; x_wconf 89' lang='lat' dir='ltr'><strong>non</strong></span> <span class='ocrx_word' id='word_1_158' title='bbox 1148 2411 1201 2466; x_wconf 90' lang='lat' dir='ltr'><strong>pro</strong></span> <span class='ocrx_word' id='word_1_159' title='bbox 1224 2393 1324 2450; x_wconf 86' lang='lat' dir='ltr'><strong>obside</strong></span> 
     </span>
     <span class='ocr_line' id='line_1_19' title="bbox 254 2495 1386 2574; baseline -0.003 -19"><span class='ocrx_word' id='word_1_160' title='bbox 254 2497 392 2555; x_wconf 80' lang='lat' dir='ltr'><strong>omnibns</strong></span> <span class='ocrx_word' id='word_1_161' title='bbox 413 2495 566 2552; x_wconf 83' lang='lat' dir='ltr'><strong>ordinibus</strong></span> <span class='ocrx_word' id='word_1_162' title='bbox 587 2496 683 2555; x_wconf 87' lang='lat' dir='ltr'><strong>fuerit.</strong></span> <span class='ocrx_word' id='word_1_163' title='bbox 725 2498 846 2574; x_wconf 81' lang='lat' dir='ltr'><strong>Legatis</strong></span> <span class='ocrx_word' id='word_1_164' title='bbox 867 2496 991 2570; x_wconf 86' lang='lat' dir='ltr'><strong>benigne</strong></span> <span class='ocrx_word' id='word_1_165' title='bbox 1013 2514 1201 2571; x_wconf 88' lang='lat' dir='ltr'><strong>responsum,</strong></span> <span class='ocrx_word' id='word_1_166' title='bbox 1223 2507 1252 2554; x_wconf 93' lang='lat' dir='ltr'><strong>et</strong></span> <span class='ocrx_word' id='word_1_167' title='bbox 1272 2516 1322 2554; x_wconf 89' lang='lat' dir='ltr'><strong>so·</strong></span> <span class='ocrx_word' id='word_1_168' title='bbox 1351 2501 1386 2554; x_wconf 89' lang='lat'><strong>10</strong></span> 
     </span>
     <span class='ocr_line' id='line_1_20' title="bbox 254 2602 1323 2676; baseline -0.002 -15"><span class='ocrx_word' id='word_1_169' title='bbox 254 2603 393 2661; x_wconf 72' lang='lat' dir='ltr'><strong>cietutanr&#39;</strong></span> <span class='ocrx_word' id='word_1_170' title='bbox 413 2619 557 2658; x_wconf 86' lang='lat' dir='ltr'><strong>renovare</strong></span> <span class='ocrx_word' id='word_1_171' title='bbox 581 2620 648 2659; x_wconf 80' lang='lat' dir='ltr'><strong>eune·</strong></span> <span class='ocrx_word' id='word_1_172' title='bbox 669 2603 832 2673; x_wconf 84' lang='lat' dir='ltr'><strong>Antiocho,</strong></span> <span class='ocrx_word' id='word_1_173' title='bbox 857 2617 925 2676; x_wconf 73' lang='lat' dir='ltr'><strong>quse</strong></span> <span class='ocrx_word' id='word_1_174' title='bbox 944 2620 1008 2657; x_wconf 88' lang='lat' dir='ltr'><strong>cum</strong></span> <span class='ocrx_word' id='word_1_175' title='bbox 1031 2611 1114 2675; x_wconf 85' lang='lat' dir='ltr'><strong>patre</strong></span> <span class='ocrx_word' id='word_1_176' title='bbox 1136 2602 1198 2658; x_wconf 88' lang='lat' dir='ltr'><strong>eius</strong></span> <span class='ocrx_word' id='word_1_177' title='bbox 1218 2602 1323 2673; x_wconf 83' lang='lat' dir='ltr'><strong>fuerat,</strong></span> 
     </span>
     <span class='ocr_line' id='line_1_21' title="bbox 254 2705 1385 2783; baseline -0.002 -17"><span class='ocrx_word' id='word_1_178' title='bbox 254 2711 295 2766; x_wconf 84' lang='lat' dir='ltr'><strong>A.</strong></span> <span class='ocrx_word' id='word_1_179' title='bbox 319 2707 429 2764; x_wconf 84' lang='lat' dir='ltr'><strong>Atilius</strong></span> <span class='ocrx_word' id='word_1_180' title='bbox 450 2717 558 2780; x_wconf 79' lang='lat' dir='ltr'><strong>praetor</strong></span> <span class='ocrx_word' id='word_1_181' title='bbox 580 2709 708 2765; x_wconf 85' lang='lat' dir='ltr'><strong>urbanu&#39;s</strong></span> <span class='ocrx_word' id='word_1_182' title='bbox 729 2707 836 2763; x_wconf 72' lang='lat' dir='ltr'><strong>iussus·</strong></span> <span class='ocrx_word' id='word_1_183' title='bbox 889 2705 1054 2779; x_wconf 84' lang='lat' dir='ltr'><strong>Quaestores</strong></span> <span class='ocrx_word' id='word_1_184' title='bbox 1084 2707 1188 2764; x_wconf 82' lang='lat' dir='ltr'><strong>urbani</strong></span> <span class='ocrx_word' id='word_1_185' title='bbox 1216 2707 1323 2783; x_wconf 86' lang='lat' dir='ltr'><strong>stipen·</strong></span> <span class='ocrx_word' id='word_1_186' title='bbox 1351 2707 1385 2759; x_wconf 84' lang='grc' dir='ltr'><strong>ΙῘ</strong></span> 
     </span>
     <span class='ocr_line' id='line_1_22' title="bbox 254 2795 1405 2892; baseline 0.002 -24"><span class='ocrx_word' id='word_1_187' title='bbox 254 2811 347 2879; x_wconf 81' lang='lat' dir='ltr'><strong>dium,</strong></span> <span class='ocrx_word' id='word_1_188' title='bbox 368 2827 443 2866; x_wconf 81' lang='lat' dir='ltr'><strong>vasa</strong></span> <span class='ocrx_word' id='word_1_189' title='bbox 464 2829 553 2892; x_wconf 82' lang='lat' dir='ltr'><strong>aurea</strong></span> <span class='ocrx_word' id='word_1_190' title='bbox 575 2830 709 2869; x_wconf 84' lang='lat' dir='ltr'><strong>censores</strong></span> <span class='ocrx_word' id='word_1_191' title='bbox 731 2821 913 2884; x_wconf 84' lang='lat' dir='ltr'><strong>acceperunt,</strong></span> <span class='ocrx_word' id='word_1_192' title='bbox 936 2811 1034 2884; x_wconf 88' lang='lat' dir='ltr'><strong>eisque</strong></span> <span class='ocrx_word' id='word_1_193' title='bbox 1055 2813 1201 2886; x_wconf 86' lang='lat' dir='ltr'><strong>negotium</strong></span> <span class='ocrx_word' id='word_1_194' title='bbox 1225 2814 1323 2870; x_wconf 79' lang='lat' dir='ltr'><strong>datum</strong></span> <span class='ocrx_word' id='word_1_195' title='bbox 1386 2795 1405 2824; x_wconf 66' lang='lat'>⁸</span> 
     </span>
     <span class='ocr_line' id='line_1_23' title="bbox 254 2893 1325 2992; baseline 0.003 -20"><span class='ocrx_word' id='word_1_196' title='bbox 254 2925 320 2984; x_wconf 87' lang='lat' dir='ltr'><strong>est,</strong></span> <span class='ocrx_word' id='word_1_197' title='bbox 354 2924 386 2970; x_wconf 92' lang='lat' dir='ltr'><strong>nt</strong></span> <span class='ocrx_word' id='word_1_198' title='bbox 407 2924 549 2988; x_wconf 88' lang='lat' dir='ltr'><strong>ponerent</strong></span> <span class='ocrx_word' id='word_1_199' title='bbox 571 2933 622 2985; x_wconf 86' lang='lat' dir='ltr'><strong>ea,</strong></span> <span class='ocrx_word' id='word_1_200' title='bbox 654 2916 683 2970; x_wconf 92' lang='lat' dir='ltr'><strong>iu</strong></span> <span class='ocrx_word' id='word_1_201' title='bbox 712 2915 817 2989; x_wconf 89' lang='lat' dir='ltr'><strong>quibus</strong></span> <span class='ocrx_word' id='word_1_202' title='bbox 837 2915 952 2990; x_wconf 87' lang='lat' dir='ltr'><strong>templis</strong></span> <span class='ocrx_word' id='word_1_203' title='bbox 980 2893 1137 2986; x_wconf 76' lang='lat' dir='ltr'><strong>videretur3</strong></span> <span class='ocrx_word' id='word_1_204' title='bbox 1170 2917 1325 2992; x_wconf 87' lang='lat' dir='ltr'><strong>legatoque</strong></span> 
     </span>
     <span class='ocr_line' id='line_1_24' title="bbox 255 3018 1324 3096; baseline 0.003 -19"><span class='ocrx_word' id='word_1_205' title='bbox 255 3029 372 3078; x_wconf 90' lang='lat' dir='ltr'><strong>centnm</strong></span> <span class='ocrx_word' id='word_1_206' title='bbox 396 3018 517 3074; x_wconf 85' lang='lat' dir='ltr'><strong>millium</strong></span> <span class='ocrx_word' id='word_1_207' title='bbox 538 3019 603 3075; x_wconf 78' lang='lat' dir='ltr'><strong>aeris</strong></span> <span class='ocrx_word' id='word_1_208' title='bbox 626 3037 729 3076; x_wconf 90' lang='lat' dir='ltr'><strong>munus</strong></span> <span class='ocrx_word' id='word_1_209' title='bbox 760 3020 880 3076; x_wconf 88' lang='lat' dir='ltr'><strong>missum</strong></span> <span class='ocrx_word' id='word_1_210' title='bbox 913 3029 942 3076; x_wconf 88' lang='lat' dir='ltr'><strong>et</strong></span> <span class='ocrx_word' id='word_1_211' title='bbox 968 3021 1045 3076; x_wconf 78' lang='lat' dir='ltr'><strong>tedes</strong></span> <span class='ocrx_word' id='word_1_212' title='bbox 1071 3021 1168 3079; x_wconf 81' lang='lat' dir='ltr'><strong>liberae</strong></span> <span class='ocrx_word' id='word_1_213' title='bbox 1198 3023 1324 3096; x_wconf 88' lang='lat' dir='ltr'><strong>hospitio</strong></span> 
     </span>
     <span class='ocr_line' id='line_1_25' title="bbox 254 3123 1390 3198; baseline -0.004 -16"><span class='ocrx_word' id='word_1_214' title='bbox 254 3125 343 3194; x_wconf 75' lang='lat' dir='ltr'><strong>datae,</strong></span> <span class='ocrx_word' id='word_1_215' title='bbox 365 3132 555 3198; x_wconf 83' lang='lat' dir='ltr'><strong>sumptusque</strong></span> <span class='ocrx_word' id='word_1_216' title='bbox 577 3124 719 3193; x_wconf 86' lang='lat' dir='ltr'><strong>decretus,</strong></span> <span class='ocrx_word' id='word_1_217' title='bbox 741 3124 834 3181; x_wconf 90' lang='lat' dir='ltr'><strong>donec</strong></span> <span class='ocrx_word' id='word_1_218' title='bbox 853 3125 883 3180; x_wconf 89' lang='lat' dir='ltr'><strong>in</strong></span> <span class='ocrx_word' id='word_1_219' title='bbox 908 3123 994 3180; x_wconf 86' lang='lat' dir='ltr'><strong>Italia</strong></span> <span class='ocrx_word' id='word_1_220' title='bbox 1016 3133 1100 3180; x_wconf 86' lang='lat' dir='ltr'><strong>esset.</strong></span> <span class='ocrx_word' id='word_1_221' title='bbox 1138 3125 1251 3198; x_wconf 85' lang='lat' dir='ltr'><strong>Legati,</strong></span> <span class='ocrx_word' id='word_1_222' title='bbox 1273 3125 1323 3198; x_wconf 92' lang='lat' dir='ltr'><strong>qui</strong></span> <span class='ocrx_word' id='word_1_223' title='bbox 1350 3123 1390 3178; x_wconf 74' lang='lat'><strong>12:</strong></span> 
     </span>
     <span class='ocr_line' id='line_1_26' title="bbox 255 3227 1326 3305; baseline 0 -19"><span class='ocrx_word' id='word_1_224' title='bbox 255 3230 289 3286; x_wconf 83' lang='lat' dir='ltr'><strong>iu</strong></span> <span class='ocrx_word' id='word_1_225' title='bbox 309 3229 397 3305; x_wconf 81' lang='lat' dir='ltr'><strong>Syria</strong></span> <span class='ocrx_word' id='word_1_226' title='bbox 417 3227 543 3297; x_wconf 76' lang='lat' dir='ltr'><strong>fuerant,</strong></span> <span class='ocrx_word' id='word_1_227' title='bbox 564 3229 810 3298; x_wconf 85' lang='lat' dir='ltr'><strong>renuntiaveram,</strong></span> <span class='ocrx_word' id='word_1_228' title='bbox 832 3229 861 3286; x_wconf 90' lang='lat' dir='ltr'><strong>in</strong></span> <span class='ocrx_word' id='word_1_229' title='bbox 885 3230 1014 3286; x_wconf 89' lang='lat' dir='ltr'><strong>maximo</strong></span> <span class='ocrx_word' id='word_1_230' title='bbox 1035 3247 1100 3285; x_wconf 88' lang='lat' dir='ltr'><strong>eum</strong></span> <span class='ocrx_word' id='word_1_231' title='bbox 1121 3230 1232 3286; x_wconf 85' lang='lat' dir='ltr'><strong>honore</strong></span> <span class='ocrx_word' id='word_1_232' title='bbox 1255 3239 1326 3304; x_wconf 87' lang='lat' dir='ltr'><strong>aput</strong></span> 
     </span>
     <span class='ocr_line' id='line_1_27' title="bbox 256 3332 1028 3409; baseline 0.001 -18"><span class='ocrx_word' id='word_1_233' title='bbox 256 3348 357 3409; x_wconf 80' lang='lat' dir='ltr'><strong>regern</strong></span> <span class='ocrx_word' id='word_1_234' title='bbox 382 3350 445 3389; x_wconf 86' lang='lat' dir='ltr'><strong>esse</strong></span> <span class='ocrx_word' id='word_1_235' title='bbox 467 3332 731 3408; x_wconf 75' lang='lat' dir='ltr'><strong>amicissimumque</strong></span> <span class='ocrx_word' id='word_1_236' title='bbox 752 3332 862 3409; x_wconf 90' lang='lat' dir='ltr'><strong>populo</strong></span> <span class='ocrx_word' id='word_1_237' title='bbox 883 3335 1028 3392; x_wconf 87' lang='lat' dir='ltr'><strong>Romano.</strong></span> 
     </span>
    </p>

    <p class='ocr_par' dir='ltr' id='par_1_3' title="bbox 341 3436 1410 3512">
     <span class='ocr_line' id='line_1_28' title="bbox 341 3436 1410 3512; baseline -0.002 -17"><span class='ocrx_word' id='word_1_238' title='bbox 341 3439 378 3495; x_wconf 93' lang='lat' dir='ltr'><strong>In</strong></span> <span class='ocrx_word' id='word_1_239' title='bbox 400 3437 556 3512; x_wconf 86' lang='lat' dir='ltr'><strong>provinciis</strong></span> <span class='ocrx_word' id='word_1_240' title='bbox 583 3458 619 3496; x_wconf 85' lang='lat' dir='ltr'><strong>eo</strong></span> <span class='ocrx_word' id='word_1_241' title='bbox 641 3457 717 3495; x_wconf 90' lang='lat' dir='ltr'><strong>anno</strong></span> <span class='ocrx_word' id='word_1_242' title='bbox 738 3439 800 3496; x_wconf 79' lang='lat' dir='ltr'><strong>haec</strong></span> <span class='ocrx_word' id='word_1_243' title='bbox 821 3448 895 3497; x_wconf 79' lang='lat' dir='ltr'><strong>ueta.</strong></span> <span class='ocrx_word' id='word_1_244' title='bbox 940 3437 973 3496; x_wconf 79' lang='grc' dir='ltr'><strong>Ο.</strong></span> <span class='ocrx_word' id='word_1_245' title='bbox 997 3436 1143 3496; x_wconf 83' lang='lat' dir='ltr'><strong>Cicereius</strong></span> <span class='ocrx_word' id='word_1_246' title='bbox 1164 3446 1272 3512; x_wconf 79' lang='lat' dir='ltr'><strong>praetor</strong></span> <span class='ocrx_word' id='word_1_247' title='bbox 1292 3437 1322 3494; x_wconf 87' lang='lat' dir='ltr'><strong>in</strong></span> <span class='ocrx_word' id='word_1_248' title='bbox 1408 3448 1410 3452; x_wconf 87' lang='grc'><strong>’</strong></span> 
     </span>
    </p>
   </div>
   <div class='ocr_carea' id='block_1_3' title="bbox 257 3541 1327 3623">
    <p class='ocr_par' dir='ltr' id='par_1_4' title="bbox 257 3541 1327 3623">
     <span class='ocr_line' id='line_1_29' title="bbox 257 3541 1327 3623; baseline -0.004 -22"><span class='ocrx_word' id='word_1_249' title='bbox 257 3541 382 3601; x_wconf 82' lang='lat' dir='ltr'><strong>Corsica</strong></span> <span class='ocrx_word' id='word_1_250' title='bbox 409 3541 500 3615; x_wconf 82' lang='lat' dir='ltr'><strong>siguis</strong></span> <span class='ocrx_word' id='word_1_251' title='bbox 526 3543 650 3600; x_wconf 88' lang='lat' dir='ltr'><strong>conlatis</strong></span> <span class='ocrx_word' id='word_1_252' title='bbox 678 3543 834 3618; x_wconf 74' lang='lat' dir='ltr'><strong>pugnavit3</strong></span> <span class='ocrx_word' id='word_1_253' title='bbox 865 3543 927 3600; x_wconf 91' lang='lat' dir='ltr'><strong>VII</strong></span> <span class='ocrx_word' id='word_1_254' title='bbox 950 3543 1029 3601; x_wconf 88' lang='lat' dir='ltr'><strong>milia</strong></span> <span class='ocrx_word' id='word_1_255' title='bbox 1056 3542 1213 3601; x_wconf 82' lang='lat' dir='ltr'><strong>Corsorum</strong></span> <span class='ocrx_word' id='word_1_256' title='bbox 1241 3559 1327 3623; x_wconf 76' lang='lat' dir='ltr'><strong>caesa,</strong></span> 
     </span>
    </p>
   </div>
   <div class='ocr_carea' id='block_1_4' title="bbox 256 3795 1328 4206">
    <p class='ocr_par' dir='ltr' id='par_1_5' title="bbox 256 3795 1328 4206">
     <span class='ocr_line' id='line_1_30' title="bbox 257 3795 1326 3862; baseline -0.005 -14"><span class='ocrx_word' id='word_1_257' title='bbox 257 3806 273 3848; x_wconf 80' lang='lat'>2</span> <span class='ocrx_word' id='word_1_258' title='bbox 293 3799 498 3849; x_wconf 82' lang='lat' dir='ltr'><strong>conmentarium</strong></span> <span class='ocrx_word' id='word_1_259' title='bbox 513 3795 518 3862; x_wconf 88' lang='grc' dir='ltr'>Ι</span> <span class='ocrx_word' id='word_1_260' title='bbox 535 3798 618 3860; x_wconf 85' lang='lat' dir='ltr'><strong>quode</strong></span> <span class='ocrx_word' id='word_1_261' title='bbox 637 3800 824 3862; x_wconf 83' lang='lat' dir='ltr'><strong>apparitoribus</strong></span> <span class='ocrx_word' id='word_1_262' title='bbox 851 3798 877 3857; x_wconf 85' lang='lat'><strong>4,</strong></span> <span class='ocrx_word' id='word_1_263' title='bbox 900 3805 914 3846; x_wconf 79' lang='lat'><strong>2</strong></span> <span class='ocrx_word' id='word_1_264' title='bbox 935 3799 966 3846; x_wconf 88' lang='lat' dir='ltr'><strong>ab</strong></span> <span class='ocrx_word' id='word_1_265' title='bbox 986 3813 1073 3860; x_wconf 83' lang='lat' dir='ltr'><strong>regem</strong></span> <span class='ocrx_word' id='word_1_266' title='bbox 1104 3804 1119 3848; x_wconf 85' lang='lat'><strong>3</strong></span> <span class='ocrx_word' id='word_1_267' title='bbox 1138 3798 1206 3846; x_wconf 88' lang='lat' dir='ltr'><strong>idam</strong></span> <span class='ocrx_word' id='word_1_268' title='bbox 1223 3797 1226 3859; x_wconf 92' lang='grc' dir='ltr'>Ι</span> <span class='ocrx_word' id='word_1_269' title='bbox 1242 3795 1326 3860; x_wconf 87' lang='lat' dir='ltr'><strong>ptole-</strong></span> 
     </span>
     <span class='ocr_line' id='line_1_31' title="bbox 257 3869 1323 3947; baseline -0.004 -13"><span class='ocrx_word' id='word_1_270' title='bbox 257 3901 343 3934; x_wconf 87' lang='lat' dir='ltr'><strong>meum</strong></span> <span class='ocrx_word' id='word_1_271' title='bbox 379 3873 405 3942; x_wconf 85' lang='lat'><strong>5,</strong></span> <span class='ocrx_word' id='word_1_272' title='bbox 426 3890 437 3932; x_wconf 91' lang='lat' dir='ltr'>l</span> <span class='ocrx_word' id='word_1_273' title='bbox 458 3885 496 3932; x_wconf 91' lang='lat' dir='ltr'><strong>hii</strong></span> <span class='ocrx_word' id='word_1_274' title='bbox 532 3881 651 3947; x_wconf 67' lang='lat' dir='ltr'><strong>tsiqon.</strong></span> <span class='ocrx_word' id='word_1_275' title='bbox 674 3884 702 3935; x_wconf 82' lang='lat' dir='ltr'><strong>C.</strong></span> <span class='ocrx_word' id='word_1_276' title='bbox 719 3882 850 3947; x_wconf 75' lang='lat' dir='ltr'><strong>Lutatius!</strong></span> <span class='ocrx_word' id='word_1_277' title='bbox 864 3898 990 3947; x_wconf 87' lang='lat' dir='ltr'><strong>cereoque</strong></span> <span class='ocrx_word' id='word_1_278' title='bbox 1010 3883 1099 3934; x_wconf 88' lang='lat' dir='ltr'><strong>bebius</strong></span> <span class='ocrx_word' id='word_1_279' title='bbox 1115 3885 1119 3946; x_wconf 80' lang='grc' dir='ltr'>Ι</span> <span class='ocrx_word' id='word_1_280' title='bbox 1135 3898 1236 3933; x_wconf 87' lang='lat' dir='ltr'><strong>marcus</strong></span> <span class='ocrx_word' id='word_1_281' title='bbox 1271 3869 1323 3942; x_wconf 55' lang='lat' dir='ltr'><strong>6ss</strong></span> 
     </span>
     <span class='ocr_line' id='line_1_32' title="bbox 257 3967 1326 4034; baseline -0.007 -12"><span class='ocrx_word' id='word_1_282' title='bbox 257 3979 283 4022; x_wconf 89' lang='lat' dir='ltr'><strong>et</strong></span> <span class='ocrx_word' id='word_1_283' title='bbox 299 3971 423 4020; x_wconf 79' lang='lat' dir='ltr'><strong>anthioco</strong></span> <span class='ocrx_word' id='word_1_284' title='bbox 453 3971 670 4034; x_wconf 86' lang='lat' dir='ltr'><strong>3excnsabitqno</strong></span> <span class='ocrx_word' id='word_1_285' title='bbox 687 3971 839 4034; x_wconf 83' lang='lat' dir='ltr'><strong>stipendium</strong></span> <span class='ocrx_word' id='word_1_286' title='bbox 864 3970 890 4030; x_wconf 83' lang='lat'><strong>7,</strong></span> <span class='ocrx_word' id='word_1_287' title='bbox 911 3975 926 4018; x_wconf 84' lang='lat'><strong>2</strong></span> <span class='ocrx_word' id='word_1_288' title='bbox 943 3971 1027 4032; x_wconf 88' lang='lat' dir='ltr'><strong>quoad</strong></span> <span class='ocrx_word' id='word_1_289' title='bbox 1047 3970 1113 4019; x_wconf 88' lang='lat' dir='ltr'><strong>diem</strong></span> <span class='ocrx_word' id='word_1_290' title='bbox 1124 3968 1240 4018; x_wconf 80' lang='lat' dir='ltr'><strong>Dukeras</strong></span> <span class='ocrx_word' id='word_1_291' title='bbox 1253 3967 1256 4034; x_wconf 84' lang='grc' dir='ltr'>Ι</span> <span class='ocrx_word' id='word_1_292' title='bbox 1267 3975 1326 4029; x_wconf 73' lang='lat' dir='ltr'><strong>pra-</strong></span> 
     </span>
     <span class='ocr_line' id='line_1_33' title="bbox 257 4046 1328 4118; baseline -0.002 -12"><span class='ocrx_word' id='word_1_293' title='bbox 257 4063 325 4106; x_wconf 83' lang='lat' dir='ltr'><strong>taret</strong></span> <span class='ocrx_word' id='word_1_294' title='bbox 366 4055 483 4105; x_wconf 76' lang='lat' dir='ltr'><strong>tuferre</strong></span> <span class='ocrx_word' id='word_1_295' title='bbox 519 4056 544 4116; x_wconf 89' lang='lat'><strong>9,</strong></span> <span class='ocrx_word' id='word_1_296' title='bbox 566 4061 576 4105; x_wconf 98' lang='lat' dir='ltr'>l</span> <span class='ocrx_word' id='word_1_297' title='bbox 598 4046 624 4103; x_wconf 90' lang='lat' dir='ltr'><strong>in</strong></span> <span class='ocrx_word' id='word_1_298' title='bbox 642 4065 746 4106; x_wconf 89' lang='lat' dir='ltr'><strong>senatus</strong></span> <span class='ocrx_word' id='word_1_299' title='bbox 782 4056 824 4117; x_wconf 92' lang='lat'><strong>10,</strong></span> <span class='ocrx_word' id='word_1_300' title='bbox 847 4064 862 4106; x_wconf 81' lang='lat'>2</span> <span class='ocrx_word' id='word_1_301' title='bbox 882 4058 984 4106; x_wconf 86' lang='lat' dir='ltr'><strong>antioco</strong></span> <span class='ocrx_word' id='word_1_302' title='bbox 1020 4056 1109 4105; x_wconf 71' lang='lat' dir='ltr'><strong>turb.</strong></span> <span class='ocrx_word' id='word_1_303' title='bbox 1126 4055 1222 4118; x_wconf 83' lang='lat' dir='ltr'><strong>(Etiam</strong></span> <span class='ocrx_word' id='word_1_304' title='bbox 1235 4050 1328 4118; x_wconf 75' lang='lat' dir='ltr'><strong>Grya)</strong></span> 
     </span>
     <span class='ocr_line' id='line_1_34' title="bbox 256 4129 1328 4206; baseline -0.01 -10"><span class='ocrx_word' id='word_1_305' title='bbox 256 4132 300 4203; x_wconf 79' lang='grc' dir='ltr'><strong>ῙῘ,</strong></span> <span class='ocrx_word' id='word_1_306' title='bbox 321 4148 336 4191; x_wconf 82' lang='lat'>2</span> <span class='ocrx_word' id='word_1_307' title='bbox 357 4142 432 4205; x_wconf 84' lang='lat' dir='ltr'><strong>eique</strong></span> <span class='ocrx_word' id='word_1_308' title='bbox 466 4131 682 4206; x_wconf 68' lang='lat' dir='ltr'><strong>uuiffereiurqus</strong></span> <span class='ocrx_word' id='word_1_309' title='bbox 699 4142 787 4205; x_wconf 85' lang='lat' dir='ltr'><strong>legato</strong></span> <span class='ocrx_word' id='word_1_310' title='bbox 806 4142 875 4194; x_wconf 71' lang='lat' dir='ltr'><strong>Fon.</strong></span> <span class='ocrx_word' id='word_1_311' title='bbox 896 4131 969 4205; x_wconf 80' lang='lat' dir='ltr'><strong>eique</strong></span> <span class='ocrx_word' id='word_1_312' title='bbox 988 4141 1076 4202; x_wconf 86' lang='lat' dir='ltr'><strong>legato</strong></span> <span class='ocrx_word' id='word_1_313' title='bbox 1099 4129 1212 4189; x_wconf 78' lang='lat' dir='ltr'><strong>tliiere</strong></span> <span class='ocrx_word' id='word_1_314' title='bbox 1250 4139 1328 4186; x_wconf 57' lang='lat' dir='ltr'><strong>tesi</strong></span> 
     </span>
    </p>
   </div>
   <div class='ocr_carea' id='block_1_5' title="bbox 257 4223 1327 4292">
    <p class='ocr_par' dir='ltr' id='par_1_6' title="bbox 257 4223 1327 4292">
     <span class='ocr_line' id='line_1_35' title="bbox 257 4223 1327 4292; baseline -0.003 -13"><span class='ocrx_word' id='word_1_315' title='bbox 257 4233 315 4279; x_wconf 69' lang='lat' dir='ltr'><strong>sent</strong></span> <span class='ocrx_word' id='word_1_316' title='bbox 339 4230 472 4292; x_wconf 80' lang='lat' dir='ltr'><strong>legatique</strong></span> <span class='ocrx_word' id='word_1_317' title='bbox 494 4230 522 4278; x_wconf 86' lang='lat' dir='ltr'><strong>in</strong></span> <span class='ocrx_word' id='word_1_318' title='bbox 560 4227 603 4289; x_wconf 78' lang='lat'><strong>12,</strong></span> <span class='ocrx_word' id='word_1_319' title='bbox 623 4227 640 4277; x_wconf 74' lang='lat'><strong>2&#39;</strong></span> <span class='ocrx_word' id='word_1_320' title='bbox 661 4230 873 4278; x_wconf 84' lang='lat' dir='ltr'><strong>renuntiauerant</strong></span> <span class='ocrx_word' id='word_1_321' title='bbox 910 4225 977 4278; x_wconf 82' lang='lat' dir='ltr'><strong>Orev.</strong></span> <span class='ocrx_word' id='word_1_322' title='bbox 1004 4225 1072 4291; x_wconf 78' lang='lat' dir='ltr'><strong>(Eas.</strong></span> <span class='ocrx_word' id='word_1_323' title='bbox 1098 4224 1176 4287; x_wconf 75' lang='lat'><strong><em>509.)</em></strong></span> <span class='ocrx_word' id='word_1_324' title='bbox 1193 4226 1197 4286; x_wconf 85' lang='grc' dir='ltr'>Ι</span> <span class='ocrx_word' id='word_1_325' title='bbox 1213 4223 1327 4276; x_wconf 61' lang='lat' dir='ltr'><strong>nt&#39;tssxintd</strong></span> 
     </span>
    </p>
   </div>
   <div class='ocr_carea' id='block_1_6' title="bbox 256 4305 1237 4397">
    <p class='ocr_par' dir='ltr' id='par_1_7' title="bbox 256 4305 1237 4397">
     <span class='ocr_line' id='line_1_36' title="bbox 256 4305 1237 4397; baseline -0.01 -12"><span class='ocrx_word' id='word_1_326' title='bbox 256 4320 318 4394; x_wconf 70' lang='lat' dir='ltr'><strong>VH,</strong></span> <span class='ocrx_word' id='word_1_327' title='bbox 345 4332 369 4393; x_wconf 87' lang='lat'><strong>1,</strong></span> <span class='ocrx_word' id='word_1_328' title='bbox 394 4327 405 4382; x_wconf 78' lang='lat' dir='ltr'><strong>i</strong></span> <span class='ocrx_word' id='word_1_329' title='bbox 425 4333 485 4382; x_wconf 74' lang='lat' dir='ltr'><strong>haec&#39;</strong></span> <span class='ocrx_word' id='word_1_330' title='bbox 498 4346 521 4381; x_wconf 89' lang='lat' dir='ltr'><strong>c.</strong></span> <span class='ocrx_word' id='word_1_331' title='bbox 541 4332 641 4380; x_wconf 81' lang='lat' dir='ltr'><strong>aercius</strong></span> <span class='ocrx_word' id='word_1_332' title='bbox 664 4330 756 4397; x_wconf 78' lang='lat' dir='ltr'><strong>(Gryn.</strong></span> <span class='ocrx_word' id='word_1_333' title='bbox 779 4329 925 4395; x_wconf 66' lang='lat' dir='ltr'><strong>Cicereius)</strong></span> <span class='ocrx_word' id='word_1_334' title='bbox 941 4327 1040 4395; x_wconf 75' lang='lat' dir='ltr'><strong>Kreyss.</strong></span> <span class='ocrx_word' id='word_1_335' title='bbox 1058 4315 1067 4391; x_wconf 74' lang='lat'><strong>1¹</strong></span> <span class='ocrx_word' id='word_1_336' title='bbox 1078 4329 1106 4376; x_wconf 84' lang='lat' dir='ltr'><strong>iu</strong></span> <span class='ocrx_word' id='word_1_337' title='bbox 1125 4305 1237 4377; x_wconf 74' lang='lat' dir='ltr'><strong>scorsioa</strong></span> 
     </span>
    </p>
   </div>
   <div class='ocr_carea' id='block_1_7' title="bbox 0 0 1754 5084">
    <p class='ocr_par' dir='ltr' id='par_1_8' title="bbox 0 0 1754 5084">
     <span class='ocr_line' id='line_1_37' title="bbox 0 0 1754 5084; baseline 0 0"><span class='ocrx_word' id='word_1_338' title='bbox 0 0 1754 5084; x_wconf 95' lang='lat' dir='ltr'><strong> </strong></span> 
     </span>
    </p>
   </div>
  </div>
 </body>
</html>
