3475 5084
549 506 628 555 Liber
644 505 729 555 XLII.
766 506 810 567 (Δ.
830 504 891 559 cnr.
913 506 984 570 1⁷1.)
1205 508 1261 563 105

242 668 324 761 super
353 687 461 745 laeuum
489 706 578 750 eornu
607 689 705 746 locati.
763 691 910 748 Eumenes
940 710 994 749 rex
1026 674 1203 763 Attalu'sque
1229 706 1303 747 ‘oum

241 793 314 849 omni
345 812 437 851 manu
469 812 523 851 sua
551 796 589 852 ab
617 804 699 870 tergo
725 796 801 854 inter
821 809 1000 872 postremam
1023 797 1114 854 aciem
1138 796 1302 853 novellum

240 908 385 959 steterunt.

315 1006 354 1061 Iu
376 1006 455 1061 huno
466 1004 582 1061 modum
592 1006 723 1063 >maxime
743 1007 891 1064 instructae
912 1008 997 1078 acies,
1018 1026 1073 1082 par
1091 1007 1181 1064 ferme
1203 1007 1303 1064 utrim-
1346 989 1387 1059 59

240 1129 290 1184 que
310 1129 452 1167 numerus
475 1110 602 1184 equitum
625 1130 660 1167 ao
680 1112 752 1169 levis
774 1120 946 1183 armature,
979 1119 1168 1181 concurrunt,
1198 1111 1304 1169 nfun-

237 1216 377 1272 ditoribus
419 1216 703 1290 iaculatoribusque,
740 1216 790 1290 qui
822 1227 1045 1293 precesserant,
1080 1218 1183 1301 proelio
1228 1225 1301 1275 orto.

236 1321 325 1377 Primi
348 1321 481 1377 omnium
503 1321 654 1391 Thraces,
686 1322 765 1378 haud
794 1341 878 1381 secus
907 1343 994 1398 quam
1024 1324 1073 1381 diu
1103 1324 1236 1381 claustris
1257 1317 1302 1381 r'e-
1326 1312 1343 1366 2

237 1434 317 1481 tentae
339 1424 431 1494 ferae,
462 1426 504 1483 itu
537 1428 674 1484 concitati
706 1446 770 1485 oum
807 1428 917 1504 ingenti
949 1430 1076 1485 elamore
1108 1428 1137 1484 in
1170 1429 1302 1485 dextrum

236 1547 340 1600 cornu,
376 1532 498 1589 Italicos
520 1533 648 1607 equites,
682 1533 881 1615 incurrerunt,
915 1545 946 1591 ut
972 1552 1025 1591 usu
1049 1532 1115 1590 belli
1138 1542 1167 1589 et
1187 1532 1302 1607 ingenio

236 1635 377 1709 inpavida
399 1656 472 1712 gens
490 1639 656 1694 turbaretur
671 1681 822 1696 ........
845 1640 950 1713 gladiis
974 1642 1074 1696 hastas
1103 1639 1213 1714 pedites
1326 1626 1342 1681 3

237 1779 255 1797 .·
255 1784 345 1799 .....
359 1762 472 1817 neque,
497 1762 573 1799 nune
594 1742 742 1801 succidam
763 1763 848 1801 crura
870 1747 955 1819 equis,
978 1763 1053 1801 nuno
1074 1743 1125 1800 ilia
1149 1741 1302 1800 suffodere.

235 1848 376 1917 Perseus,
411 1849 441 1905 in
469 1849 593 1904 mediam
615 1849 746 1905 invectus
768 1849 876 1921 aciem,
912 1850 1033 1908 Graeoos
1066 1850 1160 1924 primo
1191 1840 1342 1923 'impetet

238 1954 350 2013 avertit.
395 1953 508 2026 Quibus
531 1972 594 2011 eum
620 1954 719 2027 gravis
741 1954 779 2011 ub
802 1964 883 2029 tergo
907 1956 1028 2012 instaret
1049 1956 1150 2025 hostis,
1175 1955 1302 2011 Thessa·

235 2057 325 2113 lorum
351 2059 517 2133 equitatus,
550 2061 600 2133 qui
625 2078 645 2114 a
666 2061 732 2115 loevo
764 2077 853 2116 cornu
881 2061 962 2118 brevi
986 2061 1084 2136 spatio
1109 2060 1251 2139 diiunctus
1273 2058 1303 2115 in

237 2164 374 2221 subsidiis
396 2164 492 2221 fuerat
520 2175 604 2220 extra
627 2182 813 2234 concursum,
835 2166 929 2240 primo
952 2174 1098 2240 spectator
1129 2164 1303 2233 certaminis,

237 2269 349 2341 deinde,
373 2270 513 2329 inclinata
534 2290 582 2341 re,
605 2289 743 2326 maxumo
766 2271 830 2327 usui
851 2271 915 2328 fuit.
975 2270 1118 2329 Cedentes
1140 2271 1215 2327 enim
1237 2289 1301 2326 sen·
1326 2263 1344 2314 5

239 2375 287 2431 sim
311 2377 435 2451 integris
458 2375 616 2446 ordinibus,
638 2388 794 2450 postquam
817 2376 998 2433 seEnmenis
1023 2377 1137 2433 auxiliis
1162 2376 1302 2432 adiunxe-

236 2490 307 2549 runt,
331 2492 363 2537 et
384 2500 449 2537 eum
473 2500 508 2537 eo
529 2467 720 2538 tutuminter
741 2470 858 2538 ordines
876 2500 944 2537 suos
956 2494 1102 2556 receptum
1124 2481 1210 2537 sociis
1232 2478 1303 2554 fuga
1370 2512 1371 2515 ¹

237 2582 384 2659 dissipatis
406 2586 517 2643 debant
538 2596 575 2656 et,
597 2606 661 2644 oum
683 2586 778 2644 minus
802 2586 924 2644 conferti
945 2589 1043 2643 hostes
1064 2588 1212 2655 instarent,
1235 2604 1302 2659 pro-

238 2692 314 2763 gredi
345 2692 435 2748 etiam
469 2694 532 2750 ausi
561 2693 667 2749 multos
688 2693 859 2767 fugientium
883 2693 986 2749 obvios
1009 2700 1192 2767 exceperunt.
1239 2682 1344 2749 Neu6
1380 2746 1385 2751 .

238 2796 317 2869 regii,
340 2796 437 2870 sparsi
459 2799 517 2854 iam
540 2798 595 2873 ipsi
617 2799 725 2873 passim
751 2799 909 2872 sequendo,
932 2816 996 2854 oum
1012 2798 1152 2855 ordinatis
1174 2804 1203 2853 et
1223 2805 1302 2853 oerto

239 2902 404 2959 sedentibus
436 2904 529 2977 gradu
562 2922 664 2960 manus
706 2922 858 2960 conserere
890 2904 1045 2964 audebant.
1103 2902 1177 2961 Cum
1210 2903 1304 2960 vietor
1327 2894 1343 2946 7

240 3140 253 3181 2
280 3152 389 3185 cornum
415 3136 421 3200 Ι
445 3137 559 3185 eumenis
609 3134 679 3195 LIX,
699 3134 723 3193 1,
745 3140 756 3183 1
777 3149 836 3198 pars
854 3133 933 3183 forme
957 3178 959 3181 .
979 3141 993 3183 2
1013 3136 1085 3183 laeuis
1132 3141 1303 3197 upraeoesse·

239 3231 294 3272 mut
318 3223 377 3287 Mq.
395 3223 450 3272 Em.
469 3222 524 3272 543
568 3222 989 3284 2,1traeesutseeusquiuam
1017 3222 1060 3269 diu
1108 3220 1195 3269 aiere
1213 3218 1301 3283 (Grya

239 3308 273 3357 ita
300 3311 393 3371 ommim
423 3309 525 3374 Kreyss.
544 3311 597 3369 ira;
625 3309 675 3357 sine
694 3324 784 3369 cousa3
809 3310 845 3356 ita
871 3309 991 3357 concitati
1018 3336 1047 3344 -
1069 3306 1108 3370 ut)
1157 3314 1172 3356 3
1199 3321 1303 3355 cornum

241 3390 245 3455 Ι
268 3405 293 3445 et
318 3412 368 3445 usu
415 3393 441 3455 3,
467 3402 477 3444 l
505 3377 651 3445 turbaretur
685 3395 752 3444 Dein
778 3396 875 3443 obscure
898 3394 982 3458 leuiter
1004 3396 1055 3454 ita3
1087 3392 1172 3443 deinde
1202 3391 1304 3457 quinqua

240 3478 319 3531 littere
338 3480 449 3531 evonidoe
467 3492 511 3531 aut
527 3499 603 3530 erusoe
622 3480 670 3547 legi
686 3491 814 3545 nequedum
840 3491 888 3530 tum
913 3481 996 3543 gladis
1023 3481 1076 3545 (eqo
1101 3497 1128 3528 ne
1148 3481 1191 3543 glo
1209 3479 1304 3543 quidem

242 3566 313 3633 ieqere
337 3570 420 3633 potui)
450 3570 537 3619 hastas
567 3570 664 3632 pedites
689 3569 741 3630 (tic
768 3567 851 3617 desum
877 3567 959 3618 litterae
988 3567 1080 3616 circiter
1109 3566 1200 3629 decem)
1228 3582 1304 3631 mque

240 3672 249 3718 i
265 3689 333 3721 nuno
352 3673 482 3721 succidere
501 3687 574 3721 arura
591 3671 677 3734 (valde
696 3674 797 3721 obscura
815 3672 865 3721 hoec
883 3688 945 3730 oou3
967 3669 1117 3745 tumuerunt
1135 3671 1218 3721 litterae
1236 3670 1304 3736 quin-

242 3774 282 3821 que
300 3768 344 3808 out
361 3760 487 3823 quattuor)
505 3760 527 3808 is
546 3775 614 3807 nuno
633 3758 722 3824 (θήγῃ.
742 3762 894 3809 turbaretur.
915 3759 1007 3821 gladiis
1025 3759 1113 3807 hastas
1128 3765 1215 3821 petere
1234 3756 1305 3821 pedi·

241 3851 290 3906 tos,
315 3862 385 3893 nuno
398 3846 444 3893 'bis
467 3846 533 3894 breui
548 3847 628 3909 spatio
645 3863 730 3895 vocuo.
778 3846 865 3895 Primo
884 3845 934 3894 doeo
944 3847 1002 3910 fere
1018 3846 1134 3909 fuerunt:
1160 3860 1227 3894 nuno
1249 3845 1304 3905 gla-

242 3931 286 3980 diis
305 3934 395 3981 bastas
413 3933 506 3995 peditis
525 3941 610 3997 petere
619 3934 761 3996 ipsumque,
780 3948 848 3981 nuno
861 3931 913 3992 -.)
948 3930 973 3990 4,
990 3937 1000 3979 l
1016 3933 1042 3979 in
1055 3933 1164 3979 mediam
1183 3933 1305 3980 obscurum

244 4018 335 4068 21nter
354 4020 448 4081 quibus
468 4028 492 4067 et
509 4034 566 4067 oum
585 4028 632 4068 tres
650 4030 693 4068 out
710 4028 824 4083 quattuor
842 4019 925 4067 litteroe
943 4016 991 4082 legi
1001 4019 1135 4081 nequeunt!
1152 4018 1303 4067 tessalorum

243 4107 367 4167 equitatus
385 4121 401 4168 q
420 4105 444 4166 (i
464 4104 549 4154 desum
561 4114 646 4169 septem
664 4105 702 4155 vel
719 4115 770 4155 octo
789 4105 883 4166 littere)
903 4120 981 4153 cornu
1011 4105 1207 4153 bmaxumusui
1243 4102 1303 4161 5‚5

244 4193 312 4241 etium
332 4192 400 4241 autsi
416 4192 513 4241 multos
547 4192 572 4251 6,
593 4198 608 4240 2
628 4194 682 4255 regi
723 4180 924 4241 scendeutibus
962 4190 1016 4254 My.
1036 4190 1092 4239 Em.
1113 4188 1166 4239 543
1212 4186 1305 4252 (Gryu,

243 4277 425 4328 incedentibus.
457 4259 558 4326 'Vatbn
573 4280 686 4343 affirmat
706 4279 731 4328 iu
750 4276 832 4327 codice
849 4294 899 4327 esse
915 4276 1131 4339 incendentibus.)
1162 4346 1175 4357 κ
