3475 5084
499 474 558 531 258
760 470 839 519 moa
854 470 939 519 xnv.
992 469 1037 530 (A.
1057 482 1082 517 u.
1103 484 1125 517 e.
1146 470 1219 533 aas.)

455 656 522 713 dam
545 654 688 725 adessent,
708 654 903 715 intellecturos
925 663 1056 731 potentes
1078 656 1167 722 viros,
1189 672 1248 711 non
1270 652 1368 711 omnia
1385 651 1413 707 iu
1426 652 1499 709 ducis.

416 760 567 836 deliquid
588 772 616 819 et
639 761 668 817 in
691 760 811 818 militum
836 780 923 819 manu
946 780 1018 819 esso.
1060 761 1116 819 His
1132 760 1253 817 vocibus
1268 757 1387 827 incitati,
1402 768 1498 831 postem

455 867 502 925 dis
524 865 627 923 milites
648 876 731 923 tanta
751 865 915 941 frequentia
937 865 1112 943 Capitolium
1135 866 1352 941 conpleverunt,
1373 871 1403 919 ut
1423 862 1501 918 aditus

417 976 433 1032 'l
456 971 526 1029 nolli
555 983 696 1047 praeterea
720 972 757 1029 ad
786 970 956 1047 suffragium
984 970 1133 1028 ferendum
1162 982 1246 1029 esset.
1298 970 1380 1027 lntro
1409 978 1501 1024 vocata

454 1076 554 1153 primas
576 1077 667 1133 tribus
688 1095 754 1134 eum
778 1077 981 1151 antiquorem,
1009 1093 1167 1134 concussus
1193 1076 1222 1131 in
1244 1072 1420 1149 Capitolium
1440 1072 1502 1147 pn'n·

456 1182 550 1257 cipum
573 1180 699 1238 civitatis
720 1181 814 1240 faetus
836 1195 889 1250 est,
911 1182 1059 1257 indignum
1082 1181 1195 1239 facinus
1217 1198 1282 1237 esse
1302 1177 1502 1243 clamitantium,

415 1286 432 1341 8
455 1289 490 1345 L.
513 1287 648 1357 Paulum,
669 1286 743 1344 tanti
762 1288 993 1358 belliviotorem,
1014 1287 1171 1364 despoliari
1188 1285 1345 1358 triumpho.
1369 1282 1502 1343 Obnotios

455 1392 646 1467 imperatores
667 1392 744 1449 tradi
765 1393 888 1449 licentiae
914 1392 1009 1468 adque
1032 1393 1163 1450 avaritia
1189 1389 1316 1447 militati.
1361 1389 1425 1446 Iam
1445 1403 1504 1443 nunt

382 1498 408 1515 ‘'
453 1497 540 1555 nimis
564 1516 641 1572 saepe
670 1516 723 1573 per
750 1498 937 1557 ambitionem
967 1499 1095 1575 peecari3
1128 1497 1213 1572 quid,
1240 1496 1264 1553 si
1287 1494 1399 1551 domini
1420 1493 1504 1549 militat

454 1602 678 1677 imperatoribus
698 1602 907 1677 imponantur?
931 1605 966 1661 In
988 1604 1116 1664 Galbam
1139 1623 1193 1679 pro
1215 1621 1247 1659 se
1269 1601 1395 1675 quisque
1416 1600 1505 1675 probra

413 1707 593 1783 lingonens.
628 1708 772 1778 Tandem,
794 1710 851 1765 boe
873 1710 996 1767 tumultu
1015 1711 1128 1778 sedato,
1151 1711 1193 1771 Μ.
1210 1708 1363 1777 Servilius,
1386 1706 1433 1780 qui
1452 1723 1505 1761 oon·

454 1813 500 1871 sul
520 1824 549 1871 et
570 1813 709 1889 magister
729 1815 858 1888 equitum
880 1815 985 1885 fuerat,
1007 1825 1038 1872 ut
1058 1816 1094 1871 de
1109 1814 1222 1889 integro
1239 1831 1304 1870 eam
1322 1831 1383 1869 ram
1398 1822 1506 1889 agerent,

455 1920 493 1977 ab
515 1919 636 1976 tribunis
658 1929 766 1994 petere,
787 1920 960 1994 dicendique
980 1918 1036 1977 sibi
1057 1919 1096 1975 ad
1119 1918 1258 1994 populum
1281 1928 1455 1993 potestatam
1474 1914 1506 1973 lt·
1544 1964 1545 1969 ,

394 2018 432 2074 ¹0
454 2031 559 2081 carent.
603 2022 736 2093 Tribuni,
758 2042 823 2081 eum
846 2025 884 2081 ad
907 2024 1123 2082 deliberandum
1146 2024 1343 2092 secessissent,
1366 2023 1434 2079 vieti
1455 2038 1506 2079 uuo·

453 2127 617 2186 toritatibus
639 2128 810 2205 principum,
832 2130 870 2186 de
891 2130 1004 2206 integro
1027 2148 1115 2205 agere
1137 2139 1297 2205 ooeperunt,
1318 2138 1506 2185 revocaturos·

454 2252 511 2307 qus
537 2252 569 2290 se
596 2234 712 2291 easdem
742 2235 835 2292 tribus
865 2236 1103 2312 pronuntiarunt,
1133 2236 1158 2293 si
1186 2237 1228 2298 M.
1251 2232 1397 2293 Servilius
1421 2233 1506 2307 aliique

453 2338 569 2415 privati,
591 2338 639 2412 qui
662 2338 758 2397 dicare
778 2340 894 2411 vallent,
916 2342 1065 2402 dixissent.

370 2430 411 2501 87
541 2442 609 2499 Tum
640 2442 792 2502 Seruilius:
830 2446 982 2518 „Quantus
1005 2446 1164 2521 imperator
1196 2436 1230 2505 L'.
1253 2444 1399 2503 AEmilius
1431 2442 1506 2509 luent,

453 2548 590 2621 Quirites,
611 2548 637 2604 si
658 2568 695 2606 ex
716 2550 775 2607 alia
796 2569 828 2607 ro
849 2551 930 2608 nulla
950 2551 1086 2608 aestimari
1107 2560 1215 2625 posset,
1227 2550 1274 2606 vel
1291 2550 1350 2607 hoe
1367 2550 1440 2608 satis
1452 2558 1507 2617 erat,

452 2655 546 2729 quod,
567 2672 632 2710 eum
655 2664 715 2711 tam
738 2656 892 2713 seditiosos
914 2668 943 2714 et
964 2656 1043 2713 leves
1065 2656 1186 2724 militas,
1213 2666 1272 2712 tam
1295 2657 1444 2728 nobilem,
1462 2668 1508 2713 tan

301 2742 314 2769 '
452 2758 646 2825 temeratium,
668 2770 728 2816 tam
752 2762 934 2836 eloquentem
957 2761 995 2818 ad
1017 2761 1210 2836 instigandam
1234 2761 1449 2819 multitudinem
1468 2758 1508 2817 ini·

452 2863 556 2921 micum
579 2863 609 2920 in
630 2866 732 2921 eastris
753 2868 884 2937 haberet,
907 2866 1014 2923 nullam
1037 2867 1067 2923 in
1081 2867 1208 2925 exercitu
1222 2866 1399 2924 seditionem
1414 2864 1506 2925 habult

410 2969 429 3026 2
452 2969 563 3027 Eadem
585 2970 725 3029 severitas
746 2971 877 3048 imperii,
907 2992 994 3047 quam
1017 2991 1094 3029 niano
1116 2971 1248 3040 oderunt,
1271 2981 1332 3027 tum
1357 2991 1411 3030 eos
1432 2970 1507 3031 eonti-
1546 2976 1547 3021 l

411 3074 522 3131 dnuit.
565 3075 671 3149 Itaque
693 3077 813 3153 antiqua
839 3078 992 3154 disciplina
1022 3076 1114 3135 habiti
1144 3077 1324 3152 quieverunt.
1372 3078 1437 3139 Ser.
1459 3076 1507 3153 qui·
1546 3056 1547 3085 ³

452 3180 517 3237 dem
539 3179 654 3250 Galba,
683 3181 708 3238 si
736 3182 766 3240 in
793 3184 828 3241 L.
852 3183 946 3241 Paulo
976 3181 1132 3241 accusandi
1161 3181 1323 3239 tiroeinium
1356 3202 1466 3259 ponere
1487 3188 1507 3237 et
1546 3196 1547 3265 j

451 3285 654 3342 documentum
679 3286 851 3360 eloquentia
873 3289 944 3347 dare
971 3289 1077 3358 voluit,
1106 3307 1163 3344 non
1186 3287 1365 3361 ttiumphum
1396 3287 1507 3365 inpedita
1546 3274 1547 3345 i

451 3390 559 3460 debuit,
591 3409 686 3464 quem,
716 3390 741 3448 si
762 3392 832 3449 nihil
854 3393 942 3463 aliud,
976 3404 1093 3451 senatus
1114 3392 1221 3450 iustum
1244 3410 1308 3450 esse
1329 3392 1507 3459 iudicaverat,

1546 3358 1547 3395 t

1546 3400 1547 3445 l

1545 3450 1547 3503 l

450 3638 620 3700 5,2poteutis
647 3638 841 3704 7,4dispollari
858 3640 933 3691 Gron.
950 3644 955 3703 1
971 3642 1114 3706 tn'umphos
1141 3642 1332 3699 8,lobnoxlns
1352 3640 1507 3691 zmilitarlin

450 3745 501 3778 uno
520 3730 596 3779 nimis
614 3745 641 3779 ae
658 3747 705 3796 per
727 3732 802 3783 Grau.
815 3732 904 3796 (stupe)
915 3731 1070 3783 atIoeobsiua
1080 3733 1141 3793 (iam
1154 3732 1242 3793 nuno).
1271 3731 1357 3783 Potest
1365 3736 1438 3784 dium
1440 3733 1508 3799 sutae

450 3836 517 3885 sape
526 3822 666 3871 ambitione
685 3818 773 3884 (Gvyn.
784 3820 810 3868 in
821 3833 872 3867 uuo
883 3804 956 3868 ulmis
966 3833 993 3868 ss
1003 3834 1048 3882 por
1058 3818 1222 3869 ambitionem
1233 3820 1354 3882 paoeara)
1391 3822 1417 3877 9,
1429 3827 1444 3870 2
1461 3832 1507 3867 ean

450 3917 538 3971 ageret
568 3908 609 3964 10,
631 3914 646 3956 2
667 3913 755 3970 ageret
785 3912 841 3955 tae
860 3908 948 3954 audem
966 3908 970 3969 Ι
986 3908 1165 3955 renuntiarunt
1181 3905 1276 3955 Duker.
1298 3906 1370 3967 (Eoi.
1394 3907 1447 3957 617
1463 3898 1507 3967 all

450 3994 645 4059 aliqoaprloati
681 3992 1081 4051 tatXXXVII,1‚tdlxissant
1099 3994 1289 4055 quantus‘imp.
1310 3993 1367 4057 (sic)
1399 4000 1415 4043 2
1441 3992 1507 4057 possit

450 4078 506 4145 My.
553 4086 567 4130 5
596 4082 691 4129 habero
709 4079 781 4128 nulla
800 4079 825 4126 in
872 4079 897 4139 2,
925 4085 936 4128 l
964 4082 1071 4128 aderunt
1089 4088 1118 4127 nt
1136 4078 1225 4144 (Gryu.
1246 4080 1321 4140 tuno)
1340 4094 1387 4130 eoa
1431 4080 1505 4129 alu·

448 4168 503 4217 bita
520 4181 603 4229 neque
621 4166 736 4215 lecerunt
754 4165 809 4228 My.
828 4164 885 4215 Em.
907 4164 960 4215 617
996 4167 1089 4229 (habiti
1111 4165 1185 4231 Grpn.
1212 4176 1273 4215 tune
1291 4165 1446 4228 quieveruut
1467 4166 1506 4215 aba

449 4254 552 4312 Robora,
568 4254 685 4317 probante
706 4251 792 4315 Groa.)
829 4252 887 4312 3,1
910 4254 1009 4302 serulus
1041 4253 1221 4303 taccusaudo
1240 4251 1296 4317 My.
1315 4252 1373 4303 Em.
1397 4253 1449 4305 618
