3475 5084
504 470 541 525 42
926 464 1059 513 Periocha

461 662 581 713 Cornelio
600 663 708 724 Nasica,
727 664 824 727 placuit
841 664 942 725 legatos
962 662 1026 709 mitti
1046 659 1237 721 Carthaginem,
1257 660 1300 722 qui
1320 660 1490 723 specularentur,

460 755 521 819 quid
540 765 665 816 ageretur.
703 755 835 818 Castigato
857 764 947 805 senatu
966 752 1223 817 Carthaginiensium,
1243 752 1312 815 quod
1330 761 1413 801 contra
1427 750 1492 799 foedua

460 858 489 898 et
504 849 644 896 exercitum
663 860 688 897 et
711 849 814 897 navales
833 850 952 897 materias
976 847 1112 904 haberent,
1136 859 1226 910 pacem
1245 845 1370 893 intereos
1393 856 1417 893 et
1432 845 1492 892 Masi·

459 941 553 989 nissam
578 939 664 990 iacere
689 942 835 1000 voluerunt,
863 941 1004 989 Masinissa
1022 953 1097 1001 agro,
1125 939 1156 987 de
1179 953 1230 1001 quo
1255 938 1286 985 lis
1307 946 1373 999 erat,
1398 938 1494 995 cedente3

460 1034 504 1081 sed
523 1032 605 1096 Gisgo
624 1034 777 1083 Hamilcaris
795 1032 877 1090 filius,
904 1034 982 1081 homo
1003 1033 1149 1090 seditiosus,
1182 1032 1225 1093 qui
1251 1038 1305 1079 tum
1324 1031 1350 1079 in
1369 1030 1496 1091 magistratu

459 1134 527 1187 erat,
560 1142 638 1190 quum
664 1135 767 1175 senatus
785 1126 926 1188 pariturum
952 1140 979 1175 aa
1005 1126 1100 1175 iudicio
1118 1124 1210 1185 legatis
1229 1124 1350 1185 dixisset,
1380 1124 1413 1170 ita
1427 1120 1497 1184 piebem

461 1220 600 1268 concitavit
618 1219 712 1267 bellurn
731 1218 853 1266 adversus
873 1217 1004 1265 Romanos
1022 1217 1166 1274 suadendo,
1186 1223 1214 1264 ut
1234 1217 1348 1277 legatos,
1370 1230 1417 1277 quo
1434 1216 1499 1263 minus

459 1311 628 1371 violarentur,
660 1310 723 1373 fuga
748 1310 905 1374 explicuerit.
952 1308 981 1356 Id
1008 1309 1154 1357 nuntiantes
1180 1307 1302 1357 infestum
1328 1310 1381 1357 iam
1404 1314 1498 1357 senatun

460 1402 715 1465 Carthaginiensibus
734 1402 890 1452 infestiorem
910 1401 1043 1451 lecerunt..
1070 1402 1106 1451 Μ.
1126 1402 1231 1450 Porcius
1252 1399 1318 1449 Cato
1338 1400 1413 1449 funus
1430 1401 1467 1448 filii
1481 1400 1499 1446 iu

459 1506 570 1560 praetura
591 1499 684 1545 mortui
708 1498 872 1554 tenuissimo,
902 1504 928 1541 ut
952 1496 1035 1557 potuit
1058 1495 1132 1556 (nam
1152 1503 1177 1541 et
1194 1508 1291 1557 pauper
1309 1494 1394 1555 erat),
1420 1502 1500 1555 sumptu

458 1589 525 1639 fecit.
563 1590 718 1648 Andriscus,
750 1592 792 1652 qui
819 1603 845 1637 se
870 1587 957 1636 Persei
985 1585 1077 1643 filium,
1106 1586 1172 1647 regis
1200 1587 1329 1649 quondam
1355 1585 1502 1641 Macedonia,

460 1682 558 1744 ingenti
577 1683 765 1731 asseveratione
784 1681 940 1736 mentiretur,
961 1680 1068 1727 Romam
1088 1678 1185 1727 missus.
1216 1678 1253 1727 M.
1264 1678 1388 1727 AEmilins
1402 1678 1502 1739 Lepidus,

459 1774 526 1839 [qui]
538 1775 655 1838 princeps
668 1784 771 1823 senatus
782 1774 860 1823 sextis
872 1775 922 1821 iam
937 1771 1084 1841 censoribus
1102 1772 1192 1828 lectus,
1211 1781 1353 1833 antequam
1373 1774 1503 1835 exspiraret,

457 1868 579 1929 praecepit
596 1867 664 1925 filiis,
683 1868 750 1916 lecto
766 1883 793 1915 se
809 1876 888 1915 strato
907 1866 991 1914 liuteis
1010 1865 1064 1912 sine
1082 1877 1194 1927 purpura
1210 1861 1338 1922 efferrent,
1359 1865 1386 1913 in
1399 1865 1505 1927 reliquum

458 1958 535 2007 sunus
549 1973 580 2005 na
593 1958 735 2022 plusquam
749 1960 805 2008 aris
814 1959 838 2007 D
850 1964 1040 2008 consumerent:
1052 1956 1191 2017 imaginum
1206 1957 1299 2020 specie,
1314 1972 1371 2005 non
1381 1958 1506 2021 sumptibus

458 2050 589 2098 nobilitari
613 2065 762 2113 magnorum
784 2054 894 2100 virorum
919 2050 1009 2098 funera
1033 2050 1121 2098 solere.
1158 2049 1199 2097 De
1225 2050 1356 2098 veneficiis
1381 2050 1505 2113 quesitum.

399 2131 403 2147 ⁴
458 2143 569 2192 Publilia
589 2153 614 2192 et
632 2144 743 2203 Licinia,
765 2143 865 2191 nobiles
883 2141 998 2199 leminea,
1018 2156 1072 2205 quae
1087 2143 1153 2190 viros
1172 2158 1230 2191 suos
1250 2142 1403 2191 consulares
1421 2157 1507 2191 necasse

457 2235 677 2296 insimulabantur,
696 2237 799 2297 cognita
817 2250 903 2292 causa,
924 2248 1001 2296 quum
1020 2235 1121 2297 praetori
1141 2234 1264 2299 [prades]
1286 2238 1366 2285 vades
1386 2236 1507 2289 dedissent,

459 2337 625 2391 cognatorum
644 2331 747 2378 decreto
772 2339 868 2377 necata
895 2336 960 2376 sunt.
1000 2326 1113 2377 Gulussa
1132 2327 1274 2377 Masinissae
1299 2328 1371 2377 filius
1392 2329 1509 2388 nuntiavit,

459 2420 616 2484 Carthagine
639 2422 748 2470 dilectus
771 2422 826 2482 agi,
860 2420 968 2469 classem
999 2420 1140 2483 comparari
1167 2428 1192 2469 et
1219 2421 1287 2473 haud
1320 2422 1402 2469 dubie
1428 2420 1507 2469 bellun

457 2514 527 2563 strui.
563 2512 648 2573 Quum
668 2512 733 2562 Cato
751 2514 882 2570 suaderet,
910 2522 938 2561 ut
966 2515 1002 2561 cis
1027 2512 1121 2561 bellum
1147 2514 1316 2573 indiceretur,
1344 2512 1379 2563 P.
1406 2511 1509 2563 Cornelio

455 2606 548 2655 Nasica
571 2607 671 2655 dicente
695 2608 761 2656 nihil
787 2617 880 2655 temere
900 2604 1067 2667 faciundum,
1087 2606 1183 2667 placuit
1207 2607 1232 2655 X
1258 2607 1361 2668 legatos
1387 2607 1452 2655 mitti
1476 2620 1510 2652 cx·

454 2700 590 2762 ploratum.
626 2700 656 2748 L.
681 2700 796 2748 Licinius
820 2696 958 2754 Lucullus,
984 2699 1016 2745 A.
1041 2696 1189 2747 Postumius
1209 2698 1321 2748 Albinus
1350 2716 1419 2750 coss.
1446 2714 1509 2763 quun

455 2792 575 2841 dilectum
596 2806 681 2840 severe
699 2799 804 2854 agerent
823 2805 869 2839 nec
889 2804 1043 2853 quemquam
1063 2791 1146 2851 gratia
1165 2792 1329 2850 dimitterent,
1364 2793 1399 2840 ab
1417 2790 1509 2839 tribunis

453 2885 549 2949 plebis,
576 2885 620 2946 qui
647 2900 693 2948 pro
721 2884 811 2932 amicis
838 2884 891 2932 suis
919 2884 1078 2931 vacationem
1097 2884 1232 2946 impetrare
1257 2899 1309 2933 non
1332 2894 1470 2948 poterant,
1491 2882 1508 2929 iu

455 2992 580 3026 carcerem
604 2976 711 3024 coniecti
736 2962 802 3026 suht.
855 2975 941 3037 Quum
966 2978 1137 3043 Hispaniense
1162 2978 1257 3027 bellum
1282 2992 1377 3040 parum
1405 2987 1509 3041 prospere

455 3070 589 3132 aliquoties
607 3078 705 3131 gestum
724 3069 761 3115 ita
780 3068 938 3121 confudisset
958 3072 1085 3120 civitatem
1104 3072 1255 3134 Romanam,
1276 3078 1305 3117 ut
1323 3085 1358 3118 ne
1379 3072 1404 3119 ei
1422 3069 1508 3134 quiden

453 3164 639 3220 invenirentur,
672 3160 714 3223 qui
742 3168 787 3207 aut
818 3161 974 3211 tribunatum
1007 3162 1153 3225 exciperent
1179 3172 1224 3211 aut
1247 3162 1327 3223 legati
1356 3164 1396 3213 ire
1422 3163 1508 3215 vellent,

452 3257 482 3306 P.
509 3253 642 3303 Cornelius
666 3252 822 3302 AEmiliauus
846 3256 972 3316 processit
999 3264 1023 3303 st
1049 3265 1211 3318 excepturum
1246 3270 1273 3303 se
1303 3256 1409 3304 militiae
1436 3268 1509 3317 genus,

454 3350 624 3412 quodcunque
651 3346 802 3408 imperatum
816 3324 903 3406 esset,
928 3346 1056 3409 professus
1081 3357 1133 3407 cst,
1158 3360 1208 3408 quo
1234 3348 1354 3411 exemplo
1382 3362 1471 3397 omnes
1485 3346 1508 3392 ud

453 3441 565 3488 studium
584 3438 708 3487 militandi
727 3440 870 3489 concitavit.
911 3439 1035 3488 Lucullus
1054 3455 1115 3502 coa,
1135 3456 1212 3505 quum
1228 3438 1355 3489 Claudius
1370 3439 1509 3489 Marcellus.

453 3531 493 3581 cai
514 3537 683 3589 successerat,
702 3545 809 3593 pacasse
827 3546 917 3580 omnes
938 3530 1082 3581 Celtiberiae
1100 3534 1208 3597 populos
1226 3534 1369 3595 videretur,
1397 3533 1509 3581 Vaccaeos

453 3630 479 3673 et
505 3615 647 3672 Cantabros
674 3631 700 3671 et
724 3624 787 3671 alias
811 3624 956 3687 incognitas
980 3625 1065 3673 adhuc
1091 3636 1179 3689 gentes
1204 3628 1230 3675 in
1254 3626 1384 3690 Hispania
1412 3625 1508 3686 subegit.

451 3715 491 3764 lbi
509 3716 539 3765 P.
552 3715 685 3765 Cornelius
699 3714 862 3780 [Africanus]
876 3717 962 3781 Scipio
976 3717 1142 3777 AEmilianus,
1164 3718 1193 3767 L.
1209 3717 1285 3766 Pauli
1304 3718 1382 3777 filius,
1403 3714 1508 3769 Africani

452 3822 541 3871 nepos,
560 3808 604 3856 sed
623 3808 770 3871 adoptivus,
789 3818 982 3871 provocatorem
1002 3810 1137 3860 barbarum
1157 3810 1274 3859 tribunus
1293 3812 1409 3859 militum
1429 3808 1508 3859 occidit

452 3909 478 3949 et
496 3901 523 3949 in
536 3900 725 3963 expugnatione
733 3899 876 3949 Intercatia
889 3903 958 3951 urbis
970 3903 1052 3951 maius
1062 3905 1199 3951 etiamnum
1212 3903 1355 3966 periculum
1366 3904 1449 3962 adiit3
1461 3914 1508 3949 nau

452 4005 550 4039 murum
575 3992 670 4053 primus
696 3994 861 4041 transcendit.
911 3994 965 4043 Ser.
994 3995 1122 4058 Sulpicius
1143 3995 1227 4045 Galba
1257 4006 1353 4060 praetor
1384 3997 1455 4044 male
1473 3992 1508 4041 ad·

451 4098 538 4132 versus
563 4084 701 4132 Lusitanos
728 4087 859 4146 pugnavit.
909 4084 994 4145 Quum
1019 4088 1096 4149 legati
1124 4103 1157 4136 ex
1175 4088 1265 4138 Africa
1290 4104 1350 4137 cum
1371 4088 1509 4137 oratoribus

452 4172 699 4236 Carthaginiensium
726 4185 752 4223 et
774 4175 886 4226 Gulussa
907 4178 1048 4229 Masinissa
1073 4179 1126 4229 filio
1151 4182 1275 4231 redissent
1298 4183 1466 4245 dicerentque
1490 4186 1509 4225 ct

452 4266 591 4313 exercitum
611 4280 638 4313 ae
656 4277 683 4315 et
699 4267 807 4316 classem
827 4267 982 4333 Carthag'ne
1001 4272 1205 4338 deprehendisse,
1223 4258 1356 4337 perrogari
1374 4272 1509 4322 sententias
1545 4336 1546 4343 ἵ
