3475 5084
420 512 438 568 2
732 506 812 555 Liber
829 507 900 556 xm.
938 508 987 569 (A.
1005 521 1031 554 u.
1051 519 1073 553 o.
1093 503 1168 566 stt.)

379 694 396 748 8
419 702 562 761 tueretur,
583 692 650 760 via,
670 710 735 765 qua
757 691 923 765 Aquileiam
945 689 1020 761 fert,
1049 693 1201 749 duxerant.
1241 689 1292 746 Ab
1315 687 1416 744 eadem
1438 706 1486 744 re·

419 797 506 872 gioue
527 796 605 853 mille
625 795 717 852 ferme
742 813 881 870 passuum
912 806 1009 853 castra
1030 808 1113 854 erant
1135 795 1305 860 Gallorum;
1335 787 1487 848 Catmelus
1567 831 1568 854 ;

419 901 536 978 regulus
557 911 682 977 praerat
702 901 794 958 tribus
816 902 895 958 baud
916 902 1040 978 amplius
1062 901 1178 960 milibus
1200 907 1389 958 armatorum.

336 1003 357 1072 2
505 1007 607 1074 Histri,
640 1017 671 1062 ut
703 1006 827 1081 primum
860 1007 898 1062 ad
930 1006 1024 1062 lucum
1058 1004 1175 1062 Timaui
1208 1014 1305 1061 castra
1336 1010 1403 1058 sunt
1425 1001 1487 1058 Ro-

380 1113 398 1169 2
422 1131 510 1168 mana
532 1123 622 1181 mota,
640 1110 697 1185 ipsi
719 1121 787 1185 post
800 1109 903 1166 collem
923 1109 1037 1166 occulto
1058 1108 1124 1166 loco
1146 1109 1347 1175 consederunt,
1368 1115 1397 1162 et
1417 1104 1488 1162 inds

421 1216 548 1290 obliquis
569 1216 719 1273 itineribus
740 1234 846 1290 agmen
867 1214 1079 1287 sequebantur,
1106 1213 1135 1270 in
1164 1231 1278 1269 omnem
1301 1209 1486 1268 occasionem

420 1320 535 1388 inteuti;
558 1340 611 1377 nee
623 1321 778 1394 quicquam
790 1337 851 1386 eos,
863 1337 929 1392 qua
940 1331 1018 1376 terra
1029 1319 1161 1392 marique
1175 1329 1338 1392 agerentur,
1355 1314 1487 1372 fallebat.

381 1430 398 1484 3
422 1425 584 1500 Postquam
606 1426 746 1482 stationes
766 1424 911 1480 invalidas
932 1441 997 1480 esse
1016 1442 1070 1498 pro
1088 1424 1200 1492 castris,
1219 1423 1314 1480 forum
1332 1420 1419 1476 turba
1440 1418 1488 1474 in-

422 1529 494 1586 ermi
515 1529 651 1604 frequens
671 1529 747 1586 iuter
761 1540 858 1585 castra
873 1539 902 1584 et
917 1547 997 1584 mare
1012 1529 1246 1596 commeantium,
1270 1529 1332 1584 sine
1347 1525 1406 1582 ullo
1428 1534 1488 1580 ter·

420 1635 505 1692 restri
527 1646 579 1690 sut
599 1635 746 1692 maritimo
768 1634 955 1702 munimento,
976 1632 1124 1703 viderunt,
1154 1633 1213 1690 duo
1234 1630 1320 1689 simul
1341 1627 1490 1706 presidis,

421 1738 599 1817 Placentina
620 1739 747 1795 cohortis
774 1748 804 1796 et
826 1739 1038 1814 manipulorum
1062 1738 1195 1796 secundm
1216 1737 1354 1814 legionis,
1382 1735 1489 1809 adgre-

381 1857 399 1908 4
422 1843 548 1899 (liuntur.
581 1843 699 1900 Nebula
721 1843 863 1900 matutina
884 1854 996 1901 texerat
1017 1843 1178 1918 inceptum3
1202 1862 1261 1918 qua
1283 1841 1428 1899 dilabente
1450 1839 1490 1896 sd

421 1947 546 2020 primum
568 1958 698 2022 teporem
720 1947 805 2017 solis,
832 1948 984 2022 perlucens
1010 1949 1069 2005 iam
1092 1949 1219 2023 aliquid,
1246 1949 1357 2004 incerta
1379 1957 1489 2014 tamen,

422 2065 454 2110 ut
472 2051 563 2120 solet,
591 2051 660 2121 lux,
687 2052 813 2127 speciem
841 2053 969 2109 omnium
998 2053 1183 2129 multiplicem
1211 2053 1332 2110 intuenti
1354 2051 1490 2121 reddens,

422 2170 485 2214 tum
507 2176 625 2232 quoque
641 2156 783 2214 frumrata
794 2159 955 2226 Romanos,
977 2158 1068 2215 multo
1087 2158 1225 2215 maiorem
1243 2159 1289 2228 iis,
1311 2175 1400 2231 quam
1416 2165 1490 2225 erat,

383 2281 400 2335 5
422 2263 549 2320 hostium
574 2262 666 2320 aciem
688 2263 822 2320 ostendit.
866 2262 933 2335 Qua
953 2263 1043 2320 territi
1066 2263 1215 2337 utriusque
1229 2262 1362 2319 stationis
1383 2260 1490 2316 milites

421 2368 532 2443 ingenti
560 2366 683 2423 tumultu
710 2385 776 2424 cum
804 2368 835 2423 in
861 2378 960 2424 castra
980 2367 1194 2443 confugissent,
1228 2367 1307 2424 baud
1337 2364 1427 2440 paulo
1447 2363 1490 2420 ibi

384 2491 401 2544 (5
423 2473 499 2547 plus,
519 2491 607 2547 quam
626 2473 710 2546 'quod
726 2490 825 2530 secum
840 2473 896 2548 ipsi
911 2474 1076 2543 attuleruut,
1099 2472 1218 2530 terroris
1237 2471 1375 2530 feceruut
1408 2469 1491 2528 Nam

423 2597 518 2653 noque
539 2579 651 2647 dicere,
673 2577 742 2648 quid
763 2576 920 2651 fugissent,
952 2597 1005 2635 nec
1022 2577 1259 2652 percontantibus
1288 2575 1411 2634 reddere
1438 2594 1492 2632 re-

424 2703 562 2759 sponsum
579 2693 725 2758 poterunt,
746 2691 775 2738 et
794 2681 906 2738 clamor
921 2683 950 2739 in
968 2684 1070 2757 portis,
1092 2694 1124 2738 ut
1141 2683 1191 2739 ubi
1208 2680 1288 2737 nulla
1304 2691 1379 2737 esset
1392 2679 1493 2750 statio,

425 2806 490 2861 qua
510 2787 664 2843 sustineret
680 2787 830 2859 impetum,
852 2786 1033 2855 audiebatur,
1056 2799 1085 2844 et
1105 2786 1290 2844 concursatio
1311 2785 1341 2841 iu
1363 2786 1490 2842 obscuro

423 2891 611 2949 incidentium
634 2892 756 2949 aliorum
777 2892 807 2948 in
831 2891 904 2948 alios
925 2892 1064 2948 incertum
1086 2893 1211 2964 fecerat,
1240 2913 1277 2950 an
1299 2891 1392 2950 hostis
1413 2891 1492 2948 intra
1572 2935 1573 2942 ,

384 3009 400 3062 t
424 2997 533 3054 vallum
555 3006 640 3053 esset.
689 2998 759 3059 Una
774 3015 846 3068 ,vox
878 2996 1050 3054 audiebatur
1078 2998 1117 3054 ad
1142 3017 1223 3055 mare
1250 2998 1433 3067 vocantium
1460 2997 1492 3053 id

423 3101 501 3160 forte
523 3113 633 3159 temere
653 3104 693 3158 ab
713 3121 772 3158 uuo
800 3101 995 3166 exclamatum
1020 3103 1088 3159 totis
1112 3103 1220 3178 passim
1242 3104 1420 3178 personabat
1441 3121 1491 3160 ca·

385 3220 402 3274 8
425 3207 502 3265 stris.
545 3207 651 3280 Itaque
671 3207 781 3282 primo,
803 3206 884 3263 volut
903 3206 974 3262 iussi
996 3206 1027 3262 id
1047 3205 1159 3275 fucere,
1179 3207 1282 3281 pauci,
1306 3208 1400 3265 maior
1420 3227 1491 3284 pars

423 3312 558 3381 inermes,
576 3312 614 3368 ad
629 3330 710 3368 mare
726 3311 890 3378 decurrunt,
907 3310 973 3368 dein
989 3310 1096 3385 plures,
1111 3323 1259 3385 postremo
1277 3331 1370 3387 prope
1388 3331 1492 3370 omues

424 3417 538 3492 etipse
558 3414 675 3485 consul,
706 3434 782 3482 cum,
803 3414 913 3472 frustra
941 3432 1081 3472 revocare
1108 3414 1252 3491 fugientes
1276 3429 1407 3488 conatus,
1437 3437 1492 3477 use

423 3523 546 3598 imperio
575 3539 629 3577 nec
650 3521 823 3578 auctoritate
850 3538 903 3578 nec
931 3520 1066 3595 precibus
1092 3520 1130 3575 ad
1152 3533 1312 3578 extremum
1341 3523 1491 3581 valuisset.

384 3639 403 3693 9
426 3628 510 3686 Unus
537 3625 677 3681 remansit
707 3625 747 3680 Μ.
776 3624 904 3680 Licinius
932 3624 1056 3693 Strabo,
1087 3625 1219 3682 tribunus
1246 3627 1367 3684 militum
1398 3630 1491 3686 tertiat

425 3726 564 3806 legionis,
595 3748 660 3785 cum
690 3729 782 3785 tribus
802 3729 893 3804 signis
915 3747 931 3786 e
953 3730 1067 3804 legione
1087 3748 1143 3787 sua
1162 3731 1287 3788 relictus.
1326 3731 1433 3803 Hunc,
1461 3734 1491 3790 in

424 4011 451 4068 8,
470 4017 485 4059 2
505 4009 637 4059 Catmelus
661 4026 708 4074 pro
727 4011 817 4072 regulo
836 4019 891 4060 erat
910 4010 966 4075 My.
984 4010 1039 4060 Em.
1058 4009 1117 4060 494.
1154 4017 1169 4060 ³
1189 4020 1234 4060 aut
1257 3975 1366 4076 amplius
1392 4011 1491 4066 Florsb.

426 4095 463 4150 11,
482 4095 507 4152 2,
527 4095 679 4145 ³Drukeab.
700 4097 836 4161 quicquam
856 4111 954 4158 sorum,
974 4112 1030 4160 qua
1054 4097 1079 4154 3,
1094 4102 1105 4144 1
1118 4111 1205 4146 corum
1225 4099 1301 4146 turba
1315 4100 1419 4149 inermis
1438 4101 1491 4150 lra-

425 4195 507 4244 quens
526 4181 637 4246 boaliqer
656 4181 762 4244 tiorum)
781 4191 805 4231 et
824 4181 900 4232 Grau.
936 4189 951 4231 2
971 4185 1138 4231 mercantium
1156 4182 1230 4234 Grou.
1271 4184 1297 4242 8,
1319 4190 1329 4233 l
1350 4187 1426 4250 pauci
1449 4204 1493 4238 ar·

427 4269 498 4327 mati,
518 4269 598 4318 maior
625 4268 681 4334 My·
699 4268 755 4318 Em.
774 4266 834 4318 494.
877 4269 938 4328 9,2
963 4269 995 4318 ab
1015 4269 1116 4331 legions
1135 4268 1190 4335 My.
1209 4269 1265 4321 Eia.
1284 4269 1346 4321 495.
