3475 5084
530 491 607 543 umor
624 492 708 542 xuv,
744 493 793 555 (A.
812 491 873 543 chr.
897 494 969 555 rea.)
1183 494 1240 551 213

230 678 332 751 queudi
369 678 470 753 populi
501 689 673 755 potestatem
706 680 844 739 facerent.
891 680 1053 749 Permisso,
1077 679 1200 747 „Utrum
1222 678 1324 747 nos,3

230 782 356 857 hospites
380 784 594 853 Samothraces,
615 804 684 842 vere
706 785 869 861 accepimus
898 806 935 843 an
962 785 1055 854 falso,
1077 762 1189 842 sacram
1211 783 1285 838 hanc

228 887 350 945 insulam
375 901 403 946 et
424 891 539 967 augusti
572 900 663 953 totam
697 893 792 967 adque
821 893 953 949 inviolati
982 891 1036 948 soli
1059 888 1160 947 esse?“
1211 886 1284 945 Cum
1308 892 1324 946 t

230 995 344 1053 creditae
368 997 516 1054 sanctitati
527 997 739 1054 adsentirentur
756 1016 865 1068 omnes,
892 995 970 1067 ,Cur
980 996 1085 1072 igitur“
1099 994 1192 1068 inquit
1205 992 1285 1068 „pol-

228 1100 300 1157 lutus
324 1121 391 1159 eom
413 1103 558 1159 homicida
585 1104 724 1179 sanguine
744 1104 821 1179 regis
842 1104 980 1161 Eumenis
1001 1102 1138 1171 violabit,
1161 1109 1198 1169 et,
1221 1116 1286 1155 cum

229 1206 319 1263 omnis
342 1207 477 1283 praefatio
500 1227 648 1267 sacrorum
673 1228 738 1279 eos,
773 1211 878 1285 quibus
908 1228 967 1266 non
996 1210 1053 1265 sint
1073 1225 1153 1284 puras
1175 1222 1286 1275 munus,

228 1313 314 1369 sacris
337 1325 457 1384 arceat,
489 1332 542 1371 vos
575 1292 735 1389 penetralia
762 1326 860 1371 vestra
891 1314 1080 1373 contaminari
1101 1316 1230 1369 cruento*
1243 1310 1286 1371 la·

228 1418 315 1473 tronis
339 1436 464 1493 corpore
489 1420 586 1477 sinetis
595 1419 626 1476 ?“
667 1421 782 1479 Nobilis
803 1421 884 1480 fama
906 1432 968 1477 erat
990 1430 1060 1496 aput
1082 1436 1181 1475 omnes
1204 1416 1287 1475 Grae·
1310 1416 1327 1469 5

229 1523 276 1579 cia
310 1524 447 1581 civitates
475 1510 630 1584 Eumenisl
647 1527 724 1601 regis
757 1547 809 1602 per
838 1528 1008 1585 Euandrum
1042 1524 1164 1599 Delphis
1196 1542 1287 1599 prope

229 1639 397 1703 perpetrata
429 1632 530 1687 caedes.
590 1632 710 1706 Itaque,
742 1642 933 1707 praeterquam
967 1633 1045 1706 quod
1080 1632 1110 1689 in
1142 1639 1286 1705 potestate
1309 1626 1326 1681 6

229 1736 428 1793 Romanorum
451 1754 514 1793 seso
535 1737 716 1811 insulamque
732 1746 823 1795 toturn
836 1747 864 1795 et
876 1738 1014 1813 templum
1038 1738 1192 1793 cernebant
1214 1752 1285 1805 esse,

229 1859 262 1896 ne
282 1842 422 1899 inmerito
446 1843 559 1917 quidem
582 1861 618 1899 ea
647 1843 701 1900 sibi
731 1842 901 1919 exprobrari
929 1843 1002 1914 reti,
1031 1842 1207 1910 Theondan,
1238 1842 1287 1915 qui

230 1965 356 2005 summus
380 1949 567 2023 magistratus
590 1959 660 2024 aput
682 1968 732 2007 eos
754 1958 818 2007 erat
846 1952 958 2025 (regem
980 1948 1036 2025 ipsi
1059 1947 1227 2023 appellant),
1249 1948 1287 2003 ad

230 2052 337 2110 Persea
359 2054 485 2124 mittunt,
505 2053 554 2129 qui
574 2056 735 2127 nuntiaret,
763 2056 847 2131 argui
869 2054 1144 2130 cusdisEuandrum
1168 2051 1286 2111 Creten·
1311 2062 1325 2114 7

230 2176 302 2226 aan13
335 2177 402 2216 esse
431 2170 527 2217 autem
557 2160 663 2217 iudicia
685 2171 756 2236 aput
777 2180 840 2219 sese
860 2180 942 2218 more
964 2162 1105 2218 maiorum
1128 2169 1287 2235 conparata

230 2263 262 2319 do
281 2264 327 2333 iis,
367 2265 416 2340 qui
447 2265 572 2323 incestas
600 2286 702 2324 manus
732 2266 861 2342 intulisse
891 2267 968 2324 intra
997 2268 1135 2323 terminos
1157 2272 1287 2322 sacratos

231 2370 326 2445 templi
348 2371 491 2428 dicantur.
539 2371 571 2431 Si
593 2374 750 2430 confideret
770 2374 924 2443 Euander,
950 2372 1098 2429 innoxium
1124 2390 1155 2427 ae
1176 2370 1218 2426 rei
1239 2386 1287 2425 ca·
1310 2376 1327 2431 8

229 2473 322 2546 pitalis
345 2476 447 2551 argui,
468 2477 578 2534 veniret
601 2478 639 2534 ad
660 2496 778 2535 causam
805 2478 971 2547 dicendam3
1004 2478 1029 2535 si
1055 2477 1233 2533 committere
1257 2494 1288 2531 se

230 2577 332 2637 iudicio
363 2600 421 2638 non
451 2584 585 2655 auderet,
619 2584 755 2641 liberaret
785 2584 924 2659 religione
955 2583 1092 2658 templum
1119 2601 1153 2639 ac
1175 2582 1289 2641 sibimet

230 2683 282 2757 ipsi
302 2687 476 2745 consuleret.
521 2691 647 2747 Perseus
667 2700 804 2748 sevocato
827 2690 966 2747 Euandro
987 2690 1123 2747 iudicium
1146 2688 1286 2745 subeundi
1308 2692 1325 2747 9

232 2791 306 2849 nullo
327 2804 417 2869 pacto
439 2804 541 2853 auctor
562 2814 640 2853 esse:
674 2814 728 2853 nec
749 2814 839 2853 causa
880 2815 932 2853 nec
963 2796 1058 2872 gratia
1085 2812 1184 2869 parem
1214 2791 1287 2849 lore.

233 2894 355 2957 Suberat
377 2909 405 2956 et
426 2900 474 2957 ille
495 2912 607 2972 metus,
641 2922 678 2959 ne
707 2903 861 2960 damnatus
884 2912 1029 2960 auctorem
1052 2920 1083 2959 se
1103 2899 1222 2957 nefandi
1242 2897 1287 2955 la-

232 3001 334 3061 cinoris
359 3007 549 3079 protraheret.
608 3008 724 3081 Reliqui
751 3008 820 3082 quid
843 3026 922 3078 esse,
954 3008 1009 3065 nisi
1038 3017 1070 3064 ut
1091 3006 1204 3063 fortiter
1225 3024 1287 3062 mo-

232 3107 341 3168 riatur?
396 3110 478 3167 Nihil
501 3111 597 3186 palam
621 3114 749 3170 abnuere
770 3115 922 3184 Euander3
959 3114 1009 3170 sed
1037 3131 1100 3170 cum
1123 3130 1234 3169 veneno
1256 3130 1287 3168 se
1314 3116 1347 3170 10

233 3214 314 3274 malle
348 3218 422 3273 mori
444 3235 541 3299 ‚quam
583 3216 661 3275 ferro
700 3219 835 3290 dixisset,
880 3218 989 3276 occulte
1023 3217 1123 3294 fugam
1155 3218 1286 3293 parabat.

234 3316 316 3390 Quod
337 3340 404 3379 cum
425 3324 618 3380 renuntiatum
637 3325 700 3400 regi
722 3334 806 3394 esset,
829 3332 967 3394 metuens,
989 3344 1033 3393 ne,
1055 3334 1203 3397 tamquam
1220 3342 1238 3379 o
1256 3342 1287 3380 se

289 3553 294 3555 -
321 3552 460 3559 .-—⁴-..q..-

235 3748 257 3806 3,
275 3757 289 3799 2
308 3733 480 3804 saumotraces
515 3754 634 3815 Sadque
652 3753 679 3801 in
697 3754 813 3837 ipuiolati
856 3754 882 3814 4,
905 3761 915 3803 l
938 3770 994 3803 eum
1014 3755 1115 3803 credita
1164 3756 1286 3819 2iuquid

237 3835 317 3898 lpolui
337 3856 393 3889 eom
407 3838 481 3890 Groa.
496 3839 588 3905 (Grpo.
606 3841 730 3904 pollutam
748 3841 833 3890 omisso
852 3843 921 3905 eam)
955 3847 969 3890 3
985 3841 1093 3891 uiolauit
1102 3841 1155 3905 My.
1165 3841 1220 3891 Em.
1232 3840 1285 3891 594

236 3927 250 3969 4
266 3940 321 3978 orn.
341 3964 347 3977 .
362 3927 455 3992 (litterae
464 3935 571 3976 euhemae
578 3928 674 3992 popinae
688 3927 797 3992 abacum)
815 3929 995 3991 praefatlorum
1007 3944 1050 3977 eos
1079 3934 1093 3977 5
1106 3930 1286 3977 contraminari

236 4007 428 4066 Meandrum
447 4015 527 4079 dclpis
563 4020 756 4078 Sperpetratas
792 4014 817 4073 6,
836 4020 851 4063 3
872 4016 1076 4081 exprobraniroti
1114 4021 1127 4063 5
1153 4016 1287 4063 mittuntur

237 4093 467 4155 &leonfiderent
489 4098 649 4167 'obnoxium
684 4100 709 4160 9,
731 4107 741 4148 l
763 4110 870 4151 euocato
889 4102 971 4152 Druh.
1017 4108 1225 4167 2pactoresease
1270 4107 1285 4150 4

236 4200 338 4268 reliquid
362 4204 365 4268 Ι
386 4206 448 4268 quid
471 4214 540 4254 esset
564 4203 649 4269 Sigron.
686 4206 761 4263 10‚a
785 4206 861 4255 malle
891 4220 967 4268 quom
993 4208 1055 4255 mori
1075 4221 1151 4269 quarn
1170 4204 1238 4254 ferro
