3475 5084
496 508 554 565 204
752 504 830 553 Liber
847 503 944 554 XLIV.
986 504 1033 567 (A.
1048 520 1072 554 u.
1087 519 1108 554 e.
1124 504 1195 566 aaa.)
1256 527 1258 531 .

412 694 430 747 4
535 689 733 765 Amphipolim
746 708 810 747 cum
821 689 879 746 iam
892 688 972 746 fama
983 709 1086 765 puguae
1100 690 1284 766 pervenisset,
1297 708 1492 765 concursusque

454 807 650 854 matronarum
677 797 706 853 in
724 795 861 870 templum
882 796 993 871 Diuum,
1020 814 1106 870 quam
1126 796 1316 870 Tauropolon
1336 807 1446 865 vocant,
1465 798 1494 853 ad

453 920 537 977 opem
549 901 760 977 exposcendam
772 902 862 969 fieret,
874 900 1032 969 Diodorus,
1045 902 1093 975 qui
1104 911 1228 977 praeerat
1240 903 1312 973 urbi,
1324 913 1459 972 metuens,
1468 922 1496 959 ue

453 1009 597 1077 Thraces,
627 1026 749 1082 quorum
780 1008 839 1064 duo
860 1007 940 1065 milia
962 1007 992 1065 in
1014 1008 1147 1083 praesidio
1168 1015 1265 1078 eraut,
1293 1009 1396 1065 urbem
1417 1010 1444 1067 in
1463 1017 1497 1064 tu·

452 1114 542 1171 multu
558 1113 722 1188 diriperent,
743 1115 782 1171 ab
796 1115 955 1171 subornato
971 1114 1007 1170 ab
1030 1131 1061 1171 se
1084 1133 1137 1189 per
1150 1112 1296 1171 fallaciam
1319 1113 1349 1171 in
1371 1100 1500 1170 tabellarii

412 1220 574 1296 5speciem
596 1220 708 1277 litteras
728 1220 757 1277 iu
784 1218 850 1276 foro
871 1220 967 1276 medio
993 1220 1112 1295 accepit.
1156 1218 1301 1294 Scriptum
1325 1220 1355 1277 iu
1382 1220 1418 1277 iia
1442 1227 1501 1283 erat,

453 1326 491 1383 ad
505 1326 671 1383 Emathiam
693 1326 814 1382 classem
829 1326 993 1383 Romanam
1012 1325 1163 1400 adpulsam
1179 1343 1251 1396 asse,
1274 1342 1422 1400 agrosque
1436 1324 1501 1379 circa

452 1433 568 1503 vexari3
589 1450 675 1488 orare
695 1429 847 1508 praefectos
862 1430 1013 1500 Emathiae,
1036 1440 1067 1487 ut
1082 1431 1244 1508 praesidium
1265 1432 1408 1489 adversus
1423 1450 1503 1506 popu-

412 1535 430 1589 6
452 1538 560 1595 latores
581 1538 684 1595 mittat.
726 1537 782 1595 His
809 1536 906 1606 lectis,
933 1538 1066 1594 hortatur
1087 1539 1234 1605 Thracas,
1263 1546 1294 1595 ut
1316 1536 1356 1593 ad
1378 1537 1503 1593 tuendam

451 1633 594 1701 Emathiae
615 1662 696 1701 oram
716 1644 947 1719 proficiscantur3
969 1660 1105 1717 magnam·
1128 1661 1177 1699 eos
1195 1643 1300 1700 caedem
1316 1643 1505 1717 praedamque,

412 1749 427 1802 7
450 1748 556 1823 palatis
582 1750 690 1825 passim
721 1770 774 1826 per
805 1768 893 1825 agros
920 1749 1074 1815 Romanis,
1104 1748 1242 1806 facturos.
1295 1747 1389 1807 Simul
1422 1749 1507 1805 elevat

451 1854 559 1912 famam
582 1856 712 1913 adversat
729 1875 848 1932 pugnae,
877 1856 986 1931 quaesi
1009 1874 1079 1913 vera
1099 1853 1184 1923 foret,
1206 1854 1292 1911 alium
1315 1872 1406 1929 super·
1429 1854 1506 1911 alium

411 1958 429 2014 8
451 1971 579 2018 recentes
600 1980 637 2018 ex
657 1961 728 2037 fuga
748 1972 885 2021 venturos
906 1960 1005 2021 fuisse.
1048 1963 1107 2019 Per
1120 1961 1195 2017 hanc
1214 1978 1332 2017 causam
1348 1961 1508 2018 Thracibus

451 2066 607 2141 ablegatis,
639 2067 723 2125 simul
756 2076 953 2142 transgressos
988 2087 1038 2125 eos
1072 2066 1255 2142 Strymonem
1287 2066 1374 2137 vidit,
1414 2077 1509 2142 portas

451 2171 563 2228 clausit.

366 2269 408 2339 45
534 2277 635 2334 Tertio
664 2278 709 2335 die
734 2280 875 2346 Perseus,
905 2298 991 2354 quam
1020 2288 1178 2355 pugnatum
1203 2288 1281 2349 erat,
1311 2279 1509 2354 Amphipolim

411 2382 427 2437 2
451 2383 537 2440 venit.
579 2385 653 2441 Inde
676 2393 805 2441 oratores
827 2403 891 2442 cum
907 2385 1033 2442 caduceo
1056 2385 1095 2442 ad
1116 2383 1240 2442 Paulum
1263 2384 1349 2441 misit.
1393 2386 1510 2442 Interim

451 2490 576 2565 Hippias
604 2499 633 2547 et
654 2490 755 2547 Midon
782 2502 810 2547 et
835 2492 1038 2561 Pantauchus,
1066 2490 1209 2567 principes
1239 2491 1398 2548 amicorum
1429 2491 1510 2566 regis,

451 2596 602 2668 Beroeam,
625 2615 683 2670 quo
708 2615 744 2653 ex
765 2596 828 2654 acie
850 2596 1049 2671 confugerant,
1070 2597 1126 2671 ipsi
1148 2598 1186 2653 ad
1208 2597 1353 2655 consulam
1378 2595 1511 2672 profecti,

452 2703 591 2759 Romanis
613 2703 733 2773 dedunt3
762 2705 818 2761 hoc
839 2704 914 2761 idem
945 2712 973 2759 et
999 2703 1063 2760 aliae
1086 2703 1220 2778 deinceps
1241 2704 1321 2760 arbes
1343 2712 1425 2759 metu
1449 2723 1511 2779 per·

412 2808 428 2862 3
453 2808 537 2864 culsae
558 2809 702 2883 parabant
722 2806 827 2865 faeere.
865 2807 984 2879 Consul,
1006 2809 1111 2866 nuntiis
1132 2809 1260 2867 victoriae
1275 2808 1310 2882 Q.
1333 2808 1432 2865 Fabio
1456 2810 1511 2865 filio

452 2923 480 2970 et
505 2914 540 2971 L.
557 2914 679 2971 Lentulo
701 2924 730 2971 et
749 2914 784 2987 Q.
798 2915 918 2971 Metello
940 2934 1004 2973 cum
1026 2916 1127 2973 litteris
1142 2917 1266 2974 Romam
1290 2914 1394 2984 missis,
1419 2915 1514 2991 spolia

412 3021 428 3074 4
451 3020 571 3077 iacentis
585 3020 710 3077 hostium
725 3020 867 3077 exercitus
883 3022 1026 3097 peditibus
1048 3022 1202 3089 concessit;
1223 3021 1366 3096 equitibus
1383 3023 1512 3097 praedam

452 3126 625 3183 circumiecti
654 3126 731 3201 agri,
762 3128 829 3183 dum
858 3148 895 3184 ne
924 3129 1047 3203 amplius
1074 3129 1186 3185 duabus
1213 3127 1345 3185 noctibus
1368 3146 1387 3183 a
1410 3126 1513 3184 castris

412 3234 429 3286 5
453 3234 594 3291 abessent.
637 3234 706 3306 Ipse
720 3233 838 3308 propius
853 3252 933 3291 mare
948 3234 986 3290 ad
999 3234 1247 3310 Pydnamcastra
1262 3232 1361 3292 movit
1405 3232 1514 3289 Beroea

452 3338 586 3413 primum,
608 3338 710 3395 deiude
729 3339 939 3397 Thessalonica
960 3349 989 3397 et
1002 3340 1085 3398 Pella
1107 3351 1135 3398 et
1156 3342 1289 3416 deinceps
1313 3338 1408 3395 omnis
1424 3338 1515 3397 ferme

454 3544 685 3553 --——-—.

453 3689 479 3746 4,
501 3695 511 3737 1
533 3689 680 3754 ampipolim
720 3695 829 3752 tquem
847 3690 998 3755 lanropolou
1046 3688 1151 3739 ederet
1166 3689 1171 3753 Ι
1186 3698 1286 3754 preerat
1334 3696 1350 3738 4
1379 3696 1467 3739 traces
1505 3694 1516 3736 5

454 3776 591 3839 diriperent
618 3784 662 3825 aut
691 3777 830 3826 subornato
854 3777 859 3839 l
884 3776 1001 3825 tabellari
1063 3776 1093 3835 6,
1127 3784 1136 3826 l
1169 3785 1266 3827 ortatur
1295 3786 1377 3826 tracas
1427 3782 1444 3825 3
1478 3793 1516 3826 ro-

455 3864 525 3911 mani
574 3862 598 3923 7,
618 3870 632 3912 2
651 3865 759 3914 aduersa
816 3864 841 3925 8,
864 3870 874 3912 l
897 3865 1008 3914 trucibus
1042 3869 1262 3929 sseostrymouem
1347 3863 1432 3923 XLV,
1455 3864 1513 3924 1‚l

455 3951 603 4015 ampipolim
638 3952 693 4010 2st
712 3952 870 4016 panthaueus
912 3957 1052 4001 eueroeam
1087 3952 1227 4000 tromanie
1246 3966 1272 4001 ee
1288 3952 1385 4001 dedunt
1397 3950 1514 4017 (Kreyss.

366 4022 371 4031 ’
454 4038 546 4088 Beroea
572 4065 603 4075 ·-
626 4038 733 4104 protecti
754 4064 785 4073 -
804 4052 830 4087 ae
849 4038 958 4099 dedunt)
974 4038 978 4098 Ι
995 4040 1111 4104 deinceps
1130 4048 1197 4087 metu
1224 4037 1298 4088 Groa.
1320 4037 1387 4101 (Alii
1403 4054 1434 4087 ex
1452 4040 1515 4087 eius·

455 4125 507 4174 dem
529 4127 664 4175 coniectura
688 4127 730 4175 alii
756 4137 790 4161 -·
812 4124 932 4191 perculsi)
979 4125 1003 4181 3,
1024 4132 1038 4175 2
1058 4126 1130 4177 missi
1148 4126 1231 4190 spolia
1281 4124 1305 4183 5,
1328 4130 1339 4173 l
1366 4139 1455 4175 ueroea
1504 4132 1516 4175 2

454 4214 606 4264 tessalonica
