<?xml version="1.0" encoding="UTF-8"?>
<!DOCTYPE html PUBLIC "-//W3C//DTD XHTML 1.0 Transitional//EN"
    "http://www.w3.org/TR/xhtml1/DTD/xhtml1-transitional.dtd">
<html xmlns="http://www.w3.org/1999/xhtml" xml:lang="en" lang="en">
 <head>
  <title>
</title>
<meta http-equiv="Content-Type" content="text/html;charset=utf-8" />
  <meta name='ocr-system' content='tesseract 3.04.00' />
  <meta name='ocr-capabilities' content='ocr_page ocr_carea ocr_par ocr_line ocrx_word'/>
</head>
<body>
  <div class='ocr_page' id='page_1' title='image "./titiliviihistor02ussigoog_0152.png"; bbox 0 0 3475 5084; ppageno 0'>
   <div class='ocr_carea' id='block_1_1' title="bbox 493 484 1207 548">
    <p class='ocr_par' dir='ltr' id='par_1_1' title="bbox 493 484 1207 548">
     <span class='ocr_line' id='line_1_1' title="bbox 493 484 1207 548; baseline -0.018 -1"><span class='ocrx_word' id='word_1_1' title='bbox 493 492 550 547; x_wconf 81' lang='lat'><strong>122</strong></span> <span class='ocrx_word' id='word_1_2' title='bbox 750 485 829 537; x_wconf 68' lang='lat' dir='ltr'><strong>ntae</strong></span> <span class='ocrx_word' id='word_1_3' title='bbox 846 484 944 535; x_wconf 78' lang='lat' dir='ltr'><strong>xum.</strong></span> <span class='ocrx_word' id='word_1_4' title='bbox 986 485 1031 548; x_wconf 78' lang='lat' dir='ltr'><strong>(A.</strong></span> <span class='ocrx_word' id='word_1_5' title='bbox 1051 499 1076 535; x_wconf 82' lang='lat' dir='ltr'><strong>u.</strong></span> <span class='ocrx_word' id='word_1_6' title='bbox 1094 498 1117 534; x_wconf 73' lang='lat' dir='ltr'><strong>a.</strong></span> <span class='ocrx_word' id='word_1_7' title='bbox 1137 486 1207 545; x_wconf 71' lang='lat' dir='ltr'><strong>aas.)</strong></span> 
     </span>
    </p>
   </div>
   <div class='ocr_carea' id='block_1_2' title="bbox 385 665 1546 3146">
    <p class='ocr_par' dir='ltr' id='par_1_2' title="bbox 385 665 1546 3146">
     <span class='ocr_line' id='line_1_2' title="bbox 447 665 1501 746; baseline -0.003 -19"><span class='ocrx_word' id='word_1_8' title='bbox 447 688 565 744; x_wconf 84' lang='lat' dir='ltr'><strong>agrum,</strong></span> <span class='ocrx_word' id='word_1_9' title='bbox 598 671 648 745; x_wconf 88' lang='lat' dir='ltr'><strong>qui</strong></span> <span class='ocrx_word' id='word_1_10' title='bbox 669 671 757 746; x_wconf 87' lang='lat' dir='ltr'><strong>paulo</strong></span> <span class='ocrx_word' id='word_1_11' title='bbox 787 680 854 729; x_wconf 90' lang='lat' dir='ltr'><strong>ante</strong></span> <span class='ocrx_word' id='word_1_12' title='bbox 883 670 991 745; x_wconf 86' lang='lat' dir='ltr'><strong>ingenti</strong></span> <span class='ocrx_word' id='word_1_13' title='bbox 1020 670 1144 727; x_wconf 86' lang='lat' dir='ltr'><strong>tumultu</strong></span> <span class='ocrx_word' id='word_1_14' title='bbox 1172 674 1301 738; x_wconf 90' lang='lat' dir='ltr'><strong>arserat,</strong></span> <span class='ocrx_word' id='word_1_15' title='bbox 1333 665 1501 741; x_wconf 77' lang='lat' dir='ltr'><strong>peragravit.</strong></span> 
     </span>
     <span class='ocr_line' id='line_1_3' title="bbox 408 772 1502 851; baseline -0.006 -17"><span class='ocrx_word' id='word_1_16' title='bbox 408 780 425 834; x_wconf 85' lang='lat'><strong>5</strong></span> <span class='ocrx_word' id='word_1_17' title='bbox 448 776 520 833; x_wconf 81' lang='lat' dir='ltr'><strong>Hae</strong></span> <span class='ocrx_word' id='word_1_18' title='bbox 541 774 644 832; x_wconf 88' lang='lat' dir='ltr'><strong>lenitas</strong></span> <span class='ocrx_word' id='word_1_19' title='bbox 665 776 811 851; x_wconf 68' lang='lat' dir='ltr'><strong>pretoria,</strong></span> <span class='ocrx_word' id='word_1_20' title='bbox 840 794 899 849; x_wconf 90' lang='lat' dir='ltr'><strong>qua</strong></span> <span class='ocrx_word' id='word_1_21' title='bbox 919 775 981 831; x_wconf 91' lang='lat' dir='ltr'><strong>sine</strong></span> <span class='ocrx_word' id='word_1_22' title='bbox 1001 774 1142 849; x_wconf 87' lang='lat' dir='ltr'><strong>sanguine</strong></span> <span class='ocrx_word' id='word_1_23' title='bbox 1162 772 1370 831; x_wconf 82' lang='lat' dir='ltr'><strong>ferocissimam</strong></span> <span class='ocrx_word' id='word_1_24' title='bbox 1394 780 1502 845; x_wconf 80' lang='lat' dir='ltr'><strong>gentem</strong></span> 
     </span>
     <span class='ocr_line' id='line_1_4' title="bbox 448 875 1504 956; baseline -0.004 -21"><span class='ocrx_word' id='word_1_25' title='bbox 448 879 616 949; x_wconf 81' lang='lat' dir='ltr'><strong>domuerat,</strong></span> <span class='ocrx_word' id='word_1_26' title='bbox 650 901 685 938; x_wconf 92' lang='lat' dir='ltr'><strong>eo</strong></span> <span class='ocrx_word' id='word_1_27' title='bbox 713 882 825 956; x_wconf 78' lang='lat' dir='ltr'>gratior</span> <span class='ocrx_word' id='word_1_28' title='bbox 853 880 931 955; x_wconf 91' lang='lat' dir='ltr'><strong>plebi</strong></span> <span class='ocrx_word' id='word_1_29' title='bbox 957 880 1146 954; x_wconf 88' lang='lat' dir='ltr'><strong>patribusque</strong></span> <span class='ocrx_word' id='word_1_30' title='bbox 1177 878 1247 948; x_wconf 77' lang='lat' dir='ltr'><strong>suit,</strong></span> <span class='ocrx_word' id='word_1_31' title='bbox 1280 896 1338 950; x_wconf 91' lang='lat' dir='ltr'><strong>quo</strong></span> <span class='ocrx_word' id='word_1_32' title='bbox 1367 875 1504 931; x_wconf 78' lang='lat' dir='ltr'><strong>crudelius</strong></span> 
     </span>
     <span class='ocr_line' id='line_1_5' title="bbox 447 980 1504 1059; baseline -0.007 -18"><span class='ocrx_word' id='word_1_33' title='bbox 447 985 623 1059; x_wconf 87' lang='lat' dir='ltr'><strong>avariusque</strong></span> <span class='ocrx_word' id='word_1_34' title='bbox 648 986 677 1041; x_wconf 90' lang='lat' dir='ltr'><strong>in</strong></span> <span class='ocrx_word' id='word_1_35' title='bbox 701 986 818 1044; x_wconf 78' lang='lat' dir='ltr'><strong>Graecia</strong></span> <span class='ocrx_word' id='word_1_36' title='bbox 845 986 982 1059; x_wconf 84' lang='lat' dir='ltr'><strong>bellatum</strong></span> <span class='ocrx_word' id='word_1_37' title='bbox 1013 995 1041 1042; x_wconf 93' lang='lat' dir='ltr'><strong>et</strong></span> <span class='ocrx_word' id='word_1_38' title='bbox 1070 986 1107 1041; x_wconf 88' lang='lat' dir='ltr'><strong>ab</strong></span> <span class='ocrx_word' id='word_1_39' title='bbox 1135 982 1253 1041; x_wconf 88' lang='lat' dir='ltr'><strong>consule</strong></span> <span class='ocrx_word' id='word_1_40' title='bbox 1274 980 1387 1037; x_wconf 89' lang='lat' dir='ltr'><strong>Licinio</strong></span> <span class='ocrx_word' id='word_1_41' title='bbox 1415 987 1443 1035; x_wconf 93' lang='lat' dir='ltr'><strong>et</strong></span> <span class='ocrx_word' id='word_1_42' title='bbox 1471 980 1504 1035; x_wconf 90' lang='lat' dir='ltr'><strong>ab</strong></span> 
     </span>
     <span class='ocr_line' id='line_1_6' title="bbox 407 1086 1505 1164; baseline -0.007 -18"><span class='ocrx_word' id='word_1_43' title='bbox 407 1088 583 1147; x_wconf 83' lang='lat' dir='ltr'><strong>liLucretio</strong></span> <span class='ocrx_word' id='word_1_44' title='bbox 616 1099 740 1164; x_wconf 80' lang='lat' dir='ltr'><strong>praetore</strong></span> <span class='ocrx_word' id='word_1_45' title='bbox 771 1098 842 1146; x_wconf 90' lang='lat' dir='ltr'><strong>erat.</strong></span> <span class='ocrx_word' id='word_1_46' title='bbox 899 1090 1064 1147; x_wconf 87' lang='lat' dir='ltr'><strong>Lucretium</strong></span> <span class='ocrx_word' id='word_1_47' title='bbox 1094 1088 1201 1145; x_wconf 87' lang='lat' dir='ltr'><strong>tribuni</strong></span> <span class='ocrx_word' id='word_1_48' title='bbox 1234 1086 1326 1161; x_wconf 88' lang='lat' dir='ltr'><strong>plebis</strong></span> <span class='ocrx_word' id='word_1_49' title='bbox 1363 1086 1505 1141; x_wconf 90' lang='lat' dir='ltr'><strong>absentem</strong></span> 
     </span>
     <span class='ocr_line' id='line_1_7' title="bbox 447 1190 1506 1267; baseline -0.007 -17"><span class='ocrx_word' id='word_1_50' title='bbox 447 1194 629 1251; x_wconf 79' lang='lat' dir='ltr'><strong>contionibus</strong></span> <span class='ocrx_word' id='word_1_51' title='bbox 652 1194 780 1250; x_wconf 81' lang='lat' dir='ltr'><strong>adsiduis</strong></span> <span class='ocrx_word' id='word_1_52' title='bbox 806 1194 991 1264; x_wconf 80' lang='lat' dir='ltr'><strong>lacerabant,</strong></span> <span class='ocrx_word' id='word_1_53' title='bbox 1020 1214 1084 1251; x_wconf 84' lang='lat' dir='ltr'><strong>eum</strong></span> <span class='ocrx_word' id='word_1_54' title='bbox 1112 1193 1276 1267; x_wconf 81' lang='lat' dir='ltr'><strong>reipubllcae</strong></span> <span class='ocrx_word' id='word_1_55' title='bbox 1298 1209 1389 1246; x_wconf 88' lang='lat' dir='ltr'><strong>causa</strong></span> <span class='ocrx_word' id='word_1_56' title='bbox 1411 1190 1506 1245; x_wconf 87' lang='lat' dir='ltr'><strong>abessa</strong></span> 
     </span>
     <span class='ocr_line' id='line_1_8' title="bbox 448 1298 1506 1371; baseline -0.008 -16"><span class='ocrx_word' id='word_1_57' title='bbox 448 1310 650 1368; x_wconf 83' lang='lat' dir='ltr'><strong>excusaretur3</strong></span> <span class='ocrx_word' id='word_1_58' title='bbox 677 1299 729 1355; x_wconf 89' lang='lat' dir='ltr'><strong>sed</strong></span> <span class='ocrx_word' id='word_1_59' title='bbox 749 1308 810 1355; x_wconf 90' lang='lat' dir='ltr'><strong>tum</strong></span> <span class='ocrx_word' id='word_1_60' title='bbox 825 1300 907 1355; x_wconf 70' lang='lat' dir='ltr'><strong>&#39;adeo</strong></span> <span class='ocrx_word' id='word_1_61' title='bbox 929 1300 1025 1357; x_wconf 82' lang='lat' dir='ltr'><strong>vicina</strong></span> <span class='ocrx_word' id='word_1_62' title='bbox 1046 1298 1133 1355; x_wconf 85' lang='lat' dir='ltr'><strong>etiam</strong></span> <span class='ocrx_word' id='word_1_63' title='bbox 1156 1298 1340 1371; x_wconf 86' lang='lat' dir='ltr'><strong>inexplorata</strong></span> <span class='ocrx_word' id='word_1_64' title='bbox 1362 1303 1455 1363; x_wconf 87' lang='lat' dir='ltr'><strong>erant,</strong></span> <span class='ocrx_word' id='word_1_65' title='bbox 1480 1299 1506 1347; x_wconf 88' lang='lat' dir='ltr'><strong>ut</strong></span> 
     </span>
     <span class='ocr_line' id='line_1_9' title="bbox 446 1403 1506 1478; baseline -0.008 -18"><span class='ocrx_word' id='word_1_66' title='bbox 446 1403 472 1461; x_wconf 87' lang='lat' dir='ltr'><strong>is</strong></span> <span class='ocrx_word' id='word_1_67' title='bbox 494 1424 528 1461; x_wconf 92' lang='lat' dir='ltr'><strong>eo</strong></span> <span class='ocrx_word' id='word_1_68' title='bbox 551 1414 680 1478; x_wconf 89' lang='lat' dir='ltr'><strong>tempore</strong></span> <span class='ocrx_word' id='word_1_69' title='bbox 701 1404 731 1460; x_wconf 90' lang='lat' dir='ltr'><strong>in</strong></span> <span class='ocrx_word' id='word_1_70' title='bbox 753 1422 825 1478; x_wconf 83' lang='lat' dir='ltr'><strong>agro</strong></span> <span class='ocrx_word' id='word_1_71' title='bbox 847 1422 902 1459; x_wconf 90' lang='lat' dir='ltr'><strong>suo</strong></span> <span class='ocrx_word' id='word_1_72' title='bbox 924 1404 1038 1459; x_wconf 88' lang='lat' dir='ltr'><strong>Antiati</strong></span> <span class='ocrx_word' id='word_1_73' title='bbox 1063 1412 1138 1459; x_wconf 86' lang='lat' dir='ltr'><strong>esset</strong></span> <span class='ocrx_word' id='word_1_74' title='bbox 1161 1419 1327 1475; x_wconf 85' lang='lat' dir='ltr'><strong>aquamque</strong></span> <span class='ocrx_word' id='word_1_75' title='bbox 1350 1420 1387 1455; x_wconf 81' lang='lat' dir='ltr'><strong>ex</strong></span> <span class='ocrx_word' id='word_1_76' title='bbox 1412 1415 1506 1454; x_wconf 85' lang='lat' dir='ltr'><strong>manu·</strong></span> 
     </span>
     <span class='ocr_line' id='line_1_10' title="bbox 408 1505 1506 1579; baseline -0.005 -16"><span class='ocrx_word' id='word_1_77' title='bbox 408 1511 423 1563; x_wconf 90' lang='grc'><strong>7</strong></span> <span class='ocrx_word' id='word_1_78' title='bbox 447 1509 502 1566; x_wconf 90' lang='lat' dir='ltr'><strong>biis</strong></span> <span class='ocrx_word' id='word_1_79' title='bbox 524 1509 645 1566; x_wconf 87' lang='lat' dir='ltr'><strong>Antium</strong></span> <span class='ocrx_word' id='word_1_80' title='bbox 676 1527 713 1563; x_wconf 81' lang='lat' dir='ltr'><strong>ex</strong></span> <span class='ocrx_word' id='word_1_81' title='bbox 742 1508 860 1563; x_wconf 88' lang='lat' dir='ltr'><strong>flumine</strong></span> <span class='ocrx_word' id='word_1_82' title='bbox 892 1508 1043 1565; x_wconf 77' lang='lat' dir='ltr'><strong>Loracinae</strong></span> <span class='ocrx_word' id='word_1_83' title='bbox 1071 1508 1197 1564; x_wconf 87' lang='lat' dir='ltr'><strong>duceret.</strong></span> <span class='ocrx_word' id='word_1_84' title='bbox 1244 1505 1280 1562; x_wconf 91' lang='lat' dir='ltr'><strong>Id</strong></span> <span class='ocrx_word' id='word_1_85' title='bbox 1302 1523 1377 1579; x_wconf 89' lang='lat' dir='ltr'><strong>opus</strong></span> <span class='ocrx_word' id='word_1_86' title='bbox 1400 1513 1506 1559; x_wconf 86' lang='lat' dir='ltr'><strong>centum</strong></span> 
     </span>
     <span class='ocr_line' id='line_1_11' title="bbox 447 1606 1506 1689; baseline -0.008 -19"><span class='ocrx_word' id='word_1_87' title='bbox 447 1614 565 1689; x_wconf 81' lang='lat' dir='ltr'><strong>triginta</strong></span> <span class='ocrx_word' id='word_1_88' title='bbox 594 1613 708 1669; x_wconf 92' lang='lat' dir='ltr'><strong>milibus</strong></span> <span class='ocrx_word' id='word_1_89' title='bbox 738 1612 803 1668; x_wconf 74' lang='lat' dir='ltr'><strong>aeris</strong></span> <span class='ocrx_word' id='word_1_90' title='bbox 829 1612 942 1668; x_wconf 80' lang='lat' dir='ltr'><strong>locasse</strong></span> <span class='ocrx_word' id='word_1_91' title='bbox 974 1612 1087 1671; x_wconf 87' lang='lat' dir='ltr'><strong>dicitur.</strong></span> <span class='ocrx_word' id='word_1_92' title='bbox 1140 1611 1263 1669; x_wconf 86' lang='lat' dir='ltr'><strong>Tabulis</strong></span> <span class='ocrx_word' id='word_1_93' title='bbox 1290 1627 1409 1683; x_wconf 88' lang='lat' dir='ltr'><strong>quoque</strong></span> <span class='ocrx_word' id='word_1_94' title='bbox 1431 1606 1506 1681; x_wconf 85' lang='lat' dir='ltr'><strong>pictis</strong></span> 
     </span>
     <span class='ocr_line' id='line_1_12' title="bbox 407 1706 1507 1792; baseline -0.008 -17"><span class='ocrx_word' id='word_1_95' title='bbox 407 1720 424 1775; x_wconf 92' lang='lat'><strong>8</strong></span> <span class='ocrx_word' id='word_1_96' title='bbox 447 1737 484 1773; x_wconf 85' lang='lat' dir='ltr'><strong>ex</strong></span> <span class='ocrx_word' id='word_1_97' title='bbox 505 1719 604 1791; x_wconf 85' lang='lat' dir='ltr'><strong>praeda</strong></span> <span class='ocrx_word' id='word_1_98' title='bbox 624 1716 724 1775; x_wconf 85' lang='lat' dir='ltr'><strong>fanum</strong></span> <span class='ocrx_word' id='word_1_99' title='bbox 747 1717 901 1792; x_wconf 85' lang='lat' dir='ltr'><strong>AEseulapi</strong></span> <span class='ocrx_word' id='word_1_100' title='bbox 924 1716 1084 1773; x_wconf 84' lang='lat' dir='ltr'><strong>exornavit.</strong></span> <span class='ocrx_word' id='word_1_101' title='bbox 1137 1716 1281 1773; x_wconf 88' lang='lat' dir='ltr'><strong>Invidiam</strong></span> <span class='ocrx_word' id='word_1_102' title='bbox 1304 1706 1507 1784; x_wconf 69' lang='lat' dir='ltr'><strong>infamiamque</strong></span> 
     </span>
     <span class='ocr_line' id='line_1_13' title="bbox 448 1816 1506 1891; baseline -0.005 -14"><span class='ocrx_word' id='word_1_103' title='bbox 448 1823 486 1878; x_wconf 89' lang='lat' dir='ltr'><strong>ab</strong></span> <span class='ocrx_word' id='word_1_104' title='bbox 506 1823 642 1879; x_wconf 85' lang='lat' dir='ltr'><strong>Lucretio</strong></span> <span class='ocrx_word' id='word_1_105' title='bbox 663 1830 829 1877; x_wconf 86' lang='lat' dir='ltr'><strong>averterunt</strong></span> <span class='ocrx_word' id='word_1_106' title='bbox 850 1822 879 1877; x_wconf 91' lang='lat' dir='ltr'><strong>in</strong></span> <span class='ocrx_word' id='word_1_107' title='bbox 901 1822 1107 1891; x_wconf 77' lang='lat' dir='ltr'><strong>Hortensium,</strong></span> <span class='ocrx_word' id='word_1_108' title='bbox 1129 1838 1324 1877; x_wconf 84' lang='lat' dir='ltr'><strong>successorem</strong></span> <span class='ocrx_word' id='word_1_109' title='bbox 1351 1820 1429 1886; x_wconf 88' lang='lat' dir='ltr'><strong>eius,</strong></span> <span class='ocrx_word' id='word_1_110' title='bbox 1450 1816 1506 1873; x_wconf 90' lang='lat' dir='ltr'><strong>Ab·</strong></span> 
     </span>
     <span class='ocr_line' id='line_1_14' title="bbox 447 1924 1507 1999; baseline -0.005 -18"><span class='ocrx_word' id='word_1_111' title='bbox 447 1926 545 1981; x_wconf 86' lang='lat' dir='ltr'><strong>deritae</strong></span> <span class='ocrx_word' id='word_1_112' title='bbox 566 1926 663 1999; x_wconf 87' lang='lat' dir='ltr'><strong>legati,</strong></span> <span class='ocrx_word' id='word_1_113' title='bbox 684 1928 785 1982; x_wconf 86' lang='lat' dir='ltr'><strong>flentes</strong></span> <span class='ocrx_word' id='word_1_114' title='bbox 807 1937 874 1983; x_wconf 91' lang='lat' dir='ltr'><strong>ante</strong></span> <span class='ocrx_word' id='word_1_115' title='bbox 896 1924 1004 1983; x_wconf 86' lang='lat' dir='ltr'><strong>curiam</strong></span> <span class='ocrx_word' id='word_1_116' title='bbox 1029 1936 1247 1999; x_wconf 82' lang='lat' dir='ltr'><strong>querentesque,</strong></span> <span class='ocrx_word' id='word_1_117' title='bbox 1267 1924 1408 1997; x_wconf 89' lang='lat' dir='ltr'><strong>oppidum</strong></span> <span class='ocrx_word' id='word_1_118' title='bbox 1430 1938 1507 1977; x_wconf 87' lang='lat' dir='ltr'><strong>suum</strong></span> 
     </span>
     <span class='ocr_line' id='line_1_15' title="bbox 396 2024 1507 2105; baseline -0.009 -15"><span class='ocrx_word' id='word_1_119' title='bbox 396 2029 486 2090; x_wconf 63' lang='lat' dir='ltr'><strong>·9ssab</strong></span> <span class='ocrx_word' id='word_1_120' title='bbox 510 2030 668 2087; x_wconf 90' lang='lat' dir='ltr'><strong>Hortensio</strong></span> <span class='ocrx_word' id='word_1_121' title='bbox 690 2041 887 2105; x_wconf 86' lang='lat' dir='ltr'><strong>expugnatum</strong></span> <span class='ocrx_word' id='word_1_122' title='bbox 911 2050 945 2087; x_wconf 87' lang='lat' dir='ltr'><strong>ae</strong></span> <span class='ocrx_word' id='word_1_123' title='bbox 967 2031 1110 2105; x_wconf 83' lang='lat' dir='ltr'><strong>direptum</strong></span> <span class='ocrx_word' id='word_1_124' title='bbox 1133 2049 1205 2086; x_wconf 73' lang='lat' dir='ltr'><strong>esse,</strong></span> <span class='ocrx_word' id='word_1_125' title='bbox 1257 2028 1386 2085; x_wconf 89' lang='lat' dir='ltr'><strong>Causam</strong></span> <span class='ocrx_word' id='word_1_126' title='bbox 1411 2024 1507 2083; x_wconf 81' lang='lat' dir='ltr'><strong>excidii</strong></span> 
     </span>
     <span class='ocr_line' id='line_1_16' title="bbox 447 2130 1506 2207; baseline -0.007 -14"><span class='ocrx_word' id='word_1_127' title='bbox 447 2134 537 2193; x_wconf 79' lang='lat' dir='ltr'><strong>fuisse</strong></span> <span class='ocrx_word' id='word_1_128' title='bbox 567 2135 645 2204; x_wconf 89' lang='lat' dir='ltr'><strong>urbi,</strong></span> <span class='ocrx_word' id='word_1_129' title='bbox 678 2136 769 2207; x_wconf 92' lang='lat' dir='ltr'><strong>quod,</strong></span> <span class='ocrx_word' id='word_1_130' title='bbox 803 2153 868 2191; x_wconf 91' lang='lat' dir='ltr'><strong>cum</strong></span> <span class='ocrx_word' id='word_1_131' title='bbox 899 2148 1012 2192; x_wconf 86' lang='lat' dir='ltr'><strong>eentum</strong></span> <span class='ocrx_word' id='word_1_132' title='bbox 1041 2136 1120 2192; x_wconf 90' lang='lat' dir='ltr'><strong>milia</strong></span> <span class='ocrx_word' id='word_1_133' title='bbox 1148 2135 1297 2191; x_wconf 85' lang='lat' dir='ltr'><strong>denarium</strong></span> <span class='ocrx_word' id='word_1_134' title='bbox 1328 2145 1358 2189; x_wconf 88' lang='lat' dir='ltr'><strong>et</strong></span> <span class='ocrx_word' id='word_1_135' title='bbox 1379 2130 1506 2188; x_wconf 82' lang='lat' dir='ltr'><strong>tritieiL</strong></span> 
     </span>
     <span class='ocr_line' id='line_1_17' title="bbox 447 2232 1507 2316; baseline -0.008 -18"><span class='ocrx_word' id='word_1_136' title='bbox 447 2232 531 2298; x_wconf 86' lang='lat' dir='ltr'><strong>milia¹</strong></span> <span class='ocrx_word' id='word_1_137' title='bbox 557 2241 684 2297; x_wconf 91' lang='lat' dir='ltr'><strong>modium</strong></span> <span class='ocrx_word' id='word_1_138' title='bbox 710 2239 876 2314; x_wconf 88' lang='lat' dir='ltr'><strong>imperaret,</strong></span> <span class='ocrx_word' id='word_1_139' title='bbox 906 2242 1030 2316; x_wconf 87' lang='lat' dir='ltr'><strong>spatium</strong></span> <span class='ocrx_word' id='word_1_140' title='bbox 1060 2242 1209 2315; x_wconf 90' lang='lat' dir='ltr'><strong>petierint,</strong></span> <span class='ocrx_word' id='word_1_141' title='bbox 1238 2257 1295 2313; x_wconf 88' lang='lat' dir='ltr'><strong>quo</strong></span> <span class='ocrx_word' id='word_1_142' title='bbox 1317 2239 1354 2294; x_wconf 89' lang='lat' dir='ltr'><strong>de</strong></span> <span class='ocrx_word' id='word_1_143' title='bbox 1376 2242 1507 2294; x_wconf 84' lang='lat' dir='ltr'><strong>eareat</strong></span> 
     </span>
     <span class='ocr_line' id='line_1_18' title="bbox 388 2343 1504 2418; baseline -0.009 -12"><span class='ocrx_word' id='word_1_144' title='bbox 388 2352 424 2406; x_wconf 86' lang='lat' dir='ltr'><strong>to</strong></span> <span class='ocrx_word' id='word_1_145' title='bbox 448 2347 487 2404; x_wconf 90' lang='lat' dir='ltr'><strong>ad</strong></span> <span class='ocrx_word' id='word_1_146' title='bbox 509 2345 666 2403; x_wconf 84' lang='lat' dir='ltr'><strong>Hostilium</strong></span> <span class='ocrx_word' id='word_1_147' title='bbox 688 2345 835 2401; x_wconf 81' lang='lat' dir='ltr'><strong>consulem</strong></span> <span class='ocrx_word' id='word_1_148' title='bbox 857 2355 887 2401; x_wconf 88' lang='lat' dir='ltr'><strong>et</strong></span> <span class='ocrx_word' id='word_1_149' title='bbox 909 2348 1032 2403; x_wconf 85' lang='lat' dir='ltr'><strong>Romam</strong></span> <span class='ocrx_word' id='word_1_150' title='bbox 1057 2346 1203 2403; x_wconf 86' lang='lat' dir='ltr'><strong>mitterent</strong></span> <span class='ocrx_word' id='word_1_151' title='bbox 1224 2346 1345 2418; x_wconf 88' lang='lat' dir='ltr'><strong>legatos.</strong></span> <span class='ocrx_word' id='word_1_152' title='bbox 1383 2343 1504 2399; x_wconf 85' lang='lat' dir='ltr'><strong>Vixdum</strong></span> 
     </span>
     <span class='ocr_line' id='line_1_19' title="bbox 447 2425 1504 2525; baseline -0.008 -16"><span class='ocrx_word' id='word_1_153' title='bbox 447 2453 486 2509; x_wconf 91' lang='lat' dir='ltr'><strong>ad</strong></span> <span class='ocrx_word' id='word_1_154' title='bbox 507 2451 653 2508; x_wconf 86' lang='lat' dir='ltr'><strong>consulem</strong></span> <span class='ocrx_word' id='word_1_155' title='bbox 675 2468 707 2505; x_wconf 91' lang='lat' dir='ltr'><strong>se</strong></span> <span class='ocrx_word' id='word_1_156' title='bbox 728 2450 910 2522; x_wconf 88' lang='lat' dir='ltr'><strong>pervenisse,</strong></span> <span class='ocrx_word' id='word_1_157' title='bbox 944 2425 976 2506; x_wconf 26' lang='lat' dir='ltr'><strong>et.</strong></span> <span class='ocrx_word' id='word_1_158' title='bbox 999 2450 1114 2507; x_wconf 91' lang='lat' dir='ltr'><strong>audisse</strong></span> <span class='ocrx_word' id='word_1_159' title='bbox 1144 2450 1281 2525; x_wconf 92' lang='lat' dir='ltr'><strong>oppidum</strong></span> <span class='ocrx_word' id='word_1_160' title='bbox 1303 2458 1504 2522; x_wconf 84' lang='lat' dir='ltr'><strong>expugnatum,</strong></span> 
     </span>
     <span class='ocr_line' id='line_1_20' title="bbox 387 2553 1505 2633; baseline -0.007 -20"><span class='ocrx_word' id='word_1_161' title='bbox 387 2558 418 2613; x_wconf 92' lang='lat' dir='ltr'><strong>ll</strong></span> <span class='ocrx_word' id='word_1_162' title='bbox 446 2557 590 2633; x_wconf 84' lang='lat' dir='ltr'><strong>principes</strong></span> <span class='ocrx_word' id='word_1_163' title='bbox 611 2555 705 2611; x_wconf 87' lang='lat' dir='ltr'><strong>securi</strong></span> <span class='ocrx_word' id='word_1_164' title='bbox 726 2573 889 2629; x_wconf 88' lang='lat' dir='ltr'><strong>pereussos,</strong></span> <span class='ocrx_word' id='word_1_165' title='bbox 907 2555 961 2611; x_wconf 89' lang='lat' dir='ltr'><strong>sub</strong></span> <span class='ocrx_word' id='word_1_166' title='bbox 976 2573 1085 2611; x_wconf 84' lang='lat' dir='ltr'><strong>corona</strong></span> <span class='ocrx_word' id='word_1_167' title='bbox 1103 2565 1214 2611; x_wconf 87' lang='lat' dir='ltr'><strong>eeteros</strong></span> <span class='ocrx_word' id='word_1_168' title='bbox 1232 2554 1355 2609; x_wconf 85' lang='lat' dir='ltr'><strong>venisse.</strong></span> <span class='ocrx_word' id='word_1_169' title='bbox 1389 2553 1505 2624; x_wconf 85' lang='lat' dir='ltr'><strong>Indigna</strong></span> 
     </span>
     <span class='ocr_line' id='line_1_21' title="bbox 444 2654 1505 2731; baseline -0.004 -16"><span class='ocrx_word' id='word_1_170' title='bbox 444 2680 489 2716; x_wconf 83' lang='lat' dir='ltr'><strong>res</strong></span> <span class='ocrx_word' id='word_1_171' title='bbox 514 2659 627 2717; x_wconf 85' lang='lat' dir='ltr'><strong>senatui</strong></span> <span class='ocrx_word' id='word_1_172' title='bbox 648 2660 730 2727; x_wconf 87' lang='lat' dir='ltr'><strong>visa,</strong></span> <span class='ocrx_word' id='word_1_173' title='bbox 762 2659 1008 2731; x_wconf 77' lang='lat' dir='ltr'><strong>decreveruntque</strong></span> <span class='ocrx_word' id='word_1_174' title='bbox 1030 2660 1131 2715; x_wconf 88' lang='lat' dir='ltr'><strong>eadem</strong></span> <span class='ocrx_word' id='word_1_175' title='bbox 1153 2660 1189 2715; x_wconf 91' lang='lat' dir='ltr'><strong>de</strong></span> <span class='ocrx_word' id='word_1_176' title='bbox 1210 2658 1371 2727; x_wconf 78' lang='lat' dir='ltr'><strong>Abderitis,</strong></span> <span class='ocrx_word' id='word_1_177' title='bbox 1393 2676 1459 2731; x_wconf 84' lang='lat' dir='ltr'><strong>quae</strong></span> <span class='ocrx_word' id='word_1_178' title='bbox 1478 2654 1505 2710; x_wconf 77' lang='lat' dir='ltr'><strong>ds</strong></span> 
     </span>
     <span class='ocr_line' id='line_1_22' title="bbox 446 2762 1504 2838; baseline -0.006 -19"><span class='ocrx_word' id='word_1_179' title='bbox 446 2763 594 2820; x_wconf 73' lang='lat' dir='ltr'><strong>Coronaeis</strong></span> <span class='ocrx_word' id='word_1_180' title='bbox 626 2764 814 2820; x_wconf 85' lang='lat' dir='ltr'><strong>decreverant</strong></span> <span class='ocrx_word' id='word_1_181' title='bbox 847 2764 945 2838; x_wconf 87' lang='lat' dir='ltr'><strong>priore</strong></span> <span class='ocrx_word' id='word_1_182' title='bbox 975 2783 1068 2835; x_wconf 84' lang='lat' dir='ltr'><strong>anno,</strong></span> <span class='ocrx_word' id='word_1_183' title='bbox 1105 2765 1264 2836; x_wconf 89' lang='lat' dir='ltr'><strong>eademque</strong></span> <span class='ocrx_word' id='word_1_184' title='bbox 1295 2780 1349 2835; x_wconf 88' lang='lat' dir='ltr'><strong>pro</strong></span> <span class='ocrx_word' id='word_1_185' title='bbox 1379 2762 1504 2818; x_wconf 85' lang='lat' dir='ltr'><strong>contione</strong></span> 
     </span>
     <span class='ocr_line' id='line_1_23' title="bbox 385 2862 1546 2942; baseline -0.006 -16"><span class='ocrx_word' id='word_1_186' title='bbox 385 2870 422 2926; x_wconf 80' lang='lat'><strong>12</strong></span> <span class='ocrx_word' id='word_1_187' title='bbox 445 2867 557 2924; x_wconf 83' lang='lat' dir='ltr'><strong>edicere</strong></span> <span class='ocrx_word' id='word_1_188' title='bbox 585 2868 622 2940; x_wconf 80' lang='lat' dir='ltr'><strong>Q.</strong></span> <span class='ocrx_word' id='word_1_189' title='bbox 641 2867 778 2923; x_wconf 75' lang='lat' dir='ltr'><strong>Maenium</strong></span> <span class='ocrx_word' id='word_1_190' title='bbox 805 2877 957 2942; x_wconf 88' lang='lat' dir='ltr'><strong>praetorem</strong></span> <span class='ocrx_word' id='word_1_191' title='bbox 985 2870 1138 2930; x_wconf 89' lang='lat' dir='ltr'><strong>iusserunt.</strong></span> <span class='ocrx_word' id='word_1_192' title='bbox 1186 2869 1225 2925; x_wconf 83' lang='lat' dir='ltr'><strong>Et</strong></span> <span class='ocrx_word' id='word_1_193' title='bbox 1253 2862 1343 2940; x_wconf 56' lang='lat' dir='ltr'><strong>legati</strong></span> <span class='ocrx_word' id='word_1_194' title='bbox 1375 2867 1450 2936; x_wconf 91' lang='lat' dir='ltr'><strong>duo,</strong></span> <span class='ocrx_word' id='word_1_195' title='bbox 1476 2862 1504 2921; x_wconf 84' lang='lat' dir='ltr'><strong>C.</strong></span> <span class='ocrx_word' id='word_1_196' title='bbox 1545 2890 1546 2919; x_wconf 73' lang='lat' dir='ltr'><strong>t</strong></span> 
     </span>
     <span class='ocr_line' id='line_1_24' title="bbox 446 2969 1504 3046; baseline -0.004 -17"><span class='ocrx_word' id='word_1_197' title='bbox 446 2971 634 3046; x_wconf 88' lang='lat' dir='ltr'><strong>Sempronius</strong></span> <span class='ocrx_word' id='word_1_198' title='bbox 657 2971 782 3042; x_wconf 86' lang='lat' dir='ltr'><strong>Blaesus,</strong></span> <span class='ocrx_word' id='word_1_199' title='bbox 812 2971 880 3031; x_wconf 87' lang='lat' dir='ltr'><strong>Sex.</strong></span> <span class='ocrx_word' id='word_1_200' title='bbox 903 2973 995 3030; x_wconf 90' lang='lat' dir='ltr'><strong>lulius</strong></span> <span class='ocrx_word' id='word_1_201' title='bbox 1017 2972 1131 3043; x_wconf 87' lang='lat' dir='ltr'><strong>Caesar,</strong></span> <span class='ocrx_word' id='word_1_202' title='bbox 1154 2973 1191 3029; x_wconf 89' lang='lat' dir='ltr'><strong>ed</strong></span> <span class='ocrx_word' id='word_1_203' title='bbox 1211 2971 1406 3029; x_wconf 83' lang='lat' dir='ltr'><strong>restituendos</strong></span> <span class='ocrx_word' id='word_1_204' title='bbox 1429 2972 1458 3027; x_wconf 90' lang='lat' dir='ltr'><strong>in</strong></span> <span class='ocrx_word' id='word_1_205' title='bbox 1477 2969 1504 3025; x_wconf 92' lang='lat' dir='ltr'><strong>li-</strong></span> 
     </span>
     <span class='ocr_line' id='line_1_25' title="bbox 389 3058 1546 3146; baseline -0.005 -11"><span class='ocrx_word' id='word_1_206' title='bbox 389 3080 424 3135; x_wconf 85' lang='lat' dir='ltr'><strong>ts</strong></span> <span class='ocrx_word' id='word_1_207' title='bbox 447 3076 587 3133; x_wconf 91' lang='lat' dir='ltr'><strong>bertatem</strong></span> <span class='ocrx_word' id='word_1_208' title='bbox 610 3076 769 3132; x_wconf 87' lang='lat' dir='ltr'><strong>Abderitas</strong></span> <span class='ocrx_word' id='word_1_209' title='bbox 793 3076 883 3133; x_wconf 89' lang='lat' dir='ltr'><strong>misai.</strong></span> <span class='ocrx_word' id='word_1_210' title='bbox 942 3078 1049 3134; x_wconf 88' lang='lat' dir='ltr'><strong>lisdem</strong></span> <span class='ocrx_word' id='word_1_211' title='bbox 1073 3078 1257 3146; x_wconf 89' lang='lat' dir='ltr'><strong>mandatum,</strong></span> <span class='ocrx_word' id='word_1_212' title='bbox 1279 3085 1311 3131; x_wconf 91' lang='lat' dir='ltr'><strong>ut</strong></span> <span class='ocrx_word' id='word_1_213' title='bbox 1332 3087 1362 3131; x_wconf 88' lang='lat' dir='ltr'><strong>et</strong></span> <span class='ocrx_word' id='word_1_214' title='bbox 1383 3074 1504 3132; x_wconf 86' lang='lat' dir='ltr'><strong>Hostilio</strong></span> <span class='ocrx_word' id='word_1_215' title='bbox 1545 3058 1546 3139; x_wconf 72' lang='lat' dir='ltr'><strong>l</strong></span> 
     </span>
    </p>
   </div>
   <div class='ocr_carea' id='block_1_3' title="bbox 445 3179 1546 3293">
    <p class='ocr_par' dir='ltr' id='par_1_3' title="bbox 445 3179 1546 3293">
     <span class='ocr_line' id='line_1_26' title="bbox 445 3179 1546 3293; baseline -0.003 -56"><span class='ocrx_word' id='word_1_216' title='bbox 445 3181 559 3237; x_wconf 81' lang='lat' dir='ltr'><strong>consuli</strong></span> <span class='ocrx_word' id='word_1_217' title='bbox 595 3191 623 3237; x_wconf 91' lang='lat' dir='ltr'><strong>et</strong></span> <span class='ocrx_word' id='word_1_218' title='bbox 649 3181 808 3238; x_wconf 89' lang='lat' dir='ltr'><strong>Hortensio</strong></span> <span class='ocrx_word' id='word_1_219' title='bbox 837 3181 954 3255; x_wconf 87' lang='lat' dir='ltr'><strong>praetori</strong></span> <span class='ocrx_word' id='word_1_220' title='bbox 982 3182 1163 3251; x_wconf 83' lang='lat' dir='ltr'><strong>nuntiarent,</strong></span> <span class='ocrx_word' id='word_1_221' title='bbox 1196 3190 1326 3236; x_wconf 89' lang='lat' dir='ltr'><strong>senatum</strong></span> <span class='ocrx_word' id='word_1_222' title='bbox 1360 3179 1504 3237; x_wconf 85' lang='lat' dir='ltr'><strong>Abderitis</strong></span> <span class='ocrx_word' id='word_1_223' title='bbox 1545 3208 1546 3293; x_wconf 55' lang='lat' dir='ltr'><strong>p</strong></span> 
     </span>
    </p>
   </div>
   <div class='ocr_carea' id='block_1_4' title="bbox 445 3272 1546 3367">
    <p class='ocr_par' dir='ltr' id='par_1_4' title="bbox 445 3272 1546 3367">
     <span class='ocr_line' id='line_1_27' title="bbox 445 3272 1546 3367; baseline -0.002 -26"><span class='ocrx_word' id='word_1_224' title='bbox 445 3284 581 3342; x_wconf 88' lang='lat' dir='ltr'><strong>iniustum</strong></span> <span class='ocrx_word' id='word_1_225' title='bbox 604 3287 709 3343; x_wconf 91' lang='lat' dir='ltr'><strong>bellum</strong></span> <span class='ocrx_word' id='word_1_226' title='bbox 731 3286 871 3356; x_wconf 90' lang='lat' dir='ltr'><strong>inlatum,</strong></span> <span class='ocrx_word' id='word_1_227' title='bbox 893 3286 1083 3359; x_wconf 83' lang='lat' dir='ltr'><strong>conquirique</strong></span> <span class='ocrx_word' id='word_1_228' title='bbox 1104 3302 1220 3355; x_wconf 91' lang='lat' dir='ltr'><strong>omnes,</strong></span> <span class='ocrx_word' id='word_1_229' title='bbox 1249 3272 1351 3357; x_wconf 88' lang='lat' dir='ltr'><strong>quiin</strong></span> <span class='ocrx_word' id='word_1_230' title='bbox 1373 3286 1505 3341; x_wconf 87' lang='lat' dir='ltr'><strong>servitute</strong></span> <span class='ocrx_word' id='word_1_231' title='bbox 1545 3320 1546 3367; x_wconf 45' lang='lat' dir='ltr'><strong>q</strong></span> 
     </span>
    </p>
   </div>
   <div class='ocr_carea' id='block_1_5' title="bbox 445 3390 1195 3460">
    <p class='ocr_par' dir='ltr' id='par_1_5' title="bbox 445 3390 1195 3460">
     <span class='ocr_line' id='line_1_28' title="bbox 445 3390 1195 3460; baseline -0.001 -15"><span class='ocrx_word' id='word_1_232' title='bbox 445 3390 510 3460; x_wconf 87' lang='lat' dir='ltr'><strong>sint,</strong></span> <span class='ocrx_word' id='word_1_233' title='bbox 532 3400 562 3446; x_wconf 90' lang='lat' dir='ltr'><strong>et</strong></span> <span class='ocrx_word' id='word_1_234' title='bbox 581 3392 692 3448; x_wconf 88' lang='lat' dir='ltr'><strong>restitui</strong></span> <span class='ocrx_word' id='word_1_235' title='bbox 713 3390 743 3446; x_wconf 91' lang='lat' dir='ltr'><strong>in</strong></span> <span class='ocrx_word' id='word_1_236' title='bbox 763 3391 936 3460; x_wconf 88' lang='lat' dir='ltr'><strong>libertatem,</strong></span> <span class='ocrx_word' id='word_1_237' title='bbox 958 3410 1047 3447; x_wconf 88' lang='lat' dir='ltr'><strong>aeoum</strong></span> <span class='ocrx_word' id='word_1_238' title='bbox 1070 3408 1195 3447; x_wconf 86' lang='lat' dir='ltr'><strong>censere.</strong></span> 
     </span>
    </p>
   </div>
   <div class='ocr_carea' id='block_1_6' title="bbox 446 3600 677 3611">
    <p class='ocr_par' dir='ltr' id='par_1_6' title="bbox 446 3600 677 3611">
     <span class='ocr_line' id='line_1_29' title="bbox 446 3600 677 3611; baseline -0.013 0"><span class='ocrx_word' id='word_1_239' title='bbox 446 3600 677 3611; x_wconf 76' lang='lat'>--—--—-——·—</span> 
     </span>
    </p>
   </div>
   <div class='ocr_carea' id='block_1_7' title="bbox 444 3715 1504 3786">
    <p class='ocr_par' dir='ltr' id='par_1_7' title="bbox 444 3715 1504 3786">
     <span class='ocr_line' id='line_1_30' title="bbox 444 3715 1504 3786; baseline -0.005 -20"><span class='ocrx_word' id='word_1_240' title='bbox 444 3718 470 3780; x_wconf 78' lang='grc'><strong>4,</strong></span> <span class='ocrx_word' id='word_1_241' title='bbox 481 3724 497 3766; x_wconf 79' lang='grc'><strong>3</strong></span> <span class='ocrx_word' id='word_1_242' title='bbox 508 3732 557 3781; x_wconf 86' lang='lat' dir='ltr'><strong>qus</strong></span> <span class='ocrx_word' id='word_1_243' title='bbox 574 3717 599 3776; x_wconf 79' lang='grc' dir='ltr'><strong>ὅ,</strong></span> <span class='ocrx_word' id='word_1_244' title='bbox 612 3723 623 3766; x_wconf 92' lang='lat'>1</span> <span class='ocrx_word' id='word_1_245' title='bbox 636 3718 691 3765; x_wconf 87' lang='lat' dir='ltr'><strong>aine</strong></span> <span class='ocrx_word' id='word_1_246' title='bbox 702 3718 852 3779; x_wconf 82' lang='lat' dir='ltr'><strong>sanguinem</strong></span> <span class='ocrx_word' id='word_1_247' title='bbox 880 3717 906 3778; x_wconf 86' lang='grc'><strong>6,</strong></span> <span class='ocrx_word' id='word_1_248' title='bbox 917 3724 933 3765; x_wconf 78' lang='lat'>³</span> <span class='ocrx_word' id='word_1_249' title='bbox 943 3723 1055 3766; x_wconf 85' lang='lat' dir='ltr'><strong>eranttut</strong></span> <span class='ocrx_word' id='word_1_250' title='bbox 1073 3723 1088 3765; x_wconf 80' lang='lat'>4</span> <span class='ocrx_word' id='word_1_251' title='bbox 1102 3716 1136 3765; x_wconf 84' lang='lat' dir='ltr'><strong>H.</strong></span> <span class='ocrx_word' id='word_1_252' title='bbox 1148 3717 1211 3764; x_wconf 88' lang='lat' dir='ltr'><strong>ineo</strong></span> <span class='ocrx_word' id='word_1_253' title='bbox 1221 3715 1372 3786; x_wconf 72' lang='lat' dir='ltr'><strong>egrotasset</strong></span> <span class='ocrx_word' id='word_1_254' title='bbox 1382 3727 1504 3778; x_wconf 83' lang='lat' dir='ltr'><strong>quamque</strong></span> 
     </span>
    </p>
   </div>
   <div class='ocr_carea' id='block_1_8' title="bbox 445 3806 1505 4313">
    <p class='ocr_par' dir='ltr' id='par_1_8' title="bbox 445 3806 1505 4313">
     <span class='ocr_line' id='line_1_31' title="bbox 445 3806 1504 3882; baseline -0.007 -9"><span class='ocrx_word' id='word_1_255' title='bbox 445 3820 471 3881; x_wconf 78' lang='lat'><strong>7,</strong></span> <span class='ocrx_word' id='word_1_256' title='bbox 482 3826 496 3869; x_wconf 97' lang='grc'>2</span> <span class='ocrx_word' id='word_1_257' title='bbox 507 3806 623 3869; x_wconf 83' lang='lat' dir='ltr'><strong>loooaase</strong></span> <span class='ocrx_word' id='word_1_258' title='bbox 641 3820 666 3878; x_wconf 92' lang='lat'><strong>8,</strong></span> <span class='ocrx_word' id='word_1_259' title='bbox 677 3825 691 3868; x_wconf 98' lang='grc'>2</span> <span class='ocrx_word' id='word_1_260' title='bbox 702 3828 847 3867; x_wconf 85' lang='lat' dir='ltr'><strong>auerterent</strong></span> <span class='ocrx_word' id='word_1_261' title='bbox 862 3820 866 3882; x_wconf 90' lang='grc' dir='ltr'>Ι</span> <span class='ocrx_word' id='word_1_262' title='bbox 883 3821 995 3869; x_wconf 88' lang='lat' dir='ltr'><strong>abderite</strong></span> <span class='ocrx_word' id='word_1_263' title='bbox 1019 3826 1034 3869; x_wconf 84' lang='lat'>3</span> <span class='ocrx_word' id='word_1_264' title='bbox 1054 3827 1245 3881; x_wconf 65' lang='lat' dir='ltr'><strong>querentesque</strong></span> <span class='ocrx_word' id='word_1_265' title='bbox 1273 3817 1297 3875; x_wconf 88' lang='grc'><strong>9,</strong></span> <span class='ocrx_word' id='word_1_266' title='bbox 1313 3822 1327 3865; x_wconf 97' lang='grc'>2</span> <span class='ocrx_word' id='word_1_267' title='bbox 1344 3833 1404 3865; x_wconf 90' lang='lat' dir='ltr'><strong>cum</strong></span> <span class='ocrx_word' id='word_1_268' title='bbox 1415 3820 1442 3866; x_wconf 87' lang='lat' dir='ltr'><strong>in</strong></span> <span class='ocrx_word' id='word_1_269' title='bbox 1454 3832 1504 3866; x_wconf 84' lang='lat' dir='ltr'><strong>cen·</strong></span> 
     </span>
     <span class='ocr_line' id='line_1_32' title="bbox 446 3886 1504 3973; baseline -0.003 -19"><span class='ocrx_word' id='word_1_270' title='bbox 446 3913 500 3954; x_wconf 86' lang='lat' dir='ltr'><strong>tum</strong></span> <span class='ocrx_word' id='word_1_271' title='bbox 508 3907 577 3954; x_wconf 88' lang='lat' dir='ltr'><strong>milia</strong></span> <span class='ocrx_word' id='word_1_272' title='bbox 595 3886 775 3973; x_wconf 69' lang='lat' dir='ltr'><strong>simpelraretl</strong></span> <span class='ocrx_word' id='word_1_273' title='bbox 785 3904 860 3969; x_wconf 69' lang='lat' dir='ltr'><strong>Grpe.</strong></span> <span class='ocrx_word' id='word_1_274' title='bbox 868 3907 996 3969; x_wconf 87' lang='lat' dir='ltr'><strong>petierunt</strong></span> <span class='ocrx_word' id='word_1_275' title='bbox 1004 3903 1007 3969; x_wconf 89' lang='grc' dir='ltr'>Ι</span> <span class='ocrx_word' id='word_1_276' title='bbox 1016 3907 1084 3967; x_wconf 90' lang='lat' dir='ltr'><strong>quod</strong></span> <span class='ocrx_word' id='word_1_277' title='bbox 1093 3920 1123 3952; x_wconf 89' lang='lat' dir='ltr'><strong>ea</strong></span> <span class='ocrx_word' id='word_1_278' title='bbox 1130 3920 1156 3953; x_wconf 91' lang='lat' dir='ltr'><strong>re</strong></span> <span class='ocrx_word' id='word_1_279' title='bbox 1175 3904 1479 3965; x_wconf 57' lang='lat' dir='ltr'><strong>matemautensem</strong></span> <span class='ocrx_word' id='word_1_280' title='bbox 1492 3908 1504 3951; x_wconf 79' lang='grc'>3</span> 
     </span>
     <span class='ocr_line' id='line_1_33' title="bbox 446 3989 1504 4055; baseline 0 -17"><span class='ocrx_word' id='word_1_281' title='bbox 446 4005 581 4055; x_wconf 84' lang='lat' dir='ltr'><strong>pereussos</strong></span> <span class='ocrx_word' id='word_1_282' title='bbox 598 4006 704 4053; x_wconf 33' lang='lat' dir='ltr'><strong>‚corona</strong></span> <span class='ocrx_word' id='word_1_283' title='bbox 730 3993 778 4041; x_wconf 90' lang='lat' dir='ltr'><strong>sub</strong></span> <span class='ocrx_word' id='word_1_284' title='bbox 800 4000 898 4041; x_wconf 86' lang='lat' dir='ltr'><strong>eeteros</strong></span> <span class='ocrx_word' id='word_1_285' title='bbox 950 3994 1051 4041; x_wconf 85' lang='lat' dir='ltr'><strong>uenisse</strong></span> <span class='ocrx_word' id='word_1_286' title='bbox 1078 4000 1104 4039; x_wconf 88' lang='lat' dir='ltr'><strong>et</strong></span> <span class='ocrx_word' id='word_1_287' title='bbox 1130 3992 1231 4039; x_wconf 87' lang='lat' dir='ltr'><strong>audisse</strong></span> <span class='ocrx_word' id='word_1_288' title='bbox 1264 3991 1269 4050; x_wconf 84' lang='grc' dir='ltr'>Ι</span> <span class='ocrx_word' id='word_1_289' title='bbox 1302 3989 1504 4051; x_wconf 82' lang='lat' dir='ltr'><strong>indignesenatui</strong></span> 
     </span>
     <span class='ocr_line' id='line_1_34' title="bbox 448 4072 1505 4143; baseline -0.002 -16"><span class='ocrx_word' id='word_1_290' title='bbox 448 4076 523 4127; x_wconf 82' lang='lat' dir='ltr'><strong>Gran.</strong></span> <span class='ocrx_word' id='word_1_291' title='bbox 534 4076 625 4143; x_wconf 72' lang='lat' dir='ltr'><strong>(Grpe.</strong></span> <span class='ocrx_word' id='word_1_292' title='bbox 636 4077 747 4138; x_wconf 83' lang='lat' dir='ltr'><strong>Indigna</strong></span> <span class='ocrx_word' id='word_1_293' title='bbox 756 4078 867 4137; x_wconf 87' lang='lat' dir='ltr'><strong>senatui)</strong></span> <span class='ocrx_word' id='word_1_294' title='bbox 886 4077 928 4137; x_wconf 89' lang='lat'><strong>11,</strong></span> <span class='ocrx_word' id='word_1_295' title='bbox 940 4084 954 4126; x_wconf 90' lang='grc'>2</span> <span class='ocrx_word' id='word_1_296' title='bbox 966 4093 1015 4140; x_wconf 90' lang='lat' dir='ltr'><strong>que</strong></span> <span class='ocrx_word' id='word_1_297' title='bbox 1028 4077 1143 4126; x_wconf 86' lang='lat' dir='ltr'><strong>eoroneis</strong></span> <span class='ocrx_word' id='word_1_298' title='bbox 1171 4076 1362 4137; x_wconf 70' lang='lat' dir='ltr'><strong>seandemquse</strong></span> <span class='ocrx_word' id='word_1_299' title='bbox 1383 4072 1505 4125; x_wconf 61' lang='lat' dir='ltr'><strong>dedicere</strong></span> 
     </span>
     <span class='ocr_line' id='line_1_35' title="bbox 446 4162 1505 4228; baseline -0.003 -16"><span class='ocrx_word' id='word_1_300' title='bbox 446 4178 502 4228; x_wconf 78' lang='lat' dir='ltr'><strong>qum</strong></span> <span class='ocrx_word' id='word_1_301' title='bbox 521 4164 638 4212; x_wconf 71' lang='lat' dir='ltr'><strong>manium</strong></span> <span class='ocrx_word' id='word_1_302' title='bbox 686 4162 880 4223; x_wconf 67' lang='lat' dir='ltr'><strong>mentetua</strong></span> <span class='ocrx_word' id='word_1_303' title='bbox 917 4164 1071 4212; x_wconf 83' lang='lat' dir='ltr'><strong>aabderim</strong></span> <span class='ocrx_word' id='word_1_304' title='bbox 1113 4162 1154 4222; x_wconf 89' lang='lat'><strong>13,</strong></span> <span class='ocrx_word' id='word_1_305' title='bbox 1176 4168 1186 4211; x_wconf 91' lang='lat'>1</span> <span class='ocrx_word' id='word_1_306' title='bbox 1208 4162 1288 4211; x_wconf 88' lang='lat' dir='ltr'><strong>isdem</strong></span> <span class='ocrx_word' id='word_1_307' title='bbox 1325 4165 1505 4213; x_wconf 80' lang='lat' dir='ltr'><strong>enuntiarem</strong></span> 
     </span>
     <span class='ocr_line' id='line_1_36' title="bbox 445 4251 1093 4313; baseline -0.005 -14"><span class='ocrx_word' id='word_1_308' title='bbox 445 4260 535 4299; x_wconf 86' lang='lat' dir='ltr'><strong>senatu</strong></span> <span class='ocrx_word' id='word_1_309' title='bbox 553 4252 700 4299; x_wconf 83' lang='lat' dir='ltr'><strong>nuntiarent</strong></span> <span class='ocrx_word' id='word_1_310' title='bbox 717 4252 840 4301; x_wconf 87' lang='lat' dir='ltr'><strong>abderitis</strong></span> <span class='ocrx_word' id='word_1_311' title='bbox 876 4254 892 4295; x_wconf 83' lang='grc'>3</span> <span class='ocrx_word' id='word_1_312' title='bbox 907 4251 1093 4313; x_wconf 71' lang='lat' dir='ltr'><strong>conquatiquae</strong></span> 
     </span>
    </p>
   </div>
   <div class='ocr_carea' id='block_1_9' title="bbox 0 0 1747 5084">
    <p class='ocr_par' dir='ltr' id='par_1_9' title="bbox 0 0 1747 5084">
     <span class='ocr_line' id='line_1_37' title="bbox 0 0 1747 5084; baseline 0 0"><span class='ocrx_word' id='word_1_313' title='bbox 0 0 1747 5084; x_wconf 95' lang='lat' dir='ltr'><strong> </strong></span> 
     </span>
    </p>
   </div>
  </div>
 </body>
</html>
