3475 5084
511 506 588 554 Liber
606 505 702 556 XLIV.
741 506 785 569 (A.
806 504 867 555 chr.
890 504 959 568 168.)
1185 509 1241 565 199

234 692 337 748 tatibus
360 702 388 748 et
407 691 617 767 impedimentis
638 711 742 770 pugna
763 693 833 749 illud
855 690 1023 767 opponitur:
1045 687 1130 763 Quid,
1148 691 1173 748 si
1193 692 1285 749 bostis

233 798 284 854 bac
312 797 485 873 interposita
511 809 595 857 nocte
624 800 747 869 abisset,
780 810 918 873 quantum
945 814 1043 861 rursus
1074 797 1220 871 sequendo
1249 816 1283 855 ec

232 902 343 977 penitus
372 902 403 959 in
430 902 560 962 nltimam
581 905 781 963 Macedoniam
815 902 1040 960 exhauriendum
1068 900 1176 959 laboris
1203 901 1285 959 erat?

232 1009 293 1083 Ego
315 1017 424 1079 autem,
445 1028 539 1084 neque
557 1030 722 1069 mansurum
740 1029 804 1069 enm
822 1026 916 1084 neque
931 1009 961 1065 in
979 1008 1069 1065 aciem
1085 1006 1183 1082 copias
1199 1008 1285 1065 educ·
1309 1017 1323 1071 7

232 1123 322 1171 tumm
349 1113 449 1185 fuisse,
471 1125 578 1175 certum
600 1118 703 1188 habeo,
725 1118 750 1175 si
771 1117 873 1174 cedere
893 1115 959 1173 hinc
980 1114 1136 1171 statuisset.
1169 1113 1284 1188 Quanto

232 1220 301 1277 enim
333 1218 449 1278 facilius
471 1221 552 1279 abire
577 1222 648 1295 fuit,
677 1241 741 1280 cum
767 1221 868 1297 procul
890 1222 1071 1291 abessemus,
1093 1238 1179 1294 quam
1201 1237 1285 1289 nunc,

231 1345 291 1416 com
314 1326 345 1382 in
373 1327 532 1385 cervicibus
552 1346 651 1387 sumus
674 1345 728 1385 nec
756 1325 858 1385 isllere
887 1346 940 1385 nos
969 1327 1090 1385 interdiu
1119 1334 1169 1383 aut
1201 1336 1285 1382 nocte

232 1432 362 1488 abeundo
390 1432 502 1506 potest?
550 1433 625 1502 Quid
652 1444 742 1491 autem
772 1442 816 1489 est
843 1434 927 1492 nobis
963 1430 1088 1510 optatius
1122 1450 1209 1506 quam
1244 1436 1325 1500 ut,8

232 1556 350 1613 quorum
375 1548 481 1609 castra,
502 1541 622 1615 praealta
642 1538 765 1597 fluminis
787 1539 852 1614 ripa
868 1549 939 1610 tuta,
960 1539 1037 1596 vallo
1059 1538 1175 1613 insuper
1195 1545 1285 1611 saepta

232 1663 262 1701 ac
281 1644 393 1703 crebris
418 1646 553 1714 turribus,
575 1664 745 1722 oppugnare
766 1645 861 1702 adorti
882 1662 990 1713 sumus,
1015 1660 1074 1712 eos,
1096 1642 1201 1701 relictis
1222 1660 1285 1699 mu·

232 1751 378 1819 nimentis,
410 1751 526 1826 agmine
559 1749 651 1809 effuso
679 1752 816 1809 abeuntes
835 1751 879 1808 ‘in
910 1750 1073 1825 patentibus
1107 1748 1215 1824 campis
1247 1748 1284 1805 ab

233 1868 307 1931 tergo
330 1837 521 1912 adoriamur?
578 1855 634 1912 Hm
659 1857 755 1915 dilatae
775 1875 880 1932 pugnae
902 1876 938 1913 ex
958 1857 1092 1913 hesterno
1114 1853 1159 1911 die
1179 1854 1209 1911 in
1230 1855 1284 1911 ho·

233 1962 357 2019 diernam
381 1979 476 2019 causae
494 1959 618 2021 fuerunt.
671 1964 807 2038 Pugnare
829 1964 903 2021 enim
928 1973 956 2019 et
977 1961 1032 2037 ipsi
1053 1960 1121 2017 mihi
1142 1959 1236 2035 placet
1257 1968 1285 2016 et
1307 1961 1325 2018 9

232 2068 300 2138 ideo,
323 2068 397 2142 quia
416 2085 469 2143 per
485 2066 608 2141 Elpeum
625 2085 738 2125 amnem
757 2075 849 2148 sapia
871 2070 909 2127 ad
931 2070 1043 2126 hostem
1064 2066 1113 2123 via
1134 2075 1205 2135 erat,
1227 2066 1285 2122 alio

233 2172 321 2246 saltu,
355 2171 473 2230 deiectis
501 2171 624 2229 hostium
653 2174 807 2249 praesidiis,
837 2194 944 2232 novom
972 2174 1026 2231 iter
1047 2172 1160 2249 aperui3
1193 2190 1285 2245 neque

233 2279 314 2353 prius,
337 2297 427 2354 quam
450 2278 641 2350 debellavere,
659 2280 831 2338 -absistam.“

309 2387 387 2443 Post
413 2385 488 2441 hanc
516 2384 676 2441 orationem
703 2386 846 2443 silentium
873 2384 942 2457 fuit,
972 2385 1076 2461 partim
1096 2382 1234 2441 traductis
1256 2382 1286 2438 in
1326 2376 1368 2448 40

232 2490 399 2549 sententiam
422 2489 492 2560 eius,
512 2490 616 2565 partim
634 2491 797 2549 verentibus
814 2492 1005 2567 nequicquam
1024 2489 1170 2555 offendere
1189 2488 1219 2544 in
1241 2505 1285 2558 eo,

233 2599 318 2671 quod,
343 2606 501 2671 utcumque
521 2597 760 2671 pretermissum,
791 2597 924 2654 revocari
948 2614 1007 2653 non
1026 2605 1140 2670 posset.
1183 2596 1230 2651 Ac
1251 2612 1287 2649 ne
1310 2596 1326 2652 2

234 2702 277 2760 illo
299 2706 366 2780 ipso
389 2702 503 2778 quidem
527 2703 573 2759 die
591 2711 642 2758 aut
658 2702 767 2759 consuli
782 2713 831 2761 aut
845 2703 907 2778 regi
926 2720 1053 2777 puprrora
1066 2701 1202 2776 pacabat,
1221 2701 1287 2772 rapi,

235 2810 307 2883 qnod
326 2827 381 2866 nec
403 2807 513 2878 fessos,
535 2817 567 2863 ut
586 2808 693 2883 pridie,
715 2828 752 2866 ex
774 2809 823 2865 via
851 2805 956 2882 neque'
972 2808 1148 2883 trepidantes
1175 2806 1205 2862 in
1226 2804 1288 2861 acie

234 2912 397 2972 instruenda
423 2922 452 2969 et
479 2913 599 2969 vixdum
629 2914 805 2989 compositos
840 2915 1031 2989 adgressurus
1061 2922 1137 2982 erat,
1168 2911 1287 2981 consuli,

235 3021 306 3092 quod
326 3021 359 3077 in
377 3018 460 3075 novis
482 3018 584 3075 caat-ris
607 3037 666 3075 non
686 3018 774 3094 ligna,
794 3038 854 3076 non
874 3019 1010 3095 pabulum
1030 3026 1197 3076 convectum
1217 3024 1287 3086 erat,

236 3124 271 3181 sd
295 3144 361 3200 qum
390 3125 515 3201 petenda
542 3142 578 3181 ex
604 3124 774 3200 propinquis
802 3125 880 3199 agris
907 3144 1015 3200 magna,
1039 3142 1107 3199 pars
1130 3123 1249 3179 militum
1272 3140 1288 3178 e

236 3231 331 3287 castris
362 3230 483 3291 exierat.
522 3231 635 3287 Neutro
667 3230 872 3305 imperatorum
902 3230 1031 3299 volente,
1060 3228 1194 3300 fortuna,
1223 3246 1286 3302 quae
1309 3230 1326 3286 3

236 3332 295 3407 plus
316 3335 442 3393 consiliis
462 3336 595 3394 humanis
618 3335 716 3412 pollet,
738 3336 882 3393 contraxit
897 3318 1051 3395 certamen.
1083 3335 1206 3391 Flumen
1226 3341 1287 3389 erat
1310 3337 1326 3390 4

237 3438 308 3497 haud
330 3459 466 3516 magnum
487 3443 605 3519 propius
627 3442 751 3499 hostium
773 3440 891 3511 castris,
924 3460 1039 3517 exque
1065 3449 1093 3496 et
1114 3438 1287 3497 Macedones

239 3688 260 3748 6,
278 3699 292 3739 4
311 3694 418 3757 panitas
436 3694 462 3741 in
480 3692 571 3740 ultima
606 3689 630 3749 7,
650 3695 665 3739 3
685 3704 758 3754 quem
777 3704 845 3750 nuno
881 3696 897 3738 4
916 3705 963 3739 nos
975 3703 1022 3738 nec
1035 3688 1144 3738 interdiu
1157 3697 1203 3736 aut
1214 3695 1290 3736 nocte

238 3776 384 3830 abeundtem
403 3787 441 3829 cst
459 3778 514 3844 My.
532 3778 587 3827 Em.
606 3777 661 3827 588
685 3775 773 3842 (Grpa.
799 3777 905 3827 sumus?
931 3775 985 3825 Nec
1003 3775 1103 3824 falleret
1120 3789 1167 3823 nos
1186 3788 1233 3822 nec
1251 3775 1288 3821 iu-

239 3867 314 3914 terdiu
331 3881 378 3917 nec
396 3875 472 3916 nocte
490 3866 615 3916 abeundo.
640 3863 709 3924 Quid
727 3873 812 3913 autem
830 3862 881 3928 est)
930 3862 955 3921 8,
976 3868 987 3911 1
1010 3869 1111 3926 optatus
1136 3875 1242 3924 quarum
1261 3868 1289 3907 ut

240 3971 348 4034 tuapte
366 3971 462 4020 crebris
509 3969 662 4018 tabcuntis
713 3969 894 4018 badoriantur
945 3966 969 4026 9,
988 3972 1002 4015 2
1021 3946 1064 4030 pel
1080 3982 1155 4031 supro
1171 3967 1289 4029 scriptor

241 4051 373 4120 lclpeium
393 4056 481 4123 (Grpa
500 4055 637 4121 Enipeum)
692 4057 795 4105 tabuit
846 4053 918 4127 XL,
938 4053 997 4112 22
1025 4061 1069 4103 aut
1086 4055 1140 4117 regi
1156 4053 1223 4115 quod
1241 4064 1288 4100 neo

242 4137 344 4208 Kreyss„
363 4144 410 4193 uici
427 4143 493 4208 qaod
515 4145 618 4208 placuit.
644 4142 718 4209 Gryn.
743 4152 788 4191 aut
811 4141 925 4201 consule,
944 4150 1072 4203 outrage,
1092 4140 1159 4203 quod
1180 4152 1227 4188 nec
1256 4164 1286 4173 -

241 4237 302 4278 crat:
328 4232 431 4281 musula
483 4236 498 4280 3
525 4231 674 4295 trepidantis
734 4235 748 4277 5
775 4230 847 4292 ligno
895 4232 908 4277 7
936 4229 1032 4277 exierat
1058 4242 1090 4277 ne
1117 4237 1156 4277 tot
1180 4228 1288 4291 impera-

243 4320 319 4367 torum
355 4316 379 4379 3,
399 4324 414 4367 2
433 4318 536 4369 consilis
572 4315 597 4377 4,
621 4323 632 4366 l
653 4316 765 4366 flunmen
802 4316 953 4380 2proprius
