3475 5084
484 530 541 586 190
742 524 821 579 Liber
837 522 936 574 XLIV.
976 523 1021 587 (A.
1041 538 1066 572 n.
1087 538 1109 573 o.
1130 522 1203 588 oss.)

438 713 517 771 bant.
561 711 597 767 ld
619 728 684 767 oum
706 709 813 768 nativis
835 710 947 780 diebus,
969 718 1069 767 urente
1095 707 1217 764 adsiduo
1240 692 1321 776 sole,x
1342 708 1434 777 fieret,
1455 714 1495 762 tot

438 818 576 873 horarum
599 823 681 887 astu
694 824 724 871 et
743 814 886 889 languore
913 816 993 891 ipsos
1015 814 1165 888 equosque
1185 812 1280 871 lessus
1301 811 1404 887 integri
1424 829 1496 887 saepe

381 928 410 980 tt
439 920 534 978 adorti
557 921 656 977 hostes
677 921 725 977 vel
746 920 833 996 pauci
854 920 953 995 plures
975 920 1132 978 vexabant.
1178 919 1284 993 ltaque
1306 918 1343 975 e'x
1364 916 1497 974 matutina

439 1026 564 1083 statione
586 1026 624 1082 ad
646 1025 796 1083 meridiam
818 1025 934 1095 decedi,
965 1033 994 1081 et
1021 1024 1050 1080 in
1072 1023 1331 1098 postmeridianam
1353 1022 1497 1079 succedere

440 1131 513 1189 alios
523 1132 622 1200 iussit3
640 1130 683 1188 ita
694 1148 852 1205 numquam
868 1128 1009 1205 fatigatos
1024 1147 1124 1186 recens
1135 1128 1228 1185 hostis
1246 1128 1368 1203 adgredi
1382 1136 1497 1203 poterat.

355 1232 397 1302 34
524 1237 683 1293 Herceum
705 1235 831 1292 itaiieri
854 1236 985 1310 placere,
1018 1234 1151 1291 contione
1181 1234 1343 1304 advocata,
1376 1252 1498 1309 pronun·
1553 1294 1554 1301 χ

398 1348 415 1400 2
438 1343 548 1412 basset,
574 1340 680 1397 adiecit
694 1340 955 1412 urbanaacontioui
968 1340 1185 1397 convenientem
1197 1339 1381 1397 orationem:
1408 1339 1497 1397 Unum
1553 1316 1554 1327 ἵ

436 1448 644 1522 imperatorem
668 1445 697 1503 in
719 1444 848 1503 exercitu
870 1446 1024 1521 providere
1046 1434 1247 1509 etoonsulere,
1270 1443 1340 1519 quid
1363 1442 1498 1518 agendum

438 1552 485 1621 sit,
507 1552 621 1620 debere,
643 1568 719 1607 nuno
741 1569 794 1626 per
814 1568 856 1621 se,
877 1568 953 1607 nuno
975 1568 1039 1607 cum
1060 1548 1106 1620 iis,
1128 1566 1202 1623 quos
1218 1548 1372 1606 advocarit
1391 1548 1422 1604 in
1436 1565 1500 1604 con-

438 1655 548 1725 silinm3
582 1655 631 1729 qni
662 1672 729 1712 noo
743 1656 800 1712 sint
822 1655 974 1727 advocati,
1006 1672 1056 1711 aos
1088 1674 1141 1712 neo
1165 1654 1264 1730 palam
1309 1672 1363 1710 neo
1395 1662 1499 1710 secreto

400 1762 415 1812 3
438 1760 549 1817 iactare
570 1758 692 1816 consilia
713 1776 776 1815 sna.
824 1758 946 1815 Militem
969 1758 1030 1814 baro
1052 1759 1109 1815 tria
1130 1778 1233 1817 ourare
1254 1759 1378 1827 debere,
1402 1776 1500 1833 corpus
1554 1788 1555 1811 t

440 1874 581 1939 utquam
606 1862 814 1920 validissimum
844 1872 874 1920 at
900 1862 1129 1938 pernicissimum
1159 1865 1283 1935 habeat,
1314 1881 1399 1920 arma
1428 1873 1500 1939 apta,

439 1969 534 2025 cibum
557 1978 692 2043 paratum
715 1968 753 2024 ad
776 1968 873 2025 subita
893 1966 1030 2041 imperia;
1059 1976 1157 2024 cetera
1179 1968 1254 2026 scire
1275 1969 1312 2025 de
1333 1986 1367 2025 se
1388 1969 1433 2025 dis
1452 1967 1500 2025 im·

299 2068 302 2073 ’
398 2081 414 2131 4
438 2072 610 2130 mortalibus
632 2081 662 2129 et
682 2049 851 2147 imperatdri
874 2090 928 2129 suo
948 2090 1024 2129 ourae
1046 2088 1119 2128 asse.
1160 2072 1196 2129 In
1218 2091 1276 2146 quo
1299 2074 1431 2131 exercitu
1453 2073 1500 2129 mi·

437 2177 503 2235 lites
525 2177 705 2248 consultant,
737 2179 897 2253 imperator
918 2176 1083 2233 rumoribus
1105 2177 1185 2251 volgi
1206 2177 1438 2253 circumagatur,
1465 2178 1500 2234 ibi

399 2294 415 2345 5
438 2282 509 2339 nihil
530 2282 659 2340 salutare
680 2300 753 2343 asse.
802 2284 850 2353 Sa,
874 2283 953 2357 quod
974 2281 1013 2338 ait
1034 2280 1160 2339 officinm
1182 2282 1385 2357 imperatoris,
1407 2284 1501 2357 prori-

438 2406 548 2457 surnm,
571 2396 603 2444 nt
627 2388 701 2445 bene
722 2388 856 2462 gerendae
876 2387 919 2443 rei
931 2386 1112 2445 occasionem
1127 2386 1163 2443 iis
1179 2388 1321 2461 praebeat;
1344 2387 1412 2445 illos
1427 2388 1500 2448 nihil

439 2510 497 2566 quo
519 2493 566 2549 die
586 2482 714 2549 futurum
737 2493 788 2561 sit,
825 2510 968 2566 quaerere,
996 2491 1045 2550 ubi
1081 2492 1180 2549 datum
1205 2492 1323 2567 signum
1356 2492 1409 2558 sit,
1445 2504 1498 2549 tun

396 2604 413 2657 6
436 2597 589 2654 militarem
612 2616 846 2673 navareopcram
857 2598 963 2654 debere.
1011 2598 1061 2654 Ab
1091 2597 1135 2653 his
1156 2596 1309 2672 praeceptis
1339 2599 1498 2655 contionem

436 2702 558 2772 dimisit,
591 2702 680 2776 volgo
702 2703 789 2760 etiam
811 2702 956 2760 veteranis
978 2701 1153 2773 fatentibus,
1181 2720 1213 2759 se
1234 2702 1284 2759 illo
1306 2704 1435 2777 primum
1458 2705 1498 2760 die

434 2818 584 2881 tamquam
606 2808 725 2878 tirones,
747 2808 817 2881 quid
839 2808 984 2882 agendum
1007 2817 1083 2864 esset
1103 2808 1133 2878 in
1156 2826 1189 2864 re
1210 2807 1337 2879 militari,
1358 2808 1497 2865 didicisse.

395 2926 410 2979 7
434 2912 504 2968 Non
526 2912 709 2969 sermonibus
730 2922 842 2969 tantum
864 2912 926 2982 his,
963 2930 1027 2970 oum
1059 2921 1169 2987 quanto
1197 2912 1322 2969 adsensu
1352 2914 1497 2971 audissent

434 3017 527 3074 verba
548 3018 695 3086 consulis,
717 3018 920 3088 ostenderunt,
942 3020 994 3076 aad
1015 3037 1111 3079 rerum
1134 3035 1261 3091 proeseus
1283 3017 1404 3075 effectus
1428 3030 1495 3075 arnt

393 3136 409 3190 8
433 3122 586 3179 Neminem
610 3122 678 3179 totis
700 3141 771 3180 mox
792 3124 895 3181 castris
918 3124 1048 3199 quietum
1070 3122 1201 3191 viderss;
1230 3140 1335 3180 acuere
1364 3124 1414 3181 alii
1438 3125 1495 3199 gla-

339 3210 342 3218 ’
431 3226 512 3297 dios,
532 3227 600 3285 'alii
621 3229 721 3302 galeas
750 3229 946 3304 bucculasque
967 3240 1132 3298 scutorum,
1170 3227 1219 3285 alii
1247 3228 1355 3285 loricas
1376 3238 1494 3305 tergora

432 3332 481 3389 alii
503 3341 606 3407 aptare
627 3333 743 3407 corpori
765 3352 848 3391 arma
870 3311 1053 3411 experirique
1074 3335 1129 3391 sub
1150 3335 1196 3391 his
1217 3335 1413 3392 membrorum
1437 3334 1495 3410 agi·

430 3435 558 3507 litatem,
594 3447 714 3512 quatere
738 3438 788 3495 alii
809 3440 884 3515 pila,
917 3441 966 3498 alii
998 3421 1118 3498 micare*
1137 3440 1242 3515 gladiis
1271 3458 1495 3515 mucronemque

429 3678 609 3743 iprofessos'
640 3681 775 3731 5adhorti
793 3683 891 3732 hosties
944 3681 987 3741 11,
1011 3688 1021 3731 1
1044 3697 1077 3731 ex
1102 3682 1196 3731 statiua
1219 3652 1328 3731 statione
1373 3686 1388 3727 2
1415 3678 1494 3743 (post-

427 3767 595 3815 meridianum
607 3765 659 3818 Ed.
674 3768 782 3818 Toacln.
796 3778 886 3819 tacente
896 3768 1107 3829 Forchbammero)
1152 3767 1278 3826 XXXIV,
1295 3767 1320 3825 1,
1344 3772 1355 3815 l
1377 3766 1493 3815 contione

425 3871 577 3918 adnuntiata
629 3871 660 3929 2,
684 3878 699 3920 3
724 3871 876 3922 aduocat-int
902 3873 990 3937 (crya.
1010 3873 1186 3934 advocaverit)
1231 3873 1374 3922 diaetarer
1396 3885 1405 3903 1
1426 3870 1492 3927 3,4

426 3970 487 4005 cura
524 3956 549 4016 4,
570 3963 585 4005 2
608 3958 735 4007 consultat
753 3958 854 4023 Kreyra
881 3958 974 4019 (Perit.
997 3960 1147 4018 cousulant;
1169 3956 1244 4023 Grya.
1257 3958 1346 4007 consul
1359 3957 1394 4014 etl
1407 3960 1410 4022 t
1424 3958 1492 4019 vulgi

424 4042 449 4103 6,
469 4048 484 4090 2
504 4044 525 4092 ia
543 4045 675 4107 praebeant
694 4045 698 4108 t
719 4044 782 4093 nihil
805 4046 903 4105 quodid
921 4044 976 4110 My.
1003 4044 1096 4111 (Grpe.
1116 4046 1181 4094 nihil
1203 4044 1278 4108 quid)
1322 4041 1492 4091 amilitaren

422 4143 517 4178 nauare
536 4130 568 4177 ab
580 4129 634 4194 My.
649 4129 736 4194 (Grpe.
748 4130 800 4179 mil.
821 4145 925 4194 operam
944 4145 1045 4181 narare.
1074 4132 1115 4181 Ab
1134 4141 1176 4181 oet.
1208 4132 1309 4180 Debere
1327 4127 1388 4177 add.
1408 4126 1490 4179 Weiss.

421 4214 466 4264 sed
480 4225 535 4280 port
552 4216 678 4278 querere)
725 4214 755 4276 7,
775 4222 790 4265 2
810 4217 929 4266 consules
945 4218 1054 4282 tramim
1091 4218 1117 4274 8,
1139 4225 1150 4268 1
1172 4220 1258 4267 nidere
1287 4214 1491 4278 2bnooolnsqne

420 4317 568 4379 (Weissenb.
588 4317 645 4366 aliis
663 4336 692 4367 er
707 4328 778 4383 porte
794 4321 967 4385 praeeuntibus:
985 4322 1168 4384 bucculasque,
1187 4328 1318 4371 scutorum
1338 4318 1354 4351 ⁴⁸
1374 4319 1426 4377 alii,
1445 4318 1489 4366 alii
1556 4312 1557 4315 '

418 4404 513 4453 loricas
530 4413 556 4454 ut
573 4403 688 4454 adduae
702 4414 799 4470 putetw
816 4424 897 4456 nomen
913 4408 992 4471 paras
1009 4407 1089 4470 scuti.)
