3475 5084
518 524 597 575 Liber
615 523 711 575 mv.
749 525 797 587 (A.
818 524 879 574 cur.
902 526 973 591 168.)
1179 530 1233 588 179

224 709 372 765 111ιιιιιιιιιιιι
394 711 495 767 urbam
512 710 643 785 pervenit
661 720 691 767 et
712 711 743 767 iu
761 710 826 785 ripa
839 710 966 769 fluminis
981 712 1042 769 Axi
1058 686 1155 786 posuit
1170 720 1276 775 castra.

227 812 302 871 Circa
322 813 511 879 Desudabam
540 817 570 874 in
591 816 716 873 Medica
748 816 892 873 exercitus
915 814 1068 873 Gallorum
1098 818 1277 888 consederat,

226 917 374 977 mercedem
395 928 514 995 pactam
536 921 698 997 opperiens.
749 921 796 978 Eo
827 921 913 983 mittit
934 921 1125 995 Antigonum,
1148 940 1185 978 ex
1207 941 1276 997 pur·
1300 926 1317 979 8

225 1024 324 1098 puratis
344 1043 444 1094 uuum,
465 1027 515 1100 qui
537 1027 647 1085 iuberet
670 1025 882 1083 multitudinem
895 1025 1048 1085 Gallorum
1072 1026 1109 1083 ad
1131 1028 1278 1104 Bylazora

225 1127 353 1201 (Paeonias
373 1129 399 1186 is
419 1129 502 1187 locus
524 1132 581 1204 est)
613 1141 712 1190 castra
733 1151 867 1202 movere,
901 1132 1044 1207 principes
1067 1134 1104 1189 ad
1127 1151 1158 1189 se
1178 1134 1278 1191 venire

224 1231 387 1306 frequentes.
433 1236 554 1293 LXXV
582 1236 663 1294 milia
689 1238 728 1294 ab
756 1238 837 1296 Axio
865 1237 984 1295 flumine
1011 1246 1040 1292 et
1069 1236 1172 1292 eastris
1200 1236 1277 1310 regis

224 1338 342 1399 aberant.
393 1342 468 1399 Hae
496 1340 635 1397 mandata
665 1342 704 1398 ad
722 1349 783 1399 'eos
814 1360 879 1399 cum
910 1341 1075 1416 pertulisset
1100 1336 1317 1415 Antigonus‚9

224 1443 439 1520 adiecissetque,
467 1462 521 1519 per
548 1452 687 1519 quantam
715 1447 844 1503 omnium
876 1455 1069 1521 preparatam
1098 1463 1168 1503 curu
1199 1444 1276 1519 regis

223 1549 325 1622 copiam
346 1549 417 1607 ituri
434 1548 540 1620 forent,
562 1549 723 1625 quibusque
737 1535 905 1608 muneribus
923 1550 1067 1626 principes
1091 1549 1276 1607 advenientes

223 1655 309 1724 vestis,
332 1655 447 1731 argenti
468 1672 667 1729 equorumque
684 1668 857 1732 excepturus
873 1674 926 1713 rex
941 1666 1025 1725 esset,
1047 1655 1083 1712 da
1098 1655 1143 1712 hie
1160 1654 1275 1728 quidem

223 1776 363 1817 securam
386 1760 555 1836 cognituros
575 1761 764 1837 respondent3
796 1760 884 1829 illud,
906 1760 984 1834 qnod
1004 1778 1129 1835 praesens
1150 1758 1277 1835 pepigis·
1303 1760 1338 1811 10

222 1876 283 1935 sent
303 1867 497 1941 interrogant,
518 1866 622 1940 ecquid
643 1885 755 1937 aurum,
778 1866 856 1940 quod
877 1865 908 1921 in
920 1865 1049 1939 singulos
1064 1865 1175 1940 pedites
1196 1864 1276 1938 equi·

223 1979 312 2045 tesqua
334 1972 523 2029 dividendum
544 1981 629 2041 esset,
651 1988 747 2027 secum
770 1968 958 2028 advexisset?
1000 1968 1074 2027 Cum
1097 1970 1135 2026 ad
1156 1969 1185 2026 id
1205 1968 1276 2026 nibil
1303 1969 1334 2023 11

223 2077 445 2149 responderetur,
456 2075 623 2144 Clondicus,
632 2076 750 2151 regulus
766 2093 876 2144 eorum,
896 2075 977 2131 abire
993 2074 1183 2148 nuntiareque
1193 2073 1277 2130 iussit

222 2182 282 2254 regi,
302 2182 358 2239 uisi
380 2200 485 2239 aurum
507 2179 682 2255 obsidesque
706 2181 893 2255 accepissent,
916 2197 1059 2253 nusquam
1082 2180 1148 2237 iude
1171 2178 1275 2237 Gallos

222 2284 323 2361 longius
345 2286 500 2361 vestigium
523 2295 660 2342 moturos.
704 2285 777 2343 Haec
797 2284 890 2341 relata
910 2284 973 2359 regi
995 2302 1058 2340 oum
1082 2294 1191 2352 essent,
1222 2283 1275 2340 ad·
1301 2283 1336 2338 12

223 2401 317 2449 vocato
339 2390 479 2459 consilio,
506 2409 587 2462 cum,
614 2390 683 2465 quid
706 2406 806 2446 omnes
833 2389 947 2445 suasuri
968 2395 1080 2455 essent,
1112 2396 1275 2461 appareret,

222 2494 282 2568 ipsc,
302 2498 434 2573 pecunias
457 2514 544 2570 quam
565 2496 649 2570 regni
669 2494 773 2551 melior
794 2504 901 2564 custos,
923 2492 1025 2550 institit
1047 2493 1083 2550 de
1104 2491 1226 2568 pertidia
1247 2503 1275 2550 et

220 2598 324 2659 feritate
345 2602 501 2661 Gallorum
525 2601 680 2666 disserere,
702 2600 857 2656 multorum
886 2599 945 2655 iam
974 2607 1041 2654 ante
1064 2597 1194 2654 cladibus
1224 2616 1274 2653 ex·
1301 2601 1335 2654 13

221 2714 305 2775 pcrta;
334 2706 530 2783 periculosum
560 2724 624 2763 esse
652 2715 762 2762 tautam
785 2705 994 2761 multitudinem
1019 2704 1049 2760 in
1070 2702 1273 2759 Macedoniam

221 2810 351 2883 accipere,
374 2831 408 2869 ac
429 2811 580 2887 graviores
601 2830 652 2869 eos
674 2812 769 2869 socios
787 2812 924 2879 habeant,
948 2828 1034 2883 quam
1052 2810 1151 2864 hostes
1166 2809 1275 2865 Roma·

220 2929 274 2970 uos.
327 2915 466 2992 Quinque
497 2915 579 2973 milia
609 2918 737 2991 equitum
770 2918 842 2973 satis
872 2933 950 2982 esse,
983 2915 1088 2989 quibus
1117 2921 1146 2969 et
1172 2912 1214 2969 uti
1238 2912 1275 2969 ad
1302 2910 1336 2963 14
1401 2900 1410 2909 ’

220 3016 314 3078 ballum
337 3023 450 3098 possint
478 3032 508 3080 et
542 3041 664 3097 quorum
687 3022 896 3079 multitudinem
919 3021 976 3096 ipsi
997 3038 1055 3075 non
1077 3018 1207 3075 timeant.

303 3129 478 3203 Apparebat
509 3127 657 3199 omnibus,
697 3128 858 3185 mercedem
890 3128 918 3181 in
956 3122 1136 3181 multitudiue
1174 3122 1275 3179 timere
1317 3107 1357 3177 27

221 3342 240 3403 7,
257 3354 271 3395 3
287 3349 314 3397 in
332 3350 435 3398 modica
484 3346 660 3395 tmercedem
681 3351 755 3407 capta
805 3343 832 3401 8,
862 3342 1059 3422 lautieuanum
1097 3340 1164 3386 tab
1201 3337 1275 3387 this

219 3447 295 3500 locum
310 3461 349 3503 est
393 3452 418 3512 9,
438 3456 454 3498 2
472 3463 611 3514 perquem
633 3455 755 3511 quantam
775 3474 806 3483 -
827 3447 928 3509 copiam
946 3446 1020 3495 intuli
1040 3443 1124 3493 forent
1143 3441 1197 3507 My.
1217 3440 1273 3490 Em.

220 3534 268 3585 578
286 3538 373 3605 (Gryn.
392 3552 439 3603 per
457 3538 525 3586 viam
544 3544 640 3600 quauta
656 3536 769 3584 omnium
787 3543 929 3597 proparate
947 3547 1010 3581 cura
1029 3532 1095 3593 regis
1115 3529 1190 3593 eopia
1208 3528 1274 3576 mul·

220 3622 311 3673 titudiui
336 3625 415 3689 t'oret)
451 3622 669 3686 tuestigurgeuti
705 3620 748 3681 10,
762 3626 777 3668 2
791 3622 877 3684 etquid
915 3617 1099 3667 subduxisset
1120 3614 1194 3665 Gron.
1231 3612 1274 3672 11,

221 3713 233 3755 1
251 3714 413 3761 ‘clondicus
430 3711 611 3772 iabirenuutia
630 3722 693 3770 ergo
711 3708 800 3771 inquid
819 3707 873 3768 regi
894 3704 948 3769 My.
960 3703 1015 3753 Em.
1027 3702 1084 3753 578
1102 3701 1193 3766 (Gryu.
1212 3700 1273 3760 Abi,

219 3801 405 3862 renuntiuergo‚
416 3799 506 3862 iuquit,
517 3798 584 3860 regi)
621 3794 662 3865 12,
678 3800 689 3843 1
708 3794 826 3842 aduocati
863 3799 879 3842 2
894 3792 955 3854 quin
971 3805 1059 3839 omnes
1075 3788 1191 3838 suaseuri
1208 3791 1276 3835 esset

219 3881 272 3939 13‚r
286 3885 359 3952 (hyn.
370 3887 502 3935 disserere.
514 3884 656 3932 Multorum
665 3906 697 3917 -·
707 3889 838 3945 expertum
866 3879 1060 3943 2periculosum
1073 3874 1112 3924 es't
1137 3875 1274 3936 Baoeipere

220 3974 342 4030 grauiores
377 3972 420 4030 14,
434 3978 443 4021 t
458 3972 545 4035 quinq.
560 3971 567 4032 i
583 3970 676 4018 satisse
688 3968 781 4031 quibus
792 3966 891 4031 Kreyss.
907 3964 998 4029 (Gryu.
1020 3972 1060 4011 sat
1079 3960 1144 4023 esse)
1182 3966 1197 4007 2
1215 3972 1275 4022 pos·

221 4066 269 4106 sant
285 4058 380 4127 ›Siesbye
415 4058 527 4115 xxvn,
546 4056 571 4115 1,
598 4062 609 4105 1
641 4056 782 4119 apparebat
804 4056 831 4102 in
858 4052 976 4101 omuibus
1000 4046 1148 4099 Florabellus
1175 4043 1273 4127 ¹(Drala

223 4144 280 4207 App.
297 4148 356 4195 iude
373 4146 458 4204 omn.)
478 4149 481 4210 i
501 4144 644 4193 mercedem
664 4139 853 4190 multitudinem
873 4138 928 4203 My.
943 4134 1071 4199 Emaiid.
1097 4132 1187 4197 (Gryn.
1207 4144 1274 4179 mer·

221 4232 299 4281 eedem
318 4231 498 4291 multitudiuis)
517 4230 586 4280 Fort.
608 4238 727 4293 praetereo
745 4224 894 4275 scribendum
918 4234 961 4274 out
983 4223 1009 4271 in
1032 4220 1196 4270 multitudiue
1215 4228 1273 4265 eum

221 4315 299 4367 timere
318 4329 361 4368 aut
377 4321 403 4369 iu
422 4318 583 4367 multitudiue
601 4316 692 4364 timeri.

1077 4394 1125 4446 ie*
