<?xml version="1.0" encoding="UTF-8"?>
<!DOCTYPE html PUBLIC "-//W3C//DTD XHTML 1.0 Transitional//EN"
    "http://www.w3.org/TR/xhtml1/DTD/xhtml1-transitional.dtd">
<html xmlns="http://www.w3.org/1999/xhtml" xml:lang="en" lang="en">
 <head>
  <title>
</title>
<meta http-equiv="Content-Type" content="text/html;charset=utf-8" />
  <meta name='ocr-system' content='tesseract 3.04.00' />
  <meta name='ocr-capabilities' content='ocr_page ocr_carea ocr_par ocr_line ocrx_word'/>
</head>
<body>
  <div class='ocr_page' id='page_1' title='image "./titiliviihistor02ussigoog_0100.png"; bbox 0 0 3475 5084; ppageno 0'>
   <div class='ocr_carea' id='block_1_1' title="bbox 452 513 1174 577">
    <p class='ocr_par' dir='ltr' id='par_1_1' title="bbox 452 513 1174 577">
     <span class='ocr_line' id='line_1_1' title="bbox 452 513 1174 577; baseline -0.004 -11"><span class='ocrx_word' id='word_1_1' title='bbox 452 524 489 577; x_wconf 85' lang='grc'>70</span> <span class='ocrx_word' id='word_1_2' title='bbox 728 517 806 565; x_wconf 84' lang='lat' dir='ltr'>Liber</span> <span class='ocrx_word' id='word_1_3' title='bbox 822 515 906 565; x_wconf 82' lang='lat' dir='ltr'>XLII.</span> <span class='ocrx_word' id='word_1_4' title='bbox 945 515 991 577; x_wconf 73' lang='lat' dir='ltr'>(A,</span> <span class='ocrx_word' id='word_1_5' title='bbox 1011 530 1036 564; x_wconf 86' lang='lat' dir='ltr'>a.</span> <span class='ocrx_word' id='word_1_6' title='bbox 1057 531 1080 565; x_wconf 82' lang='lat' dir='ltr'>c.</span> <span class='ocrx_word' id='word_1_7' title='bbox 1100 513 1174 576; x_wconf 74' lang='grc'><strong>588.)</strong></span> 
     </span>
    </p>
   </div>
   <div class='ocr_carea' id='block_1_2' title="bbox 327 696 1481 2871">
    <p class='ocr_par' dir='ltr' id='par_1_2' title="bbox 406 696 1481 776">
     <span class='ocr_line' id='line_1_2' title="bbox 406 696 1481 776; baseline -0.006 -17"><span class='ocrx_word' id='word_1_8' title='bbox 406 700 613 759; x_wconf 83' lang='lat' dir='ltr'>maturandum</span> <span class='ocrx_word' id='word_1_9' title='bbox 630 718 709 771; x_wconf 87' lang='lat' dir='ltr'>esse;</span> <span class='ocrx_word' id='word_1_10' title='bbox 730 701 893 772; x_wconf 83' lang='lat' dir='ltr'>victoriam,</span> <span class='ocrx_word' id='word_1_11' title='bbox 915 700 1103 776; x_wconf 90' lang='lat' dir='ltr'>triumphum,</span> <span class='ocrx_word' id='word_1_12' title='bbox 1124 696 1359 775; x_wconf 62' lang='lat' dir='ltr'>propagationem</span> <span class='ocrx_word' id='word_1_13' title='bbox 1370 698 1481 772; x_wconf 62' lang='lat' dir='ltr'>alapam·</span> 
     </span>
    </p>

    <p class='ocr_par' dir='ltr' id='par_1_3' title="bbox 350 804 1480 1300">
     <span class='ocr_line' id='line_1_3' title="bbox 350 804 1478 881; baseline -0.006 -16"><span class='ocrx_word' id='word_1_14' title='bbox 350 812 385 865; x_wconf 88' lang='lat'>10</span> <span class='ocrx_word' id='word_1_15' title='bbox 403 805 543 881; x_wconf 78' lang='lat' dir='ltr'>portendi.</span> <span class='ocrx_word' id='word_1_16' title='bbox 589 805 698 876; x_wconf 85' lang='lat' dir='ltr'>Patres,</span> <span class='ocrx_word' id='word_1_17' title='bbox 721 807 928 881; x_wconf 82' lang='lat' dir='ltr'>quodfaustum</span> <span class='ocrx_word' id='word_1_18' title='bbox 949 806 1080 881; x_wconf 81' lang='lat' dir='ltr'><strong>felixque</strong></span> <span class='ocrx_word' id='word_1_19' title='bbox 1101 804 1211 881; x_wconf 92' lang='lat' dir='ltr'>populo</span> <span class='ocrx_word' id='word_1_20' title='bbox 1232 805 1367 863; x_wconf 80' lang='lat' dir='ltr'>Romano</span> <span class='ocrx_word' id='word_1_21' title='bbox 1390 810 1478 871; x_wconf 84' lang='lat' dir='ltr'>asset,</span> 
     </span>
     <span class='ocr_line' id='line_1_4' title="bbox 408 907 1477 987; baseline -0.003 -19"><span class='ocrx_word' id='word_1_22' title='bbox 408 909 576 968; x_wconf 89' lang='lat' dir='ltr'>centuriatis</span> <span class='ocrx_word' id='word_1_23' title='bbox 600 908 724 967; x_wconf 89' lang='lat' dir='ltr'>comitiis</span> <span class='ocrx_word' id='word_1_24' title='bbox 752 911 846 986; x_wconf 88' lang='lat' dir='ltr'>primo</span> <span class='ocrx_word' id='word_1_25' title='bbox 875 930 982 987; x_wconf 83' lang='lat' dir='ltr'>quoque</span> <span class='ocrx_word' id='word_1_26' title='bbox 1013 910 1060 968; x_wconf 90' lang='lat' dir='ltr'>die</span> <span class='ocrx_word' id='word_1_27' title='bbox 1082 908 1159 967; x_wconf 78' lang='lat' dir='ltr'>ferre</span> <span class='ocrx_word' id='word_1_28' title='bbox 1183 909 1221 967; x_wconf 88' lang='lat' dir='ltr'>ad</span> <span class='ocrx_word' id='word_1_29' title='bbox 1243 907 1385 983; x_wconf 88' lang='lat' dir='ltr'>populum</span> <span class='ocrx_word' id='word_1_30' title='bbox 1405 924 1477 965; x_wconf 91' lang='lat' dir='ltr'>con-</span> 
     </span>
     <span class='ocr_line' id='line_1_5' title="bbox 407 1012 1477 1091; baseline -0.004 -18"><span class='ocrx_word' id='word_1_31' title='bbox 407 1016 485 1073; x_wconf 89' lang='lat' dir='ltr'>sules</span> <span class='ocrx_word' id='word_1_32' title='bbox 506 1015 667 1087; x_wconf 89' lang='lat' dir='ltr'>iusserunt,</span> <span class='ocrx_word' id='word_1_33' title='bbox 689 1024 730 1086; x_wconf 90' lang='lat' dir='ltr'>ut,</span> <span class='ocrx_word' id='word_1_34' title='bbox 752 1018 832 1091; x_wconf 90' lang='lat' dir='ltr'>quod</span> <span class='ocrx_word' id='word_1_35' title='bbox 852 1017 995 1086; x_wconf 88' lang='lat' dir='ltr'>Perseus,</span> <span class='ocrx_word' id='word_1_36' title='bbox 1016 1014 1146 1090; x_wconf 89' lang='lat' dir='ltr'>Philippi</span> <span class='ocrx_word' id='word_1_37' title='bbox 1166 1013 1258 1084; x_wconf 86' lang='lat' dir='ltr'>filius,</span> <span class='ocrx_word' id='word_1_38' title='bbox 1281 1012 1477 1070; x_wconf 80' lang='lat' dir='ltr'>Macedonum</span> 
     </span>
     <span class='ocr_line' id='line_1_6' title="bbox 407 1118 1480 1195; baseline -0.005 -18"><span class='ocrx_word' id='word_1_39' title='bbox 407 1138 469 1191; x_wconf 87' lang='lat' dir='ltr'>rex,</span> <span class='ocrx_word' id='word_1_40' title='bbox 491 1120 631 1177; x_wconf 78' lang='lat' dir='ltr'>adversim</span> <span class='ocrx_word' id='word_1_41' title='bbox 654 1120 750 1179; x_wconf 84' lang='lat' dir='ltr'>foedus</span> <span class='ocrx_word' id='word_1_42' title='bbox 771 1139 835 1179; x_wconf 89' lang='lat' dir='ltr'>cum</span> <span class='ocrx_word' id='word_1_43' title='bbox 858 1129 942 1195; x_wconf 88' lang='lat' dir='ltr'>patre</span> <span class='ocrx_word' id='word_1_44' title='bbox 965 1118 1102 1195; x_wconf 91' lang='lat' dir='ltr'>Philippo</span> <span class='ocrx_word' id='word_1_45' title='bbox 1123 1118 1212 1176; x_wconf 89' lang='lat' dir='ltr'>ictum</span> <span class='ocrx_word' id='word_1_46' title='bbox 1240 1125 1269 1174; x_wconf 88' lang='lat' dir='ltr'>et</span> <span class='ocrx_word' id='word_1_47' title='bbox 1289 1134 1389 1175; x_wconf 87' lang='lat' dir='ltr'>secum</span> <span class='ocrx_word' id='word_1_48' title='bbox 1411 1124 1480 1191; x_wconf 89' lang='lat' dir='ltr'>post</span> 
     </span>
     <span class='ocr_line' id='line_1_7' title="bbox 409 1220 1478 1300; baseline -0.007 -17"><span class='ocrx_word' id='word_1_49' title='bbox 409 1234 530 1283; x_wconf 88' lang='lat' dir='ltr'>mortem</span> <span class='ocrx_word' id='word_1_50' title='bbox 555 1226 616 1283; x_wconf 92' lang='lat' dir='ltr'>eius</span> <span class='ocrx_word' id='word_1_51' title='bbox 638 1234 820 1296; x_wconf 87' lang='lat' dir='ltr'>renovatum,</span> <span class='ocrx_word' id='word_1_52' title='bbox 843 1225 931 1283; x_wconf 90' lang='lat' dir='ltr'>sociis</span> <span class='ocrx_word' id='word_1_53' title='bbox 952 1224 1053 1300; x_wconf 92' lang='lat' dir='ltr'>populi</span> <span class='ocrx_word' id='word_1_54' title='bbox 1074 1222 1201 1283; x_wconf 86' lang='lat' dir='ltr'>Romani</span> <span class='ocrx_word' id='word_1_55' title='bbox 1220 1240 1303 1279; x_wconf 87' lang='lat' dir='ltr'>arma</span> <span class='ocrx_word' id='word_1_56' title='bbox 1323 1220 1478 1287; x_wconf 89' lang='lat' dir='ltr'>intulisset,</span> 
     </span>
    </p>

    <p class='ocr_par' dir='ltr' id='par_1_4' title="bbox 350 1325 1480 1809">
     <span class='ocr_line' id='line_1_8' title="bbox 350 1325 1479 1407; baseline -0.007 -16"><span class='ocrx_word' id='word_1_57' title='bbox 350 1337 382 1391; x_wconf 88' lang='lat' dir='ltr'>ll</span> <span class='ocrx_word' id='word_1_58' title='bbox 408 1347 496 1405; x_wconf 89' lang='lat' dir='ltr'>agros</span> <span class='ocrx_word' id='word_1_59' title='bbox 517 1338 663 1388; x_wconf 74' lang='lat' dir='ltr'>vastasset</span> <span class='ocrx_word' id='word_1_60' title='bbox 691 1333 836 1407; x_wconf 82' lang='lat' dir='ltr'>urbesque</span> <span class='ocrx_word' id='word_1_61' title='bbox 860 1339 1048 1405; x_wconf 76' lang='lat' dir='ltr'>occupasset,</span> <span class='ocrx_word' id='word_1_62' title='bbox 1083 1328 1220 1405; x_wconf 90' lang='lat' dir='ltr'>qnodque</span> <span class='ocrx_word' id='word_1_63' title='bbox 1252 1325 1320 1385; x_wconf 92' lang='lat' dir='ltr'>belli</span> <span class='ocrx_word' id='word_1_64' title='bbox 1353 1325 1479 1401; x_wconf 88' lang='lat' dir='ltr'>parandi</span> 
     </span>
     <span class='ocr_line' id='line_1_9' title="bbox 408 1430 1479 1510; baseline -0.006 -17"><span class='ocrx_word' id='word_1_65' title='bbox 408 1435 548 1493; x_wconf 88' lang='lat' dir='ltr'>adversus</span> <span class='ocrx_word' id='word_1_66' title='bbox 574 1434 714 1510; x_wconf 89' lang='lat' dir='ltr'>populum</span> <span class='ocrx_word' id='word_1_67' title='bbox 735 1436 902 1493; x_wconf 87' lang='lat' dir='ltr'>Romanum</span> <span class='ocrx_word' id='word_1_68' title='bbox 931 1434 1053 1493; x_wconf 88' lang='lat' dir='ltr'>consilia</span> <span class='ocrx_word' id='word_1_69' title='bbox 1082 1433 1200 1501; x_wconf 87' lang='lat' dir='ltr'>inisset,</span> <span class='ocrx_word' id='word_1_70' title='bbox 1232 1449 1328 1500; x_wconf 87' lang='lat' dir='ltr'>arma,</span> <span class='ocrx_word' id='word_1_71' title='bbox 1363 1430 1479 1498; x_wconf 86' lang='lat' dir='ltr'>milites,</span> 
     </span>
     <span class='ocr_line' id='line_1_10' title="bbox 408 1535 1480 1616; baseline -0.002 -19"><span class='ocrx_word' id='word_1_72' title='bbox 408 1540 531 1597; x_wconf 85' lang='lat' dir='ltr'>classem</span> <span class='ocrx_word' id='word_1_73' title='bbox 553 1540 614 1598; x_wconf 89' lang='lat' dir='ltr'>eius</span> <span class='ocrx_word' id='word_1_74' title='bbox 635 1539 678 1598; x_wconf 87' lang='lat' dir='ltr'>rei</span> <span class='ocrx_word' id='word_1_75' title='bbox 699 1557 789 1597; x_wconf 90' lang='lat' dir='ltr'>causa</span> <span class='ocrx_word' id='word_1_76' title='bbox 810 1550 1009 1616; x_wconf 80' lang='lat' dir='ltr'>comparasset,</span> <span class='ocrx_word' id='word_1_77' title='bbox 1032 1549 1073 1610; x_wconf 90' lang='lat' dir='ltr'>nt,</span> <span class='ocrx_word' id='word_1_78' title='bbox 1094 1538 1149 1595; x_wconf 91' lang='lat' dir='ltr'>nisi</span> <span class='ocrx_word' id='word_1_79' title='bbox 1170 1538 1206 1593; x_wconf 88' lang='lat' dir='ltr'>de</span> <span class='ocrx_word' id='word_1_80' title='bbox 1227 1536 1262 1593; x_wconf 88' lang='lat' dir='ltr'>iis</span> <span class='ocrx_word' id='word_1_81' title='bbox 1283 1537 1371 1595; x_wconf 88' lang='lat' dir='ltr'>rebus</span> <span class='ocrx_word' id='word_1_82' title='bbox 1392 1535 1480 1595; x_wconf 86' lang='lat' dir='ltr'>satis·</span> 
     </span>
     <span class='ocr_line' id='line_1_11' title="bbox 408 1640 1480 1717; baseline -0.004 -14"><span class='ocrx_word' id='word_1_83' title='bbox 408 1645 538 1716; x_wconf 82' lang='lat' dir='ltr'>fecisset,</span> <span class='ocrx_word' id='word_1_84' title='bbox 568 1645 674 1703; x_wconf 88' lang='lat' dir='ltr'>bellum</span> <span class='ocrx_word' id='word_1_85' title='bbox 707 1663 772 1703; x_wconf 92' lang='lat' dir='ltr'>cum</span> <span class='ocrx_word' id='word_1_86' title='bbox 801 1664 837 1701; x_wconf 91' lang='lat' dir='ltr'>eo</span> <span class='ocrx_word' id='word_1_87' title='bbox 864 1645 993 1702; x_wconf 88' lang='lat' dir='ltr'>iniretur.</span> <span class='ocrx_word' id='word_1_88' title='bbox 1042 1645 1115 1701; x_wconf 74' lang='lat' dir='ltr'>Haec</span> <span class='ocrx_word' id='word_1_89' title='bbox 1139 1640 1254 1717; x_wconf 86' lang='lat' dir='ltr'>rogatio</span> <span class='ocrx_word' id='word_1_90' title='bbox 1276 1642 1315 1697; x_wconf 91' lang='lat' dir='ltr'>ad</span> <span class='ocrx_word' id='word_1_91' title='bbox 1337 1642 1480 1716; x_wconf 87' lang='lat' dir='ltr'>populum</span> 
     </span>
     <span class='ocr_line' id='line_1_12' title="bbox 408 1749 544 1809; baseline 0.029 -5"><span class='ocrx_word' id='word_1_92' title='bbox 408 1749 469 1807; x_wconf 88' lang='lat' dir='ltr'>lata</span> <span class='ocrx_word' id='word_1_93' title='bbox 491 1759 544 1809; x_wconf 87' lang='lat' dir='ltr'>est.</span> 
     </span>
    </p>

    <p class='ocr_par' dir='ltr' id='par_1_5' title="bbox 327 1844 1481 2243">
     <span class='ocr_line' id='line_1_13' title="bbox 327 1844 1481 1920; baseline -0.007 -6"><span class='ocrx_word' id='word_1_94' title='bbox 327 1844 365 1914; x_wconf 80' lang='lat'>31</span> <span class='ocrx_word' id='word_1_95' title='bbox 495 1852 620 1912; x_wconf 89' lang='lat' dir='ltr'>Senatus</span> <span class='ocrx_word' id='word_1_96' title='bbox 646 1855 808 1912; x_wconf 90' lang='lat' dir='ltr'>consultum</span> <span class='ocrx_word' id='word_1_97' title='bbox 829 1854 897 1911; x_wconf 87' lang='lat' dir='ltr'>inde</span> <span class='ocrx_word' id='word_1_98' title='bbox 918 1852 1026 1911; x_wconf 88' lang='lat' dir='ltr'>factum</span> <span class='ocrx_word' id='word_1_99' title='bbox 1056 1859 1113 1920; x_wconf 87' lang='lat' dir='ltr'>est,</span> <span class='ocrx_word' id='word_1_100' title='bbox 1143 1860 1175 1907; x_wconf 92' lang='lat' dir='ltr'>ut</span> <span class='ocrx_word' id='word_1_101' title='bbox 1196 1852 1329 1907; x_wconf 90' lang='lat' dir='ltr'>consules</span> <span class='ocrx_word' id='word_1_102' title='bbox 1351 1851 1427 1907; x_wconf 91' lang='lat' dir='ltr'>inter</span> <span class='ocrx_word' id='word_1_103' title='bbox 1449 1868 1481 1908; x_wconf 87' lang='lat' dir='ltr'>se</span> 
     </span>
     <span class='ocr_line' id='line_1_14' title="bbox 409 1956 1480 2032; baseline -0.001 -19"><span class='ocrx_word' id='word_1_104' title='bbox 409 1958 575 2032; x_wconf 83' lang='lat' dir='ltr'>provincias</span> <span class='ocrx_word' id='word_1_105' title='bbox 599 1959 714 2015; x_wconf 89' lang='lat' dir='ltr'>Italiam</span> <span class='ocrx_word' id='word_1_106' title='bbox 745 1971 774 2017; x_wconf 91' lang='lat' dir='ltr'>et</span> <span class='ocrx_word' id='word_1_107' title='bbox 795 1958 999 2017; x_wconf 86' lang='lat' dir='ltr'>Macedoniam</span> <span class='ocrx_word' id='word_1_108' title='bbox 1028 1964 1232 2031; x_wconf 88' lang='lat' dir='ltr'>compararant</span> <span class='ocrx_word' id='word_1_109' title='bbox 1253 1956 1480 2025; x_wconf 71' lang='lat' dir='ltr'>sortirenturve3</span> 
     </span>
     <span class='ocr_line' id='line_1_15' title="bbox 410 2060 1481 2137; baseline 0.001 -18"><span class='ocrx_word' id='word_1_110' title='bbox 410 2062 456 2120; x_wconf 94' lang='lat' dir='ltr'>cui</span> <span class='ocrx_word' id='word_1_111' title='bbox 476 2063 653 2121; x_wconf 87' lang='lat' dir='ltr'>Macedonia</span> <span class='ocrx_word' id='word_1_112' title='bbox 681 2064 861 2134; x_wconf 89' lang='lat' dir='ltr'>obvenisset,</span> <span class='ocrx_word' id='word_1_113' title='bbox 893 2074 924 2120; x_wconf 90' lang='lat' dir='ltr'>ut</span> <span class='ocrx_word' id='word_1_114' title='bbox 946 2064 971 2119; x_wconf 91' lang='lat' dir='ltr'>is</span> <span class='ocrx_word' id='word_1_115' title='bbox 992 2080 1090 2137; x_wconf 87' lang='lat' dir='ltr'>regem</span> <span class='ocrx_word' id='word_1_116' title='bbox 1114 2061 1242 2129; x_wconf 88' lang='lat' dir='ltr'>Persea,</span> <span class='ocrx_word' id='word_1_117' title='bbox 1277 2060 1387 2134; x_wconf 91' lang='lat' dir='ltr'>quique</span> <span class='ocrx_word' id='word_1_118' title='bbox 1418 2062 1481 2120; x_wconf 87' lang='lat' dir='ltr'>eius</span> 
     </span>
     <span class='ocr_line' id='line_1_16' title="bbox 409 2162 1481 2243; baseline -0.001 -19"><span class='ocrx_word' id='word_1_119' title='bbox 409 2176 518 2225; x_wconf 88' lang='lat' dir='ltr'>sectam</span> <span class='ocrx_word' id='word_1_120' title='bbox 540 2170 631 2226; x_wconf 90' lang='lat' dir='ltr'>secuti</span> <span class='ocrx_word' id='word_1_121' title='bbox 659 2179 763 2238; x_wconf 89' lang='lat' dir='ltr'>essent,</span> <span class='ocrx_word' id='word_1_122' title='bbox 784 2168 839 2225; x_wconf 88' lang='lat' dir='ltr'>nisi</span> <span class='ocrx_word' id='word_1_123' title='bbox 860 2167 970 2243; x_wconf 90' lang='lat' dir='ltr'>populo</span> <span class='ocrx_word' id='word_1_124' title='bbox 992 2167 1126 2224; x_wconf 89' lang='lat' dir='ltr'>Romano</span> <span class='ocrx_word' id='word_1_125' title='bbox 1148 2162 1372 2235; x_wconf 79' lang='lat' dir='ltr'>satisfecissent,</span> <span class='ocrx_word' id='word_1_126' title='bbox 1403 2166 1481 2223; x_wconf 91' lang='lat' dir='ltr'>ballo</span> 
     </span>
    </p>

    <p class='ocr_par' dir='ltr' id='par_1_6' title="bbox 370 2267 1481 2765">
     <span class='ocr_line' id='line_1_17' title="bbox 370 2267 1481 2348; baseline -0.001 -20"><span class='ocrx_word' id='word_1_127' title='bbox 370 2267 387 2322; x_wconf 82' lang='lat'>2</span> <span class='ocrx_word' id='word_1_128' title='bbox 410 2282 641 2346; x_wconf 77' lang='lat' dir='ltr'>persequeretur.</span> <span class='ocrx_word' id='word_1_129' title='bbox 691 2274 837 2348; x_wconf 81' lang='lat' dir='ltr'>Legiones</span> <span class='ocrx_word' id='word_1_130' title='bbox 859 2282 998 2347; x_wconf 89' lang='lat' dir='ltr'>quattuor</span> <span class='ocrx_word' id='word_1_131' title='bbox 1018 2289 1111 2327; x_wconf 89' lang='lat' dir='ltr'>novas</span> <span class='ocrx_word' id='word_1_132' title='bbox 1133 2270 1219 2326; x_wconf 89' lang='lat' dir='ltr'>scribi</span> <span class='ocrx_word' id='word_1_133' title='bbox 1241 2269 1365 2345; x_wconf 83' lang='lat' dir='ltr'>placuit,</span> <span class='ocrx_word' id='word_1_134' title='bbox 1396 2270 1481 2328; x_wconf 88' lang='lat' dir='ltr'>binas</span> 
     </span>
     <span class='ocr_line' id='line_1_18' title="bbox 411 2359 1481 2453; baseline -0.002 -20"><span class='ocrx_word' id='word_1_135' title='bbox 411 2376 531 2451; x_wconf 87' lang='lat' dir='ltr'>singulis</span> <span class='ocrx_word' id='word_1_136' title='bbox 553 2379 728 2437; x_wconf 86' lang='lat' dir='ltr'>consulibus.</span> <span class='ocrx_word' id='word_1_137' title='bbox 774 2379 810 2435; x_wconf 86' lang='lat' dir='ltr'>Id</span> <span class='ocrx_word' id='word_1_138' title='bbox 831 2359 969 2453; x_wconf 84' lang='lat' dir='ltr'>praecipni</span> <span class='ocrx_word' id='word_1_139' title='bbox 992 2376 1147 2451; x_wconf 88' lang='lat' dir='ltr'>provinciae</span> <span class='ocrx_word' id='word_1_140' title='bbox 1163 2374 1344 2431; x_wconf 76' lang='lat' dir='ltr'>Macedoniae</span> <span class='ocrx_word' id='word_1_141' title='bbox 1370 2374 1481 2443; x_wconf 87' lang='lat' dir='ltr'>datum,</span> 
     </span>
     <span class='ocr_line' id='line_1_19' title="bbox 412 2478 1481 2557; baseline -0.003 -19"><span class='ocrx_word' id='word_1_142' title='bbox 412 2483 507 2555; x_wconf 90' lang='lat' dir='ltr'>quod,</span> <span class='ocrx_word' id='word_1_143' title='bbox 536 2500 601 2538; x_wconf 88' lang='lat' dir='ltr'>cum</span> <span class='ocrx_word' id='word_1_144' title='bbox 630 2483 749 2541; x_wconf 90' lang='lat' dir='ltr'>alterius</span> <span class='ocrx_word' id='word_1_145' title='bbox 771 2483 897 2541; x_wconf 92' lang='lat' dir='ltr'>consulis</span> <span class='ocrx_word' id='word_1_146' title='bbox 918 2482 1080 2557; x_wconf 85' lang='lat' dir='ltr'>legionibus</span> <span class='ocrx_word' id='word_1_147' title='bbox 1103 2479 1192 2554; x_wconf 88' lang='lat' dir='ltr'>quina</span> <span class='ocrx_word' id='word_1_148' title='bbox 1222 2478 1301 2537; x_wconf 88' lang='lat' dir='ltr'>milia</span> <span class='ocrx_word' id='word_1_149' title='bbox 1323 2488 1353 2535; x_wconf 93' lang='lat' dir='ltr'>et</span> <span class='ocrx_word' id='word_1_150' title='bbox 1377 2478 1481 2537; x_wconf 89' lang='lat' dir='ltr'>duceni</span> 
     </span>
     <span class='ocr_line' id='line_1_20' title="bbox 411 2582 1481 2660; baseline -0.004 -17"><span class='ocrx_word' id='word_1_151' title='bbox 411 2586 523 2660; x_wconf 89' lang='lat' dir='ltr'>pedites</span> <span class='ocrx_word' id='word_1_152' title='bbox 544 2606 582 2643; x_wconf 90' lang='lat' dir='ltr'>ex</span> <span class='ocrx_word' id='word_1_153' title='bbox 603 2598 701 2645; x_wconf 87' lang='lat' dir='ltr'>vetare</span> <span class='ocrx_word' id='word_1_154' title='bbox 726 2588 857 2644; x_wconf 90' lang='lat' dir='ltr'>instituto</span> <span class='ocrx_word' id='word_1_155' title='bbox 884 2589 1022 2645; x_wconf 86' lang='lat' dir='ltr'>darentur</span> <span class='ocrx_word' id='word_1_156' title='bbox 1053 2587 1082 2643; x_wconf 93' lang='lat' dir='ltr'>in</span> <span class='ocrx_word' id='word_1_157' title='bbox 1111 2584 1239 2658; x_wconf 87' lang='lat' dir='ltr'>singulas</span> <span class='ocrx_word' id='word_1_158' title='bbox 1269 2582 1418 2659; x_wconf 81' lang='lat' dir='ltr'>legiones,</span> <span class='ocrx_word' id='word_1_159' title='bbox 1451 2583 1481 2640; x_wconf 92' lang='lat' dir='ltr'>in</span> 
     </span>
     <span class='ocr_line' id='line_1_21' title="bbox 411 2688 1481 2765; baseline -0.004 -17"><span class='ocrx_word' id='word_1_160' title='bbox 411 2692 616 2749; x_wconf 87' lang='lat' dir='ltr'>Macedoniam</span> <span class='ocrx_word' id='word_1_161' title='bbox 639 2712 710 2750; x_wconf 87' lang='lat' dir='ltr'>sena</span> <span class='ocrx_word' id='word_1_162' title='bbox 732 2692 811 2748; x_wconf 92' lang='lat' dir='ltr'>milia</span> <span class='ocrx_word' id='word_1_163' title='bbox 835 2692 963 2765; x_wconf 89' lang='lat' dir='ltr'>peditum</span> <span class='ocrx_word' id='word_1_164' title='bbox 992 2690 1079 2747; x_wconf 87' lang='lat' dir='ltr'>scribi</span> <span class='ocrx_word' id='word_1_165' title='bbox 1107 2691 1201 2758; x_wconf 87' lang='lat' dir='ltr'>iussa;</span> <span class='ocrx_word' id='word_1_166' title='bbox 1234 2688 1345 2761; x_wconf 87' lang='lat' dir='ltr'>equites</span> <span class='ocrx_word' id='word_1_167' title='bbox 1373 2689 1481 2745; x_wconf 86' lang='lat' dir='ltr'>treceni</span> 
     </span>
    </p>

    <p class='ocr_par' dir='ltr' id='par_1_7' title="bbox 372 2793 1479 2871">
     <span class='ocr_line' id='line_1_22' title="bbox 372 2793 1479 2871; baseline -0.005 -14"><span class='ocrx_word' id='word_1_168' title='bbox 372 2803 389 2857; x_wconf 81' lang='lat'><strong>3</strong></span> <span class='ocrx_word' id='word_1_169' title='bbox 413 2795 563 2869; x_wconf 73' lang='lat' dir='ltr'>aqualiter</span> <span class='ocrx_word' id='word_1_170' title='bbox 583 2797 613 2853; x_wconf 91' lang='lat' dir='ltr'>in</span> <span class='ocrx_word' id='word_1_171' title='bbox 635 2797 765 2871; x_wconf 88' lang='lat' dir='ltr'>singulas</span> <span class='ocrx_word' id='word_1_172' title='bbox 784 2796 922 2871; x_wconf 85' lang='lat' dir='ltr'>legiones.</span> <span class='ocrx_word' id='word_1_173' title='bbox 981 2798 1020 2853; x_wconf 87' lang='lat' dir='ltr'>Et</span> <span class='ocrx_word' id='word_1_174' title='bbox 1041 2796 1070 2851; x_wconf 92' lang='lat' dir='ltr'>in</span> <span class='ocrx_word' id='word_1_175' title='bbox 1093 2794 1193 2853; x_wconf 89' lang='lat' dir='ltr'>sociali</span> <span class='ocrx_word' id='word_1_176' title='bbox 1216 2793 1344 2851; x_wconf 85' lang='lat' dir='ltr'>exercitu</span> <span class='ocrx_word' id='word_1_177' title='bbox 1367 2794 1479 2851; x_wconf 88' lang='lat' dir='ltr'>consuli</span> 
     </span>
    </p>
   </div>
   <div class='ocr_carea' id='block_1_3' title="bbox 413 2896 1568 2975">
    <p class='ocr_par' dir='ltr' id='par_1_8' title="bbox 413 2896 1568 2975">
     <span class='ocr_line' id='line_1_23' title="bbox 413 2896 1568 2975; baseline 0 -20"><span class='ocrx_word' id='word_1_178' title='bbox 413 2900 496 2956; x_wconf 85' lang='lat' dir='ltr'>alteri</span> <span class='ocrx_word' id='word_1_179' title='bbox 518 2910 620 2958; x_wconf 87' lang='lat' dir='ltr'>auctus</span> <span class='ocrx_word' id='word_1_180' title='bbox 641 2919 793 2970; x_wconf 81' lang='lat' dir='ltr'>nnmerus3</span> <span class='ocrx_word' id='word_1_181' title='bbox 814 2901 938 2957; x_wconf 87' lang='lat' dir='ltr'>sedecim</span> <span class='ocrx_word' id='word_1_182' title='bbox 962 2900 1041 2957; x_wconf 85' lang='lat' dir='ltr'>milia</span> <span class='ocrx_word' id='word_1_183' title='bbox 1062 2900 1205 2975; x_wconf 87' lang='lat' dir='ltr'>peditum,</span> <span class='ocrx_word' id='word_1_184' title='bbox 1229 2896 1336 2956; x_wconf 88' lang='lat' dir='ltr'>DCCC</span> <span class='ocrx_word' id='word_1_185' title='bbox 1359 2899 1480 2973; x_wconf 87' lang='lat' dir='ltr'>equites,</span> <span class='ocrx_word' id='word_1_186' title='bbox 1567 2968 1568 2971; x_wconf 7' lang='grc' dir='ltr'><strong>Ἴ</strong></span> 
     </span>
    </p>
   </div>
   <div class='ocr_carea' id='block_1_4' title="bbox 371 3003 1480 3290">
    <p class='ocr_par' dir='ltr' id='par_1_9' title="bbox 371 3003 1480 3290">
     <span class='ocr_line' id='line_1_24' title="bbox 413 3003 1479 3080; baseline 0 -19"><span class='ocrx_word' id='word_1_187' title='bbox 413 3014 518 3079; x_wconf 77' lang='lat' dir='ltr'>prater</span> <span class='ocrx_word' id='word_1_188' title='bbox 539 3024 599 3075; x_wconf 88' lang='lat' dir='ltr'>eos,</span> <span class='ocrx_word' id='word_1_189' title='bbox 622 3024 695 3080; x_wconf 92' lang='lat' dir='ltr'>quos</span> <span class='ocrx_word' id='word_1_190' title='bbox 718 3005 770 3062; x_wconf 91' lang='lat' dir='ltr'>Cn.</span> <span class='ocrx_word' id='word_1_191' title='bbox 792 3005 916 3065; x_wconf 84' lang='lat' dir='ltr'>Sicinius</span> <span class='ocrx_word' id='word_1_192' title='bbox 936 3005 1076 3075; x_wconf 88' lang='lat' dir='ltr'>duxisset,</span> <span class='ocrx_word' id='word_1_193' title='bbox 1099 3003 1154 3063; x_wconf 89' lang='lat' dir='ltr'>DC</span> <span class='ocrx_word' id='word_1_194' title='bbox 1176 3003 1304 3078; x_wconf 86' lang='lat' dir='ltr'>equites,</span> <span class='ocrx_word' id='word_1_195' title='bbox 1326 3004 1356 3059; x_wconf 92' lang='lat' dir='ltr'>in</span> <span class='ocrx_word' id='word_1_196' title='bbox 1379 3004 1479 3061; x_wconf 89' lang='lat' dir='ltr'>Mace·</span> 
     </span>
     <span class='ocr_line' id='line_1_25' title="bbox 371 3108 1480 3191; baseline -0.006 -20"><span class='ocrx_word' id='word_1_197' title='bbox 371 3119 389 3171; x_wconf 79' lang='lat'>4</span> <span class='ocrx_word' id='word_1_198' title='bbox 412 3110 529 3167; x_wconf 88' lang='lat' dir='ltr'>doniam</span> <span class='ocrx_word' id='word_1_199' title='bbox 547 3112 706 3191; x_wconf 52' lang='lat' dir='ltr'>traiceret„</span> <span class='ocrx_word' id='word_1_200' title='bbox 757 3112 851 3168; x_wconf 81' lang='lat' dir='ltr'>Italiac</span> <span class='ocrx_word' id='word_1_201' title='bbox 879 3111 950 3167; x_wconf 89' lang='lat' dir='ltr'>satis</span> <span class='ocrx_word' id='word_1_202' title='bbox 975 3110 1039 3167; x_wconf 87' lang='lat' dir='ltr'>visa</span> <span class='ocrx_word' id='word_1_203' title='bbox 1061 3112 1125 3167; x_wconf 94' lang='lat' dir='ltr'>XII</span> <span class='ocrx_word' id='word_1_204' title='bbox 1154 3110 1235 3167; x_wconf 86' lang='lat' dir='ltr'>milia</span> <span class='ocrx_word' id='word_1_205' title='bbox 1261 3108 1408 3167; x_wconf 89' lang='lat' dir='ltr'>sociorum</span> <span class='ocrx_word' id='word_1_206' title='bbox 1431 3127 1480 3183; x_wconf 91' lang='lat' dir='ltr'>pe·</span> 
     </span>
     <span class='ocr_line' id='line_1_26' title="bbox 413 3213 1480 3290; baseline 0 -20"><span class='ocrx_word' id='word_1_207' title='bbox 413 3213 514 3285; x_wconf 89' lang='lat' dir='ltr'>ditum,</span> <span class='ocrx_word' id='word_1_208' title='bbox 547 3214 602 3273; x_wconf 90' lang='lat' dir='ltr'>DC</span> <span class='ocrx_word' id='word_1_209' title='bbox 624 3216 745 3290; x_wconf 90' lang='lat' dir='ltr'>equites.</span> <span class='ocrx_word' id='word_1_210' title='bbox 805 3216 881 3274; x_wconf 89' lang='lat' dir='ltr'>Illud</span> <span class='ocrx_word' id='word_1_211' title='bbox 914 3233 1032 3290; x_wconf 88' lang='lat' dir='ltr'>quoque</span> <span class='ocrx_word' id='word_1_212' title='bbox 1063 3215 1238 3290; x_wconf 86' lang='lat' dir='ltr'>praecipuum</span> <span class='ocrx_word' id='word_1_213' title='bbox 1274 3214 1373 3271; x_wconf 92' lang='lat' dir='ltr'>datum</span> <span class='ocrx_word' id='word_1_214' title='bbox 1409 3213 1480 3270; x_wconf 90' lang='lat' dir='ltr'>sorti</span> 
     </span>
    </p>
   </div>
   <div class='ocr_carea' id='block_1_5' title="bbox 413 3319 1481 3395">
    <p class='ocr_par' dir='ltr' id='par_1_10' title="bbox 413 3319 1481 3395">
     <span class='ocr_line' id='line_1_27' title="bbox 413 3319 1481 3395; baseline 0 -21"><span class='ocrx_word' id='word_1_215' title='bbox 413 3320 610 3390; x_wconf 77' lang='lat' dir='ltr'>Macedoniae,</span> <span class='ocrx_word' id='word_1_216' title='bbox 644 3332 676 3379; x_wconf 90' lang='lat' dir='ltr'>ut</span> <span class='ocrx_word' id='word_1_217' title='bbox 696 3323 878 3380; x_wconf 88' lang='lat' dir='ltr'>centuriones</span> <span class='ocrx_word' id='word_1_218' title='bbox 901 3320 1064 3395; x_wconf 89' lang='lat' dir='ltr'>militesque</span> <span class='ocrx_word' id='word_1_219' title='bbox 1084 3329 1196 3375; x_wconf 88' lang='lat' dir='ltr'>vetares</span> <span class='ocrx_word' id='word_1_220' title='bbox 1218 3319 1374 3388; x_wconf 88' lang='lat' dir='ltr'>scriberet,</span> <span class='ocrx_word' id='word_1_221' title='bbox 1408 3334 1481 3393; x_wconf 90' lang='lat' dir='ltr'>quos</span> 
     </span>
    </p>
   </div>
   <div class='ocr_carea' id='block_1_6' title="bbox 374 3422 1482 3609">
    <p class='ocr_par' dir='ltr' id='par_1_11' title="bbox 374 3422 1482 3609">
     <span class='ocr_line' id='line_1_28' title="bbox 374 3422 1480 3502; baseline 0.001 -24"><span class='ocrx_word' id='word_1_222' title='bbox 374 3435 389 3488; x_wconf 83' lang='lat'><strong>5</strong></span> <span class='ocrx_word' id='word_1_223' title='bbox 412 3422 508 3493; x_wconf 85' lang='lat' dir='ltr'>vellet,</span> <span class='ocrx_word' id='word_1_224' title='bbox 530 3426 630 3481; x_wconf 90' lang='lat' dir='ltr'>consul</span> <span class='ocrx_word' id='word_1_225' title='bbox 653 3446 745 3502; x_wconf 90' lang='lat' dir='ltr'>usque</span> <span class='ocrx_word' id='word_1_226' title='bbox 767 3428 804 3484; x_wconf 86' lang='lat' dir='ltr'>ad</span> <span class='ocrx_word' id='word_1_227' title='bbox 817 3426 1027 3501; x_wconf 85' lang='lat' dir='ltr'>quinquaginta</span> <span class='ocrx_word' id='word_1_228' title='bbox 1040 3442 1140 3481; x_wconf 91' lang='lat' dir='ltr'>annos.</span> <span class='ocrx_word' id='word_1_229' title='bbox 1175 3425 1209 3480; x_wconf 88' lang='lat' dir='ltr'>Iu</span> <span class='ocrx_word' id='word_1_230' title='bbox 1225 3424 1348 3482; x_wconf 89' lang='lat' dir='ltr'>tribunis</span> <span class='ocrx_word' id='word_1_231' title='bbox 1360 3423 1480 3481; x_wconf 90' lang='lat' dir='ltr'>militum</span> 
     </span>
     <span class='ocr_line' id='line_1_29' title="bbox 413 3528 1482 3609; baseline 0.002 -27"><span class='ocrx_word' id='word_1_232' title='bbox 413 3536 551 3586; x_wconf 91' lang='lat' dir='ltr'>novatum</span> <span class='ocrx_word' id='word_1_233' title='bbox 574 3550 609 3589; x_wconf 88' lang='lat' dir='ltr'>eo</span> <span class='ocrx_word' id='word_1_234' title='bbox 632 3552 708 3589; x_wconf 89' lang='lat' dir='ltr'>anno</span> <span class='ocrx_word' id='word_1_235' title='bbox 728 3541 847 3609; x_wconf 88' lang='lat' dir='ltr'>propter</span> <span class='ocrx_word' id='word_1_236' title='bbox 869 3530 1089 3605; x_wconf 45' lang='lat' dir='ltr'>Macmonicum</span> <span class='ocrx_word' id='word_1_237' title='bbox 1110 3529 1226 3601; x_wconf 89' lang='lat' dir='ltr'>bellum,</span> <span class='ocrx_word' id='word_1_238' title='bbox 1249 3530 1327 3605; x_wconf 88' lang='lat' dir='ltr'>quod</span> <span class='ocrx_word' id='word_1_239' title='bbox 1350 3528 1482 3585; x_wconf 89' lang='lat' dir='ltr'>consules</span> 
     </span>
    </p>
   </div>
   <div class='ocr_carea' id='block_1_7' title="bbox 413 3661 645 3675">
    <p class='ocr_par' dir='ltr' id='par_1_12' title="bbox 413 3661 645 3675">
     <span class='ocr_line' id='line_1_30' title="bbox 413 3661 645 3675; baseline 0 0"><span class='ocrx_word' id='word_1_240' title='bbox 413 3661 645 3675; x_wconf 66' lang='lat'>⁸—-·————</span> 
     </span>
    </p>
   </div>
   <div class='ocr_carea' id='block_1_8' title="bbox 413 3708 1484 3967">
    <p class='ocr_par' dir='ltr' id='par_1_13' title="bbox 413 3708 1484 3967">
     <span class='ocr_line' id='line_1_31' title="bbox 413 3708 1480 3796; baseline -0.011 -10"><span class='ocrx_word' id='word_1_241' title='bbox 413 3727 438 3785; x_wconf 71' lang='grc'>9,</span> <span class='ocrx_word' id='word_1_242' title='bbox 451 3734 465 3775; x_wconf 80' lang='lat'><strong>2</strong></span> <span class='ocrx_word' id='word_1_243' title='bbox 478 3738 500 3777; x_wconf 91' lang='lat' dir='ltr'>et</span> <span class='ocrx_word' id='word_1_244' title='bbox 516 3730 558 3789; x_wconf 90' lang='lat'>10,</span> <span class='ocrx_word' id='word_1_245' title='bbox 581 3737 592 3780; x_wconf 92' lang='lat' dir='ltr'>l</span> <span class='ocrx_word' id='word_1_246' title='bbox 615 3732 772 3796; x_wconf 90' lang='lat' dir='ltr'>triumphum</span> <span class='ocrx_word' id='word_1_247' title='bbox 799 3730 947 3795; x_wconf 84' lang='lat' dir='ltr'>prorogatio</span> <span class='ocrx_word' id='word_1_248' title='bbox 966 3728 1080 3791; x_wconf 73' lang='lat' dir='ltr'>felixque</span> <span class='ocrx_word' id='word_1_249' title='bbox 1097 3708 1122 3792; x_wconf 80' lang='lat' dir='ltr'>p.</span> <span class='ocrx_word' id='word_1_250' title='bbox 1137 3745 1156 3777; x_wconf 89' lang='lat' dir='ltr'>r.</span> <span class='ocrx_word' id='word_1_251' title='bbox 1177 3736 1250 3777; x_wconf 89' lang='lat' dir='ltr'>esset.</span> <span class='ocrx_word' id='word_1_252' title='bbox 1294 3724 1381 3790; x_wconf 80' lang='lat' dir='ltr'>Suppl.</span> <span class='ocrx_word' id='word_1_253' title='bbox 1406 3725 1480 3791; x_wconf 78' lang='lat' dir='ltr'>Crya.</span> 
     </span>
     <span class='ocr_line' id='line_1_32' title="bbox 413 3811 1484 3880; baseline -0.001 -19"><span class='ocrx_word' id='word_1_254' title='bbox 413 3812 457 3862; x_wconf 84' lang='lat' dir='ltr'>eed</span> <span class='ocrx_word' id='word_1_255' title='bbox 473 3818 680 3878; x_wconf 89' lang='lat' dir='ltr'>prorogationem</span> <span class='ocrx_word' id='word_1_256' title='bbox 702 3817 818 3880; x_wconf 87' lang='lat' dir='ltr'>imperii;</span> <span class='ocrx_word' id='word_1_257' title='bbox 846 3832 908 3864; x_wconf 88' lang='lat' dir='ltr'>corr.</span> <span class='ocrx_word' id='word_1_258' title='bbox 938 3814 1049 3864; x_wconf 79' lang='lat' dir='ltr'>Perizon.</span> <span class='ocrx_word' id='word_1_259' title='bbox 1099 3812 1177 3878; x_wconf 85' lang='lat' dir='ltr'>(Num</span> <span class='ocrx_word' id='word_1_260' title='bbox 1195 3812 1298 3873; x_wconf 89' lang='lat' dir='ltr'>Patres,</span> <span class='ocrx_word' id='word_1_261' title='bbox 1319 3826 1376 3875; x_wconf 84' lang='lat' dir='ltr'>quse</span> <span class='ocrx_word' id='word_1_262' title='bbox 1399 3811 1484 3861; x_wconf 87' lang='lat' dir='ltr'>fausta</span> 
     </span>
     <span class='ocr_line' id='line_1_33' title="bbox 413 3898 1484 3967; baseline -0.001 -19"><span class='ocrx_word' id='word_1_263' title='bbox 413 3902 514 3963; x_wconf 84' lang='lat' dir='ltr'>rogatio</span> <span class='ocrx_word' id='word_1_264' title='bbox 541 3901 683 3967; x_wconf 76' lang='lat' dir='ltr'>ielianet)</span> <span class='ocrx_word' id='word_1_265' title='bbox 720 3906 735 3949; x_wconf 78' lang='lat'>2</span> <span class='ocrx_word' id='word_1_266' title='bbox 764 3900 864 3949; x_wconf 85' lang='lat' dir='ltr'>comitis</span> <span class='ocrx_word' id='word_1_267' title='bbox 881 3898 886 3964; x_wconf 91' lang='grc' dir='ltr'>Ι</span> <span class='ocrx_word' id='word_1_268' title='bbox 901 3902 983 3964; x_wconf 85' lang='lat' dir='ltr'>primo</span> <span class='ocrx_word' id='word_1_269' title='bbox 1003 3899 1104 3949; x_wconf 83' lang='lat' dir='ltr'>differre</span> <span class='ocrx_word' id='word_1_270' title='bbox 1143 3906 1203 3949; x_wconf 75' lang='lat' dir='ltr'>tot</span> <span class='ocrx_word' id='word_1_271' title='bbox 1222 3912 1296 3949; x_wconf 87' lang='lat' dir='ltr'>secus</span> <span class='ocrx_word' id='word_1_272' title='bbox 1334 3904 1484 3948; x_wconf 78' lang='lat' dir='ltr'>tuastaret</span> 
     </span>
    </p>
   </div>
   <div class='ocr_carea' id='block_1_9' title="bbox 413 3986 1484 4241">
    <p class='ocr_par' dir='ltr' id='par_1_14' title="bbox 413 3986 1484 4241">
     <span class='ocr_line' id='line_1_34' title="bbox 413 3986 1482 4069; baseline -0.005 -14"><span class='ocrx_word' id='word_1_273' title='bbox 413 4002 456 4063; x_wconf 88' lang='lat' dir='ltr'>ll,</span> <span class='ocrx_word' id='word_1_274' title='bbox 476 4011 491 4052; x_wconf 77' lang='lat'>2</span> <span class='ocrx_word' id='word_1_275' title='bbox 512 4006 635 4054; x_wconf 88' lang='lat' dir='ltr'>aduersus</span> <span class='ocrx_word' id='word_1_276' title='bbox 658 4014 792 4069; x_wconf 80' lang='lat' dir='ltr'>praetorem</span> <span class='ocrx_word' id='word_1_277' title='bbox 812 4003 920 4051; x_wconf 86' lang='lat' dir='ltr'>consilia</span> <span class='ocrx_word' id='word_1_278' title='bbox 947 4004 1056 4053; x_wconf 86' lang='lat' dir='ltr'>inissent</span> <span class='ocrx_word' id='word_1_279' title='bbox 1100 3986 1263 4054; x_wconf 77' lang='lat' dir='ltr'>3elarisscm</span> <span class='ocrx_word' id='word_1_280' title='bbox 1299 4002 1401 4062; x_wconf 86' lang='lat' dir='ltr'>XXXI,</span> <span class='ocrx_word' id='word_1_281' title='bbox 1421 4002 1482 4061; x_wconf 86' lang='lat' dir='ltr'>1‚a</span> 
     </span>
     <span class='ocr_line' id='line_1_35' title="bbox 413 4089 1484 4153; baseline -0.004 -13"><span class='ocrx_word' id='word_1_282' title='bbox 413 4091 613 4153; x_wconf 86' lang='lat' dir='ltr'>sortirentnrque</span> <span class='ocrx_word' id='word_1_283' title='bbox 640 4089 855 4139; x_wconf 69' lang='lat' dir='ltr'>4&#39;satisleeissem</span> <span class='ocrx_word' id='word_1_284' title='bbox 876 4092 1101 4153; x_wconf 79' lang='lat' dir='ltr'>bpersequerebur</span> <span class='ocrx_word' id='word_1_285' title='bbox 1135 4089 1347 4151; x_wconf 64' lang='lat' dir='ltr'>allegatores</span> <span class='ocrx_word' id='word_1_286' title='bbox 1384 4094 1484 4153; x_wconf 64' lang='lat' dir='ltr'>spra-</span> 
     </span>
     <span class='ocr_line' id='line_1_36' title="bbox 414 4174 1483 4241; baseline 0.001 -17"><span class='ocrx_word' id='word_1_287' title='bbox 414 4176 487 4239; x_wconf 87' lang='lat' dir='ltr'>eipue</span> <span class='ocrx_word' id='word_1_288' title='bbox 512 4174 582 4239; x_wconf 78' lang='lat' dir='ltr'>Lipe.</span> <span class='ocrx_word' id='word_1_289' title='bbox 636 4183 651 4225; x_wconf 82' lang='lat'>³</span> <span class='ocrx_word' id='word_1_290' title='bbox 683 4175 758 4241; x_wconf 68' lang='lat' dir='ltr'>Grpe.</span> <span class='ocrx_word' id='word_1_291' title='bbox 787 4176 879 4226; x_wconf 87' lang='lat' dir='ltr'>duceni</span> <span class='ocrx_word' id='word_1_292' title='bbox 908 4177 1005 4240; x_wconf 83' lang='lat' dir='ltr'>equites</span> <span class='ocrx_word' id='word_1_293' title='bbox 1059 4182 1072 4225; x_wconf 83' lang='lat'><strong>5</strong></span> <span class='ocrx_word' id='word_1_294' title='bbox 1103 4177 1256 4225; x_wconf 85' lang='lat' dir='ltr'>macedonis</span> <span class='ocrx_word' id='word_1_295' title='bbox 1277 4175 1282 4241; x_wconf 86' lang='grc' dir='ltr'>Ι</span> <span class='ocrx_word' id='word_1_296' title='bbox 1306 4174 1413 4239; x_wconf 86' lang='lat' dir='ltr'>aequites</span> <span class='ocrx_word' id='word_1_297' title='bbox 1459 4175 1483 4231; x_wconf 77' lang='grc'>3,</span> 
     </span>
    </p>
   </div>
   <div class='ocr_carea' id='block_1_10' title="bbox 417 4276 1484 4344">
    <p class='ocr_par' dir='ltr' id='par_1_15' title="bbox 417 4255 1484 4344">
     <span class='ocr_line' id='line_1_37' title="bbox 417 4276 1484 4344; baseline 0.002 -19"><span class='ocrx_word' id='word_1_298' title='bbox 417 4283 428 4325; x_wconf 95' lang='lat' dir='ltr'>l</span> <span class='ocrx_word' id='word_1_299' title='bbox 455 4286 481 4325; x_wconf 91' lang='lat' dir='ltr'>et</span> <span class='ocrx_word' id='word_1_300' title='bbox 499 4292 514 4327; x_wconf 87' lang='lat' dir='ltr'>a</span> <span class='ocrx_word' id='word_1_301' title='bbox 532 4279 558 4326; x_wconf 91' lang='lat' dir='ltr'>in</span> <span class='ocrx_word' id='word_1_302' title='bbox 574 4276 579 4344; x_wconf 86' lang='grc' dir='ltr'>Ι</span> <span class='ocrx_word' id='word_1_303' title='bbox 596 4281 686 4329; x_wconf 87' lang='lat' dir='ltr'>consul</span> <span class='ocrx_word' id='word_1_304' title='bbox 704 4280 770 4329; x_wconf 87' lang='lat' dir='ltr'>alter</span> <span class='ocrx_word' id='word_1_305' title='bbox 810 4286 825 4328; x_wconf 83' lang='lat'>2</span> <span class='ocrx_word' id='word_1_306' title='bbox 845 4294 966 4329; x_wconf 90' lang='lat' dir='ltr'>uumerus</span> <span class='ocrx_word' id='word_1_307' title='bbox 990 4279 1022 4327; x_wconf 87' lang='lat' dir='ltr'>de</span> <span class='ocrx_word' id='word_1_308' title='bbox 1043 4292 1086 4327; x_wconf 88' lang='lat' dir='ltr'>coc</span> <span class='ocrx_word' id='word_1_309' title='bbox 1105 4279 1205 4341; x_wconf 87' lang='lat' dir='ltr'>equites</span> <span class='ocrx_word' id='word_1_310' title='bbox 1224 4294 1276 4331; x_wconf 76' lang='lat' dir='ltr'>sm.</span> <span class='ocrx_word' id='word_1_311' title='bbox 1296 4294 1348 4331; x_wconf 80' lang='lat' dir='ltr'>arn.</span> <span class='ocrx_word' id='word_1_312' title='bbox 1367 4278 1484 4342; x_wconf 85' lang='lat' dir='ltr'>peditum</span> 
     </span>
    </p>
   </div>
   <div class='ocr_carea' id='block_1_11' title="bbox 414 4380 1368 4461">
    <p class='ocr_par' dir='ltr' id='par_1_16' title="bbox 414 4380 1368 4461">
     <span class='ocr_line' id='line_1_38' title="bbox 414 4380 1368 4461; baseline 0.001 -14"><span class='ocrx_word' id='word_1_313' title='bbox 414 4383 493 4447; x_wconf 69' lang='lat' dir='ltr'>laese</span> <span class='ocrx_word' id='word_1_314' title='bbox 512 4399 611 4461; x_wconf 69' lang='lat' dir='ltr'>aquia.</span> <span class='ocrx_word' id='word_1_315' title='bbox 649 4400 675 4458; x_wconf 79' lang='lat'>4,</span> <span class='ocrx_word' id='word_1_316' title='bbox 698 4405 708 4447; x_wconf 89' lang='lat'><em>1</em></span> <span class='ocrx_word' id='word_1_317' title='bbox 731 4400 827 4448; x_wconf 69' lang='lat' dir='ltr'>mittum</span> <span class='ocrx_word' id='word_1_318' title='bbox 864 4398 889 4460; x_wconf 81' lang='lat' dir='ltr'>s,</span> <span class='ocrx_word' id='word_1_319' title='bbox 910 4405 921 4448; x_wconf 91' lang='lat'>1</span> <span class='ocrx_word' id='word_1_320' title='bbox 942 4400 970 4448; x_wconf 85' lang='lat' dir='ltr'>in</span> <span class='ocrx_word' id='word_1_321' title='bbox 990 4380 1021 4448; x_wconf 62' lang='lat' dir='ltr'>li.</span> <span class='ocrx_word' id='word_1_322' title='bbox 1040 4398 1094 4447; x_wconf 77' lang='lat' dir='ltr'>mu.</span> <span class='ocrx_word' id='word_1_323' title='bbox 1132 4400 1368 4449; x_wconf 68' lang='lat' dir='ltr'>amaseaonuum</span> 
     </span>
    </p>
   </div>
   <div class='ocr_carea' id='block_1_12' title="bbox 0 0 1746 5084">
    <p class='ocr_par' dir='ltr' id='par_1_17' title="bbox 0 0 1746 5084">
     <span class='ocr_line' id='line_1_39' title="bbox 0 0 1746 5084; baseline 0 0"><span class='ocrx_word' id='word_1_324' title='bbox 0 0 1746 5084; x_wconf 95' lang='lat' dir='ltr'> </span> 
     </span>
    </p>
   </div>
  </div>
 </body>
</html>
