<?xml version="1.0" encoding="UTF-8"?>
<!DOCTYPE html PUBLIC "-//W3C//DTD XHTML 1.0 Transitional//EN"
    "http://www.w3.org/TR/xhtml1/DTD/xhtml1-transitional.dtd">
<html xmlns="http://www.w3.org/1999/xhtml" xml:lang="en" lang="en">
 <head>
  <title>
</title>
<meta http-equiv="Content-Type" content="text/html;charset=utf-8" />
  <meta name='ocr-system' content='tesseract 3.04.00' />
  <meta name='ocr-capabilities' content='ocr_page ocr_carea ocr_par ocr_line ocrx_word'/>
</head>
<body>
  <div class='ocr_page' id='page_1' title='image "./titiliviihistor02ussigoog_0153.png"; bbox 0 0 3475 5084; ppageno 0'>
   <div class='ocr_carea' id='block_1_1' title="bbox 529 480 1244 547">
    <p class='ocr_par' dir='ltr' id='par_1_1' title="bbox 529 480 1244 547">
     <span class='ocr_line' id='line_1_1' title="bbox 529 480 1244 547; baseline 0.007 -15"><span class='ocrx_word' id='word_1_1' title='bbox 529 483 609 533; x_wconf 88' lang='lat' dir='ltr'>Liber</span> <span class='ocrx_word' id='word_1_2' title='bbox 626 482 722 533; x_wconf 84' lang='lat' dir='ltr'>XLIII.</span> <span class='ocrx_word' id='word_1_3' title='bbox 760 483 808 545; x_wconf 89' lang='grc' dir='ltr'>(Δ.</span> <span class='ocrx_word' id='word_1_4' title='bbox 827 480 889 531; x_wconf 82' lang='lat' dir='ltr'>cur.</span> <span class='ocrx_word' id='word_1_5' title='bbox 912 482 984 547; x_wconf 88' lang='grc'><strong>170.)</strong></span> <span class='ocrx_word' id='word_1_6' title='bbox 1188 490 1244 546; x_wconf 84' lang='lat'>123</span> 
     </span>
    </p>
   </div>
   <div class='ocr_carea' id='block_1_2' title="bbox 210 664 1370 3463">
    <p class='ocr_par' dir='ltr' id='par_1_2' title="bbox 210 664 1370 3463">
     <span class='ocr_line' id='line_1_2' title="bbox 296 664 1370 743; baseline 0.006 -21"><span class='ocrx_word' id='word_1_7' title='bbox 296 665 418 723; x_wconf 85' lang='lat' dir='ltr'>Eodem</span> <span class='ocrx_word' id='word_1_8' title='bbox 445 673 577 741; x_wconf 88' lang='lat' dir='ltr'>tempore</span> <span class='ocrx_word' id='word_1_9' title='bbox 603 668 640 725; x_wconf 91' lang='lat' dir='ltr'>de</span> <span class='ocrx_word' id='word_1_10' title='bbox 668 666 702 728; x_wconf 84' lang='grc' dir='ltr'>Ο.</span> <span class='ocrx_word' id='word_1_11' title='bbox 725 666 844 739; x_wconf 86' lang='lat' dir='ltr'>Cassio,</span> <span class='ocrx_word' id='word_1_12' title='bbox 879 669 929 742; x_wconf 92' lang='lat' dir='ltr'>qui</span> <span class='ocrx_word' id='word_1_13' title='bbox 956 668 1056 725; x_wconf 89' lang='lat' dir='ltr'>consul</span> <span class='ocrx_word' id='word_1_14' title='bbox 1085 668 1183 743; x_wconf 89' lang='lat' dir='ltr'>priore</span> <span class='ocrx_word' id='word_1_15' title='bbox 1211 688 1287 728; x_wconf 89' lang='lat' dir='ltr'>auno</span> <span class='ocrx_word' id='word_1_16' title='bbox 1351 664 1370 735; x_wconf 77' lang='grc' dir='ltr'>ὅ</span> 
     </span>
     <span class='ocr_line' id='line_1_3' title="bbox 215 766 1287 838; baseline 0.007 -14"><span class='ocrx_word' id='word_1_17' title='bbox 215 766 326 838; x_wconf 84' lang='lat' dir='ltr'>fuerat,</span> <span class='ocrx_word' id='word_1_18' title='bbox 360 779 424 827; x_wconf 90' lang='lat' dir='ltr'>tum</span> <span class='ocrx_word' id='word_1_19' title='bbox 452 771 584 828; x_wconf 90' lang='lat' dir='ltr'>tribunus</span> <span class='ocrx_word' id='word_1_20' title='bbox 609 773 730 829; x_wconf 90' lang='lat' dir='ltr'>militum</span> <span class='ocrx_word' id='word_1_21' title='bbox 758 773 788 829; x_wconf 90' lang='lat' dir='ltr'>in</span> <span class='ocrx_word' id='word_1_22' title='bbox 810 774 985 830; x_wconf 86' lang='lat' dir='ltr'>Macedonia</span> <span class='ocrx_word' id='word_1_23' title='bbox 1011 792 1075 829; x_wconf 92' lang='lat' dir='ltr'>cum</span> <span class='ocrx_word' id='word_1_24' title='bbox 1098 777 1137 831; x_wconf 88' lang='lat' dir='ltr'>A.</span> <span class='ocrx_word' id='word_1_25' title='bbox 1160 774 1287 833; x_wconf 87' lang='lat' dir='ltr'>Hostilio</span> 
     </span>
     <span class='ocr_line' id='line_1_4' title="bbox 218 876 1286 952; baseline 0.007 -25"><span class='ocrx_word' id='word_1_26' title='bbox 218 883 283 939; x_wconf 88' lang='lat' dir='ltr'>arat,</span> <span class='ocrx_word' id='word_1_27' title='bbox 309 876 442 948; x_wconf 78' lang='lat' dir='ltr'>querela</span> <span class='ocrx_word' id='word_1_28' title='bbox 469 876 508 932; x_wconf 92' lang='lat' dir='ltr'>ad</span> <span class='ocrx_word' id='word_1_29' title='bbox 537 885 669 934; x_wconf 89' lang='lat' dir='ltr'>senatum</span> <span class='ocrx_word' id='word_1_30' title='bbox 692 877 794 933; x_wconf 80' lang='lat' dir='ltr'>delatae</span> <span class='ocrx_word' id='word_1_31' title='bbox 816 888 896 949; x_wconf 91' lang='lat' dir='ltr'>sunt,</span> <span class='ocrx_word' id='word_1_32' title='bbox 926 878 1062 952; x_wconf 72' lang='lat' dir='ltr'>allegati</span> <span class='ocrx_word' id='word_1_33' title='bbox 1083 878 1160 952; x_wconf 87' lang='lat' dir='ltr'>regis</span> <span class='ocrx_word' id='word_1_34' title='bbox 1184 878 1286 935; x_wconf 86' lang='lat' dir='ltr'>Gallo·</span> 
     </span>
     <span class='ocr_line' id='line_1_5' title="bbox 214 976 1326 1054; baseline 0.008 -22"><span class='ocrx_word' id='word_1_35' title='bbox 214 997 273 1033; x_wconf 88' lang='lat' dir='ltr'>rom</span> <span class='ocrx_word' id='word_1_36' title='bbox 297 976 440 1037; x_wconf 86' lang='lat' dir='ltr'>Cincibili</span> <span class='ocrx_word' id='word_1_37' title='bbox 471 992 638 1037; x_wconf 77' lang='lat' dir='ltr'>venerunt·</span> <span class='ocrx_word' id='word_1_38' title='bbox 677 984 784 1039; x_wconf 79' lang='lat' dir='ltr'>Frater</span> <span class='ocrx_word' id='word_1_39' title='bbox 807 983 869 1039; x_wconf 90' lang='lat' dir='ltr'>eius</span> <span class='ocrx_word' id='word_1_40' title='bbox 901 984 991 1039; x_wconf 88' lang='lat' dir='ltr'>verba</span> <span class='ocrx_word' id='word_1_41' title='bbox 1020 983 1049 1040; x_wconf 90' lang='lat' dir='ltr'>in</span> <span class='ocrx_word' id='word_1_42' title='bbox 1076 991 1178 1038; x_wconf 90' lang='lat' dir='ltr'>senatu</span> <span class='ocrx_word' id='word_1_43' title='bbox 1209 981 1286 1054; x_wconf 85' lang='lat' dir='ltr'>fecit,</span> <span class='ocrx_word' id='word_1_44' title='bbox 1309 986 1326 1041; x_wconf 88' lang='grc'>2</span> 
     </span>
     <span class='ocr_line' id='line_1_6' title="bbox 215 1086 1285 1162; baseline 0.007 -26"><span class='ocrx_word' id='word_1_45' title='bbox 215 1093 341 1154; x_wconf 89' lang='lat' dir='ltr'>questus,</span> <span class='ocrx_word' id='word_1_46' title='bbox 367 1086 544 1160; x_wconf 86' lang='lat' dir='ltr'>Alpinorum</span> <span class='ocrx_word' id='word_1_47' title='bbox 567 1086 740 1161; x_wconf 89' lang='lat' dir='ltr'>populorum</span> <span class='ocrx_word' id='word_1_48' title='bbox 759 1105 857 1161; x_wconf 84' lang='lat' dir='ltr'>agros,</span> <span class='ocrx_word' id='word_1_49' title='bbox 879 1088 1022 1144; x_wconf 90' lang='lat' dir='ltr'>sociorum</span> <span class='ocrx_word' id='word_1_50' title='bbox 1045 1105 1173 1157; x_wconf 88' lang='lat' dir='ltr'>auorum,</span> <span class='ocrx_word' id='word_1_51' title='bbox 1195 1087 1285 1162; x_wconf 88' lang='lat' dir='ltr'>depo·</span> 
     </span>
     <span class='ocr_line' id='line_1_7' title="bbox 212 1187 1286 1259; baseline 0.006 -18"><span class='ocrx_word' id='word_1_52' title='bbox 212 1187 345 1259; x_wconf 90' lang='lat' dir='ltr'>palatum</span> <span class='ocrx_word' id='word_1_53' title='bbox 381 1187 415 1246; x_wconf 83' lang='lat' dir='ltr'>O.</span> <span class='ocrx_word' id='word_1_54' title='bbox 437 1188 571 1247; x_wconf 87' lang='lat' dir='ltr'>Cassium</span> <span class='ocrx_word' id='word_1_55' title='bbox 604 1208 667 1247; x_wconf 89' lang='lat' dir='ltr'>esse</span> <span class='ocrx_word' id='word_1_56' title='bbox 696 1201 724 1247; x_wconf 90' lang='lat' dir='ltr'>et</span> <span class='ocrx_word' id='word_1_57' title='bbox 755 1190 821 1247; x_wconf 90' lang='lat' dir='ltr'>inde</span> <span class='ocrx_word' id='word_1_58' title='bbox 845 1193 936 1248; x_wconf 87' lang='lat' dir='ltr'>multa</span> <span class='ocrx_word' id='word_1_59' title='bbox 968 1192 1047 1249; x_wconf 85' lang='lat' dir='ltr'>milia</span> <span class='ocrx_word' id='word_1_60' title='bbox 1079 1192 1228 1249; x_wconf 89' lang='lat' dir='ltr'>hominum</span> <span class='ocrx_word' id='word_1_61' title='bbox 1256 1192 1286 1247; x_wconf 91' lang='lat' dir='ltr'>in</span> 
     </span>
     <span class='ocr_line' id='line_1_8' title="bbox 211 1293 1325 1371; baseline 0.004 -25"><span class='ocrx_word' id='word_1_62' title='bbox 211 1293 385 1350; x_wconf 84' lang='lat' dir='ltr'>servitutem</span> <span class='ocrx_word' id='word_1_63' title='bbox 416 1295 587 1369; x_wconf 83' lang='lat' dir='ltr'>abripuisse.</span> <span class='ocrx_word' id='word_1_64' title='bbox 640 1295 702 1354; x_wconf 90' lang='lat' dir='ltr'>Sub</span> <span class='ocrx_word' id='word_1_65' title='bbox 729 1296 804 1352; x_wconf 91' lang='lat' dir='ltr'>idem</span> <span class='ocrx_word' id='word_1_66' title='bbox 833 1306 947 1371; x_wconf 90' lang='lat' dir='ltr'>tempus</span> <span class='ocrx_word' id='word_1_67' title='bbox 976 1296 1137 1354; x_wconf 88' lang='lat' dir='ltr'>Carnorum</span> <span class='ocrx_word' id='word_1_68' title='bbox 1166 1297 1285 1353; x_wconf 89' lang='lat' dir='ltr'>Histro·</span> <span class='ocrx_word' id='word_1_69' title='bbox 1308 1295 1325 1349; x_wconf 87' lang='lat'><strong>3</strong></span> 
     </span>
     <span class='ocr_line' id='line_1_9' title="bbox 210 1388 1285 1475; baseline 0.005 -25"><span class='ocrx_word' id='word_1_70' title='bbox 210 1414 334 1470; x_wconf 88' lang='lat' dir='ltr'>rumque</span> <span class='ocrx_word' id='word_1_71' title='bbox 365 1409 393 1455; x_wconf 85' lang='lat' dir='ltr'>et</span> <span class='ocrx_word' id='word_1_72' title='bbox 419 1388 563 1475; x_wconf 82' lang='lat' dir='ltr'>Iapydum</span> <span class='ocrx_word' id='word_1_73' title='bbox 593 1400 683 1475; x_wconf 82' lang='lat' dir='ltr'>legati</span> <span class='ocrx_word' id='word_1_74' title='bbox 713 1403 868 1457; x_wconf 82' lang='lat' dir='ltr'>venerunt:</span> <span class='ocrx_word' id='word_1_75' title='bbox 906 1402 1004 1458; x_wconf 83' lang='lat' dir='ltr'>Duces</span> <span class='ocrx_word' id='word_1_76' title='bbox 1031 1402 1086 1465; x_wconf 87' lang='lat' dir='ltr'>sibi</span> <span class='ocrx_word' id='word_1_77' title='bbox 1108 1402 1145 1456; x_wconf 92' lang='lat' dir='ltr'>ab</span> <span class='ocrx_word' id='word_1_78' title='bbox 1168 1400 1285 1457; x_wconf 90' lang='lat' dir='ltr'>consule</span> 
     </span>
     <span class='ocr_line' id='line_1_10' title="bbox 211 1497 1284 1578; baseline 0.005 -22"><span class='ocrx_word' id='word_1_79' title='bbox 211 1497 313 1557; x_wconf 84' lang='lat' dir='ltr'>Cassio</span> <span class='ocrx_word' id='word_1_80' title='bbox 344 1505 473 1577; x_wconf 92' lang='lat' dir='ltr'>primurn</span> <span class='ocrx_word' id='word_1_81' title='bbox 502 1504 677 1578; x_wconf 90' lang='lat' dir='ltr'>imperatos,</span> <span class='ocrx_word' id='word_1_82' title='bbox 710 1504 760 1578; x_wconf 91' lang='lat' dir='ltr'>qui</span> <span class='ocrx_word' id='word_1_83' title='bbox 789 1506 819 1561; x_wconf 91' lang='lat' dir='ltr'>in</span> <span class='ocrx_word' id='word_1_84' title='bbox 840 1507 1043 1562; x_wconf 87' lang='lat' dir='ltr'>Macedoniam</span> <span class='ocrx_word' id='word_1_85' title='bbox 1066 1506 1181 1562; x_wconf 90' lang='lat' dir='ltr'>ducenti</span> <span class='ocrx_word' id='word_1_86' title='bbox 1201 1524 1284 1561; x_wconf 90' lang='lat' dir='ltr'>exer·</span> 
     </span>
     <span class='ocr_line' id='line_1_11' title="bbox 211 1604 1324 1685; baseline 0.005 -28"><span class='ocrx_word' id='word_1_87' title='bbox 211 1604 294 1660; x_wconf 90' lang='lat' dir='ltr'>citum</span> <span class='ocrx_word' id='word_1_88' title='bbox 325 1607 387 1663; x_wconf 88' lang='lat' dir='ltr'>iter</span> <span class='ocrx_word' id='word_1_89' title='bbox 414 1618 621 1678; x_wconf 82' lang='lat' dir='ltr'>monstrarent3</span> <span class='ocrx_word' id='word_1_90' title='bbox 654 1621 789 1683; x_wconf 89' lang='lat' dir='ltr'>pacatum</span> <span class='ocrx_word' id='word_1_91' title='bbox 819 1612 856 1667; x_wconf 91' lang='lat' dir='ltr'>ab</span> <span class='ocrx_word' id='word_1_92' title='bbox 886 1630 930 1679; x_wconf 88' lang='lat' dir='ltr'>se,</span> <span class='ocrx_word' id='word_1_93' title='bbox 962 1622 1111 1685; x_wconf 86' lang='lat' dir='ltr'><strong>tamquam</strong></span> <span class='ocrx_word' id='word_1_94' title='bbox 1140 1609 1177 1665; x_wconf 89' lang='lat' dir='ltr'>ad</span> <span class='ocrx_word' id='word_1_95' title='bbox 1205 1607 1284 1663; x_wconf 89' lang='lat' dir='ltr'>aliud</span> <span class='ocrx_word' id='word_1_96' title='bbox 1307 1610 1324 1663; x_wconf 87' lang='lat'>4</span> 
     </span>
     <span class='ocr_line' id='line_1_12' title="bbox 211 1707 1284 1789; baseline 0.005 -26"><span class='ocrx_word' id='word_1_97' title='bbox 211 1707 314 1766; x_wconf 90' lang='lat' dir='ltr'>bellum</span> <span class='ocrx_word' id='word_1_98' title='bbox 347 1713 524 1786; x_wconf 85' lang='lat' dir='ltr'>gerendum,</span> <span class='ocrx_word' id='word_1_99' title='bbox 558 1714 669 1783; x_wconf 90' lang='lat' dir='ltr'>abisse;</span> <span class='ocrx_word' id='word_1_100' title='bbox 701 1715 768 1771; x_wconf 89' lang='lat' dir='ltr'>inde</span> <span class='ocrx_word' id='word_1_101' title='bbox 797 1734 833 1770; x_wconf 86' lang='lat' dir='ltr'>ex</span> <span class='ocrx_word' id='word_1_102' title='bbox 861 1715 956 1771; x_wconf 93' lang='lat' dir='ltr'>medio</span> <span class='ocrx_word' id='word_1_103' title='bbox 988 1732 1151 1789; x_wconf 89' lang='lat' dir='ltr'>regressum</span> <span class='ocrx_word' id='word_1_104' title='bbox 1181 1712 1284 1768; x_wconf 88' lang='lat' dir='ltr'>itinere</span> 
     </span>
     <span class='ocr_line' id='line_1_13' title="bbox 210 1812 1285 1894; baseline 0.006 -28"><span class='ocrx_word' id='word_1_105' title='bbox 210 1812 357 1872; x_wconf 78' lang='lat' dir='ltr'>hostiliter</span> <span class='ocrx_word' id='word_1_106' title='bbox 388 1835 561 1891; x_wconf 83' lang='lat' dir='ltr'>peragrasse</span> <span class='ocrx_word' id='word_1_107' title='bbox 589 1819 660 1875; x_wconf 87' lang='lat' dir='ltr'>fines</span> <span class='ocrx_word' id='word_1_108' title='bbox 688 1838 772 1888; x_wconf 82' lang='lat' dir='ltr'>suos3</span> <span class='ocrx_word' id='word_1_109' title='bbox 802 1818 896 1875; x_wconf 86' lang='lat' dir='ltr'>caedes</span> <span class='ocrx_word' id='word_1_110' title='bbox 924 1820 1033 1894; x_wconf 86' lang='lat' dir='ltr'>passim</span> <span class='ocrx_word' id='word_1_111' title='bbox 1058 1820 1234 1894; x_wconf 87' lang='lat' dir='ltr'>rapinasque</span> <span class='ocrx_word' id='word_1_112' title='bbox 1256 1824 1285 1872; x_wconf 89' lang='lat' dir='ltr'>et</span> 
     </span>
     <span class='ocr_line' id='line_1_14' title="bbox 210 1915 1283 1999; baseline 0.004 -27"><span class='ocrx_word' id='word_1_113' title='bbox 210 1915 345 1977; x_wconf 87' lang='lat' dir='ltr'>incendia</span> <span class='ocrx_word' id='word_1_114' title='bbox 367 1920 461 1991; x_wconf 82' lang='lat' dir='ltr'>facta3</span> <span class='ocrx_word' id='word_1_115' title='bbox 483 1940 535 1977; x_wconf 90' lang='lat' dir='ltr'>uec</span> <span class='ocrx_word' id='word_1_116' title='bbox 554 1941 586 1978; x_wconf 90' lang='lat' dir='ltr'>se</span> <span class='ocrx_word' id='word_1_117' title='bbox 608 1924 646 1979; x_wconf 91' lang='lat' dir='ltr'>ad</span> <span class='ocrx_word' id='word_1_118' title='bbox 667 1924 697 1980; x_wconf 89' lang='lat' dir='ltr'>id</span> <span class='ocrx_word' id='word_1_119' title='bbox 712 1924 841 1981; x_wconf 89' lang='lat' dir='ltr'>locorum</span> <span class='ocrx_word' id='word_1_120' title='bbox 861 1925 945 1993; x_wconf 83' lang='lat' dir='ltr'>seire,</span> <span class='ocrx_word' id='word_1_121' title='bbox 967 1933 1192 1999; x_wconf 87' lang='lat' dir='ltr'>propterquam</span> <span class='ocrx_word' id='word_1_122' title='bbox 1213 1939 1283 1977; x_wconf 86' lang='lat' dir='ltr'>cau-</span> 
     </span>
     <span class='ocr_line' id='line_1_15' title="bbox 211 2024 1323 2103; baseline 0.004 -26"><span class='ocrx_word' id='word_1_123' title='bbox 211 2039 270 2080; x_wconf 90' lang='lat' dir='ltr'>sam</span> <span class='ocrx_word' id='word_1_124' title='bbox 294 2027 411 2083; x_wconf 90' lang='lat' dir='ltr'>consuli</span> <span class='ocrx_word' id='word_1_125' title='bbox 433 2028 641 2101; x_wconf 66' lang='lat' dir='ltr'>pro‘bostibus</span> <span class='ocrx_word' id='word_1_126' title='bbox 665 2027 780 2085; x_wconf 86' lang='lat' dir='ltr'>fuerint.</span> <span class='ocrx_word' id='word_1_127' title='bbox 814 2030 853 2085; x_wconf 84' lang='lat' dir='ltr'>Et</span> <span class='ocrx_word' id='word_1_128' title='bbox 875 2028 976 2103; x_wconf 87' lang='lat' dir='ltr'>regulo</span> <span class='ocrx_word' id='word_1_129' title='bbox 996 2028 1149 2086; x_wconf 85' lang='lat' dir='ltr'>Gallorum</span> <span class='ocrx_word' id='word_1_130' title='bbox 1170 2024 1283 2081; x_wconf 89' lang='lat' dir='ltr'>absenti</span> <span class='ocrx_word' id='word_1_131' title='bbox 1307 2028 1323 2082; x_wconf 88' lang='lat'>5</span> 
     </span>
     <span class='ocr_line' id='line_1_16' title="bbox 213 2111 1282 2207; baseline 0.003 -25"><span class='ocrx_word' id='word_1_132' title='bbox 213 2135 238 2180; x_wconf 91' lang='lat' dir='ltr'>et</span> <span class='ocrx_word' id='word_1_133' title='bbox 257 2128 304 2184; x_wconf 92' lang='lat' dir='ltr'>his</span> <span class='ocrx_word' id='word_1_134' title='bbox 326 2111 447 2205; x_wconf 85' lang='lat' dir='ltr'>populis</span> <span class='ocrx_word' id='word_1_135' title='bbox 468 2149 638 2205; x_wconf 89' lang='lat' dir='ltr'>responsum</span> <span class='ocrx_word' id='word_1_136' title='bbox 661 2144 719 2203; x_wconf 89' lang='lat' dir='ltr'>est,</span> <span class='ocrx_word' id='word_1_137' title='bbox 741 2145 873 2191; x_wconf 85' lang='lat' dir='ltr'>senatum</span> <span class='ocrx_word' id='word_1_138' title='bbox 897 2154 946 2204; x_wconf 89' lang='lat' dir='ltr'>ea,</span> <span class='ocrx_word' id='word_1_139' title='bbox 970 2133 1135 2207; x_wconf 68' lang='lat' dir='ltr'>quaefacta</span> <span class='ocrx_word' id='word_1_140' title='bbox 1159 2148 1282 2203; x_wconf 89' lang='lat' dir='ltr'>queran-</span> 
     </span>
     <span class='ocr_line' id='line_1_17' title="bbox 212 2233 1283 2311; baseline 0.004 -26"><span class='ocrx_word' id='word_1_141' title='bbox 212 2237 268 2300; x_wconf 86' lang='lat' dir='ltr'>tur,</span> <span class='ocrx_word' id='word_1_142' title='bbox 296 2253 397 2309; x_wconf 88' lang='lat' dir='ltr'>neque</span> <span class='ocrx_word' id='word_1_143' title='bbox 426 2236 514 2292; x_wconf 83' lang='lat' dir='ltr'>scisse</span> <span class='ocrx_word' id='word_1_144' title='bbox 536 2235 635 2293; x_wconf 82' lang='lat' dir='ltr'>futura</span> <span class='ocrx_word' id='word_1_145' title='bbox 663 2257 775 2311; x_wconf 91' lang='lat' dir='ltr'>neque,</span> <span class='ocrx_word' id='word_1_146' title='bbox 803 2239 826 2294; x_wconf 90' lang='lat' dir='ltr'>si</span> <span class='ocrx_word' id='word_1_147' title='bbox 849 2238 906 2296; x_wconf 89' lang='lat' dir='ltr'>sint</span> <span class='ocrx_word' id='word_1_148' title='bbox 928 2237 1023 2307; x_wconf 84' lang='lat' dir='ltr'>iacta,</span> <span class='ocrx_word' id='word_1_149' title='bbox 1044 2238 1180 2311; x_wconf 90' lang='lat' dir='ltr'>probare.</span> <span class='ocrx_word' id='word_1_150' title='bbox 1224 2233 1283 2291; x_wconf 90' lang='lat' dir='ltr'>Sed</span> 
     </span>
     <span class='ocr_line' id='line_1_18' title="bbox 213 2334 1282 2409; baseline 0.002 -20"><span class='ocrx_word' id='word_1_151' title='bbox 213 2334 317 2395; x_wconf 85' lang='lat' dir='ltr'>indicta</span> <span class='ocrx_word' id='word_1_152' title='bbox 347 2359 440 2396; x_wconf 89' lang='lat' dir='ltr'>causa</span> <span class='ocrx_word' id='word_1_153' title='bbox 470 2341 604 2398; x_wconf 87' lang='lat' dir='ltr'>damnari</span> <span class='ocrx_word' id='word_1_154' title='bbox 630 2344 778 2399; x_wconf 83' lang='lat' dir='ltr'>absentem</span> <span class='ocrx_word' id='word_1_155' title='bbox 801 2344 983 2398; x_wconf 88' lang='lat' dir='ltr'>consularem</span> <span class='ocrx_word' id='word_1_156' title='bbox 1006 2342 1115 2409; x_wconf 88' lang='lat' dir='ltr'>virum,</span> <span class='ocrx_word' id='word_1_157' title='bbox 1146 2338 1282 2394; x_wconf 89' lang='lat' dir='ltr'>iniurium</span> 
     </span>
     <span class='ocr_line' id='line_1_19' title="bbox 214 2431 1321 2520; baseline 0.001 -21"><span class='ocrx_word' id='word_1_158' title='bbox 214 2458 282 2513; x_wconf 81' lang='lat' dir='ltr'>esse,</span> <span class='ocrx_word' id='word_1_159' title='bbox 306 2463 375 2501; x_wconf 92' lang='lat' dir='ltr'>cum</span> <span class='ocrx_word' id='word_1_160' title='bbox 400 2446 425 2501; x_wconf 91' lang='lat' dir='ltr'>is</span> <span class='ocrx_word' id='word_1_161' title='bbox 446 2446 488 2501; x_wconf 90' lang='lat' dir='ltr'>rei</span> <span class='ocrx_word' id='word_1_162' title='bbox 503 2446 624 2520; x_wconf 77' lang='lat' dir='ltr'>publicae</span> <span class='ocrx_word' id='word_1_163' title='bbox 648 2431 738 2502; x_wconf 77' lang='lat' dir='ltr'>caiisa</span> <span class='ocrx_word' id='word_1_164' title='bbox 760 2447 845 2503; x_wconf 89' lang='lat' dir='ltr'>absit.</span> <span class='ocrx_word' id='word_1_165' title='bbox 882 2447 943 2506; x_wconf 91' lang='lat' dir='ltr'>Ubi</span> <span class='ocrx_word' id='word_1_166' title='bbox 965 2465 1001 2502; x_wconf 89' lang='lat' dir='ltr'>ex</span> <span class='ocrx_word' id='word_1_167' title='bbox 1017 2444 1191 2503; x_wconf 88' lang='lat' dir='ltr'>Macedonia</span> <span class='ocrx_word' id='word_1_168' title='bbox 1216 2442 1281 2499; x_wconf 89' lang='lat' dir='ltr'>red·</span> <span class='ocrx_word' id='word_1_169' title='bbox 1304 2446 1321 2500; x_wconf 89' lang='grc'><strong>6</strong></span> 
     </span>
     <span class='ocr_line' id='line_1_20' title="bbox 214 2544 1282 2624; baseline 0.002 -24"><span class='ocrx_word' id='word_1_170' title='bbox 214 2544 277 2603; x_wconf 85' lang='lat' dir='ltr'>isset</span> <span class='ocrx_word' id='word_1_171' title='bbox 299 2548 335 2618; x_wconf 82' lang='lat' dir='ltr'>C.</span> <span class='ocrx_word' id='word_1_172' title='bbox 360 2549 497 2617; x_wconf 80' lang='lat' dir='ltr'>Cassius,</span> <span class='ocrx_word' id='word_1_173' title='bbox 525 2560 602 2621; x_wconf 89' lang='lat' dir='ltr'>tum,</span> <span class='ocrx_word' id='word_1_174' title='bbox 625 2552 651 2607; x_wconf 90' lang='lat' dir='ltr'>si</span> <span class='ocrx_word' id='word_1_175' title='bbox 672 2570 770 2607; x_wconf 87' lang='lat' dir='ltr'>coram</span> <span class='ocrx_word' id='word_1_176' title='bbox 793 2570 858 2607; x_wconf 90' lang='lat' dir='ltr'>eum</span> <span class='ocrx_word' id='word_1_177' title='bbox 886 2568 1006 2624; x_wconf 83' lang='lat' dir='ltr'>arguere</span> <span class='ocrx_word' id='word_1_178' title='bbox 1028 2550 1143 2617; x_wconf 87' lang='lat' dir='ltr'>vellent,</span> <span class='ocrx_word' id='word_1_179' title='bbox 1165 2548 1282 2621; x_wconf 83' lang='lat' dir='ltr'>cognita</span> 
     </span>
     <span class='ocr_line' id='line_1_21' title="bbox 213 2651 1319 2732; baseline 0.002 -27"><span class='ocrx_word' id='word_1_180' title='bbox 213 2667 242 2705; x_wconf 92' lang='lat' dir='ltr'>re</span> <span class='ocrx_word' id='word_1_181' title='bbox 270 2665 407 2711; x_wconf 89' lang='lat' dir='ltr'>senatum</span> <span class='ocrx_word' id='word_1_182' title='bbox 434 2655 567 2711; x_wconf 90' lang='lat' dir='ltr'>daturum</span> <span class='ocrx_word' id='word_1_183' title='bbox 594 2675 729 2729; x_wconf 88' lang='lat' dir='ltr'>operam,</span> <span class='ocrx_word' id='word_1_184' title='bbox 762 2656 804 2712; x_wconf 91' lang='lat' dir='ltr'>uti</span> <span class='ocrx_word' id='word_1_185' title='bbox 832 2656 964 2732; x_wconf 78' lang='lat' dir='ltr'>satisfiat.</span> <span class='ocrx_word' id='word_1_186' title='bbox 1019 2656 1083 2711; x_wconf 88' lang='lat' dir='ltr'>Nec</span> <span class='ocrx_word' id='word_1_187' title='bbox 1111 2651 1281 2727; x_wconf 88' lang='lat' dir='ltr'>responderi</span> <span class='ocrx_word' id='word_1_188' title='bbox 1305 2656 1319 2708; x_wconf 89' lang='grc'><strong>7</strong></span> 
     </span>
     <span class='ocr_line' id='line_1_22' title="bbox 215 2758 1279 2834; baseline 0.006 -25"><span class='ocrx_word' id='word_1_189' title='bbox 215 2761 322 2814; x_wconf 89' lang='lat' dir='ltr'>tantum</span> <span class='ocrx_word' id='word_1_190' title='bbox 347 2760 384 2815; x_wconf 90' lang='lat' dir='ltr'>iis</span> <span class='ocrx_word' id='word_1_191' title='bbox 405 2760 548 2833; x_wconf 88' lang='lat' dir='ltr'>gentibus,</span> <span class='ocrx_word' id='word_1_192' title='bbox 570 2759 622 2816; x_wconf 88' lang='lat' dir='ltr'>sed</span> <span class='ocrx_word' id='word_1_193' title='bbox 643 2761 757 2834; x_wconf 86' lang='lat' dir='ltr'>legatos</span> <span class='ocrx_word' id='word_1_194' title='bbox 781 2761 866 2832; x_wconf 86' lang='lat' dir='ltr'>mitti,</span> <span class='ocrx_word' id='word_1_195' title='bbox 889 2762 961 2817; x_wconf 90' lang='lat' dir='ltr'>duos</span> <span class='ocrx_word' id='word_1_196' title='bbox 984 2760 1021 2815; x_wconf 91' lang='lat' dir='ltr'>ad</span> <span class='ocrx_word' id='word_1_197' title='bbox 1046 2758 1177 2832; x_wconf 83' lang='lat' dir='ltr'>regulum</span> <span class='ocrx_word' id='word_1_198' title='bbox 1200 2767 1279 2815; x_wconf 82' lang='lat' dir='ltr'>trans</span> 
     </span>
     <span class='ocr_line' id='line_1_23' title="bbox 215 2859 1279 2939; baseline 0.001 -21"><span class='ocrx_word' id='word_1_199' title='bbox 215 2859 312 2934; x_wconf 80' lang='lat' dir='ltr'>Alpes,</span> <span class='ocrx_word' id='word_1_200' title='bbox 334 2874 395 2921; x_wconf 87' lang='lat' dir='ltr'>tres</span> <span class='ocrx_word' id='word_1_201' title='bbox 417 2865 494 2921; x_wconf 89' lang='lat' dir='ltr'>circa</span> <span class='ocrx_word' id='word_1_202' title='bbox 516 2884 566 2921; x_wconf 93' lang='lat' dir='ltr'>eos</span> <span class='ocrx_word' id='word_1_203' title='bbox 589 2865 715 2939; x_wconf 91' lang='lat' dir='ltr'>populos</span> <span class='ocrx_word' id='word_1_204' title='bbox 737 2865 854 2938; x_wconf 89' lang='lat' dir='ltr'>placuit,</span> <span class='ocrx_word' id='word_1_205' title='bbox 878 2866 927 2938; x_wconf 91' lang='lat' dir='ltr'>qui</span> <span class='ocrx_word' id='word_1_206' title='bbox 949 2864 1118 2932; x_wconf 89' lang='lat' dir='ltr'>indicarent,</span> <span class='ocrx_word' id='word_1_207' title='bbox 1142 2881 1205 2936; x_wconf 83' lang='lat' dir='ltr'>quae</span> <span class='ocrx_word' id='word_1_208' title='bbox 1227 2882 1279 2937; x_wconf 88' lang='lat' dir='ltr'>pa-</span> 
     </span>
     <span class='ocr_line' id='line_1_24' title="bbox 215 2968 1320 3043; baseline 0.005 -24"><span class='ocrx_word' id='word_1_209' title='bbox 215 2970 285 3021; x_wconf 90' lang='lat' dir='ltr'>trum</span> <span class='ocrx_word' id='word_1_210' title='bbox 313 2968 459 3025; x_wconf 89' lang='lat' dir='ltr'>sententia</span> <span class='ocrx_word' id='word_1_211' title='bbox 486 2979 570 3024; x_wconf 85' lang='lat' dir='ltr'>esset.</span> <span class='ocrx_word' id='word_1_212' title='bbox 618 2970 743 3040; x_wconf 77' lang='lat' dir='ltr'>Munera</span> <span class='ocrx_word' id='word_1_213' title='bbox 773 2969 847 3024; x_wconf 87' lang='lat' dir='ltr'>mitti</span> <span class='ocrx_word' id='word_1_214' title='bbox 875 2968 992 3043; x_wconf 80' lang='lat' dir='ltr'>legatis&#39;</span> <span class='ocrx_word' id='word_1_215' title='bbox 1007 2988 1044 3024; x_wconf 89' lang='lat' dir='ltr'>ex</span> <span class='ocrx_word' id='word_1_216' title='bbox 1068 2968 1142 3024; x_wconf 86' lang='lat' dir='ltr'>binis</span> <span class='ocrx_word' id='word_1_217' title='bbox 1165 2968 1279 3024; x_wconf 85' lang='lat' dir='ltr'>milibus</span> <span class='ocrx_word' id='word_1_218' title='bbox 1303 2969 1320 3024; x_wconf 90' lang='lat'><em>8</em></span> 
     </span>
     <span class='ocr_line' id='line_1_25' title="bbox 216 3054 1278 3147; baseline 0.002 -22"><span class='ocrx_word' id='word_1_219' title='bbox 216 3069 274 3125; x_wconf 79' lang='lat' dir='ltr'>aeris</span> <span class='ocrx_word' id='word_1_220' title='bbox 297 3082 481 3131; x_wconf 89' lang='lat' dir='ltr'>censuerunt.</span> <span class='ocrx_word' id='word_1_221' title='bbox 530 3073 654 3128; x_wconf 91' lang='lat' dir='ltr'>Duobus</span> <span class='ocrx_word' id='word_1_222' title='bbox 677 3073 816 3130; x_wconf 85' lang='lat' dir='ltr'>fratribus</span> <span class='ocrx_word' id='word_1_223' title='bbox 838 3073 932 3146; x_wconf 82' lang='lat' dir='ltr'>reguli</span> <span class='ocrx_word' id='word_1_224' title='bbox 953 3074 1014 3129; x_wconf 86' lang='lat' dir='ltr'>haee</span> <span class='ocrx_word' id='word_1_225' title='bbox 1035 3054 1205 3147; x_wconf 75' lang='lat' dir='ltr'>praecipua,</span> <span class='ocrx_word' id='word_1_226' title='bbox 1220 3055 1278 3127; x_wconf 82' lang='lat' dir='ltr'>toi·-</span> 
     </span>
     <span class='ocr_line' id='line_1_26' title="bbox 217 3175 1278 3251; baseline 0.004 -24"><span class='ocrx_word' id='word_1_227' title='bbox 217 3188 281 3244; x_wconf 92' lang='lat' dir='ltr'>ques</span> <span class='ocrx_word' id='word_1_228' title='bbox 305 3178 366 3233; x_wconf 84' lang='lat' dir='ltr'>duo</span> <span class='ocrx_word' id='word_1_229' title='bbox 384 3195 422 3232; x_wconf 88' lang='lat' dir='ltr'>ex</span> <span class='ocrx_word' id='word_1_230' title='bbox 442 3177 569 3250; x_wconf 89' lang='lat' dir='ltr'>quinque</span> <span class='ocrx_word' id='word_1_231' title='bbox 590 3178 688 3250; x_wconf 92' lang='lat' dir='ltr'>pondo</span> <span class='ocrx_word' id='word_1_232' title='bbox 711 3177 774 3233; x_wconf 89' lang='lat' dir='ltr'>auri</span> <span class='ocrx_word' id='word_1_233' title='bbox 795 3176 875 3247; x_wconf 89' lang='lat' dir='ltr'>facti,</span> <span class='ocrx_word' id='word_1_234' title='bbox 898 3186 926 3233; x_wconf 85' lang='lat' dir='ltr'>et</span> <span class='ocrx_word' id='word_1_235' title='bbox 947 3196 1020 3233; x_wconf 88' lang='lat' dir='ltr'>vasa</span> <span class='ocrx_word' id='word_1_236' title='bbox 1035 3188 1174 3251; x_wconf 87' lang='lat' dir='ltr'>argentea</span> <span class='ocrx_word' id='word_1_237' title='bbox 1196 3175 1278 3248; x_wconf 89' lang='lat' dir='ltr'>quiu-</span> 
     </span>
     <span class='ocr_line' id='line_1_27' title="bbox 218 3280 1277 3363; baseline 0.002 -30"><span class='ocrx_word' id='word_1_238' title='bbox 218 3293 268 3348; x_wconf 92' lang='lat' dir='ltr'>que</span> <span class='ocrx_word' id='word_1_239' title='bbox 288 3300 326 3337; x_wconf 90' lang='lat' dir='ltr'>ex</span> <span class='ocrx_word' id='word_1_240' title='bbox 348 3281 450 3355; x_wconf 82' lang='lat' dir='ltr'>viginti</span> <span class='ocrx_word' id='word_1_241' title='bbox 475 3282 588 3355; x_wconf 89' lang='lat' dir='ltr'>pondo,</span> <span class='ocrx_word' id='word_1_242' title='bbox 618 3291 647 3339; x_wconf 91' lang='lat' dir='ltr'>et</span> <span class='ocrx_word' id='word_1_243' title='bbox 669 3282 728 3337; x_wconf 93' lang='lat' dir='ltr'>duo</span> <span class='ocrx_word' id='word_1_244' title='bbox 750 3282 816 3355; x_wconf 90' lang='lat' dir='ltr'>equi</span> <span class='ocrx_word' id='word_1_245' title='bbox 838 3281 981 3355; x_wconf 88' lang='lat' dir='ltr'>phalerati</span> <span class='ocrx_word' id='word_1_246' title='bbox 1004 3300 1068 3363; x_wconf 87' lang='lat' dir='ltr'>cum</span> <span class='ocrx_word' id='word_1_247' title='bbox 1091 3280 1277 3355; x_wconf 82' lang='lat' dir='ltr'>agasonibus,</span> 
     </span>
     <span class='ocr_line' id='line_1_28' title="bbox 217 3386 1276 3463; baseline 0 -21"><span class='ocrx_word' id='word_1_248' title='bbox 217 3388 242 3437; x_wconf 77' lang='lat' dir='ltr'>et</span> <span class='ocrx_word' id='word_1_249' title='bbox 261 3386 408 3459; x_wconf 88' lang='lat' dir='ltr'>equestria</span> <span class='ocrx_word' id='word_1_250' title='bbox 430 3406 513 3443; x_wconf 88' lang='lat' dir='ltr'>arma</span> <span class='ocrx_word' id='word_1_251' title='bbox 534 3397 563 3444; x_wconf 90' lang='lat' dir='ltr'>et</span> <span class='ocrx_word' id='word_1_252' title='bbox 590 3386 708 3463; x_wconf 82' lang='lat' dir='ltr'>sagula,</span> <span class='ocrx_word' id='word_1_253' title='bbox 738 3396 767 3444; x_wconf 92' lang='lat' dir='ltr'>et</span> <span class='ocrx_word' id='word_1_254' title='bbox 794 3386 946 3443; x_wconf 86' lang='lat' dir='ltr'>comitibus</span> <span class='ocrx_word' id='word_1_255' title='bbox 975 3404 1075 3443; x_wconf 90' lang='lat' dir='ltr'>eorum</span> <span class='ocrx_word' id='word_1_256' title='bbox 1096 3386 1276 3455; x_wconf 87' lang='lat' dir='ltr'>vestimenta,</span> 
     </span>
    </p>
   </div>
   <div class='ocr_carea' id='block_1_3' title="bbox 217 3662 1276 3850">
    <p class='ocr_par' dir='ltr' id='par_1_3' title="bbox 217 3662 1276 3850">
     <span class='ocr_line' id='line_1_29' title="bbox 220 3662 1276 3772; baseline -0.002 -25"><span class='ocrx_word' id='word_1_257' title='bbox 220 3688 248 3750; x_wconf 82' lang='lat' dir='ltr'>V,</span> <span class='ocrx_word' id='word_1_258' title='bbox 266 3694 289 3755; x_wconf 92' lang='lat' dir='ltr'>l,</span> <span class='ocrx_word' id='word_1_259' title='bbox 308 3703 323 3745; x_wconf 79' lang='lat'>2</span> <span class='ocrx_word' id='word_1_260' title='bbox 343 3696 429 3748; x_wconf 84' lang='lat' dir='ltr'>fuerat</span> <span class='ocrx_word' id='word_1_261' title='bbox 446 3715 504 3749; x_wconf 91' lang='lat' dir='ltr'>cum</span> <span class='ocrx_word' id='word_1_262' title='bbox 523 3702 631 3750; x_wconf 88' lang='lat' dir='ltr'>tribunis</span> <span class='ocrx_word' id='word_1_263' title='bbox 647 3700 772 3749; x_wconf 87' lang='lat' dir='ltr'>militibus</span> <span class='ocrx_word' id='word_1_264' title='bbox 817 3705 832 3747; x_wconf 78' lang='grc'><strong>3</strong></span> <span class='ocrx_word' id='word_1_265' title='bbox 854 3698 980 3762; x_wconf 75' lang='lat' dir='ltr'>quaerella</span> <span class='ocrx_word' id='word_1_266' title='bbox 1000 3662 1038 3772; x_wconf 39' lang='lat'>:4</span> <span class='ocrx_word' id='word_1_267' title='bbox 1057 3699 1168 3747; x_wconf 87' lang='lat' dir='ltr'>uincibili</span> <span class='ocrx_word' id='word_1_268' title='bbox 1186 3705 1276 3747; x_wconf 90' lang='lat' dir='ltr'>tenue-</span> 
     </span>
     <span class='ocr_line' id='line_1_30' title="bbox 217 3783 1276 3850; baseline 0.009 -26"><span class='ocrx_word' id='word_1_269' title='bbox 217 3787 270 3827; x_wconf 88' lang='lat' dir='ltr'>ruut</span> <span class='ocrx_word' id='word_1_270' title='bbox 304 3783 355 3843; x_wconf 79' lang='lat' dir='ltr'>2,l</span> <span class='ocrx_word' id='word_1_271' title='bbox 375 3794 490 3835; x_wconf 88' lang='lat' dir='ltr'>senatum</span> <span class='ocrx_word' id='word_1_272' title='bbox 519 3794 659 3849; x_wconf 82' lang='lat' dir='ltr'>aquastus</span> <span class='ocrx_word' id='word_1_273' title='bbox 675 3788 680 3849; x_wconf 84' lang='grc' dir='ltr'>Ι</span> <span class='ocrx_word' id='word_1_274' title='bbox 695 3787 880 3850; x_wconf 76' lang='lat' dir='ltr'>depopulatum</span> <span class='ocrx_word' id='word_1_275' title='bbox 898 3800 920 3834; x_wconf 85' lang='lat' dir='ltr'>c.</span> <span class='ocrx_word' id='word_1_276' title='bbox 938 3786 1037 3833; x_wconf 86' lang='lat' dir='ltr'>cassius</span> <span class='ocrx_word' id='word_1_277' title='bbox 1076 3784 1165 3844; x_wconf 87' lang='lat' dir='ltr'>3,lid</span> <span class='ocrx_word' id='word_1_278' title='bbox 1176 3793 1276 3847; x_wconf 88' lang='lat' dir='ltr'>tempus</span> 
     </span>
    </p>
   </div>
   <div class='ocr_carea' id='block_1_4' title="bbox 219 3874 1286 4213">
    <p class='ocr_par' dir='ltr' id='par_1_4' title="bbox 219 3874 1286 4213">
     <span class='ocr_line' id='line_1_31' title="bbox 220 3874 1277 3954; baseline 0.003 -20"><span class='ocrx_word' id='word_1_279' title='bbox 220 3877 311 3948; x_wconf 74' lang='lat' dir='ltr'>Kreysa.</span> <span class='ocrx_word' id='word_1_280' title='bbox 329 3888 334 3949; x_wconf 92' lang='grc' dir='ltr'>Ι</span> <span class='ocrx_word' id='word_1_281' title='bbox 350 3887 632 3954; x_wconf 83' lang='lat' dir='ltr'>histrorumquepydum</span> <span class='ocrx_word' id='word_1_282' title='bbox 667 3888 693 3950; x_wconf 83' lang='lat'>4,</span> <span class='ocrx_word' id='word_1_283' title='bbox 706 3895 716 3937; x_wconf 93' lang='lat' dir='ltr'>l</span> <span class='ocrx_word' id='word_1_284' title='bbox 729 3874 874 3953; x_wconf 79' lang='lat' dir='ltr'>parasitum</span> <span class='ocrx_word' id='word_1_285' title='bbox 891 3887 895 3952; x_wconf 91' lang='grc' dir='ltr'>Ι</span> <span class='ocrx_word' id='word_1_286' title='bbox 911 3890 943 3936; x_wconf 88' lang='lat' dir='ltr'>ad</span> <span class='ocrx_word' id='word_1_287' title='bbox 956 3888 1025 3935; x_wconf 86' lang='lat' dir='ltr'>aliud</span> <span class='ocrx_word' id='word_1_288' title='bbox 1042 3889 1067 3935; x_wconf 88' lang='lat' dir='ltr'>id</span> <span class='ocrx_word' id='word_1_289' title='bbox 1086 3888 1183 3937; x_wconf 91' lang='lat' dir='ltr'>bellum</span> <span class='ocrx_word' id='word_1_290' title='bbox 1214 3894 1277 3937; x_wconf 64' lang='grc' dir='ltr'><strong>Μ</strong></span> 
     </span>
     <span class='ocr_line' id='line_1_32' title="bbox 219 3972 1286 4040; baseline 0.004 -21"><span class='ocrx_word' id='word_1_291' title='bbox 219 3972 459 4036; x_wconf 78' lang='lat' dir='ltr'>mediocregressum</span> <span class='ocrx_word' id='word_1_292' title='bbox 469 3976 596 4025; x_wconf 83' lang='lat' dir='ltr'>hostiliter</span> <span class='ocrx_word' id='word_1_293' title='bbox 604 3978 693 4025; x_wconf 89' lang='lat' dir='ltr'>itinere</span> <span class='ocrx_word' id='word_1_294' title='bbox 702 3990 852 4040; x_wconf 82' lang='lat' dir='ltr'>peragrasse</span> <span class='ocrx_word' id='word_1_295' title='bbox 883 3981 898 4023; x_wconf 83' lang='lat'><strong>8</strong></span> <span class='ocrx_word' id='word_1_296' title='bbox 909 3990 968 4024; x_wconf 89' lang='lat' dir='ltr'>suos</span> <span class='ocrx_word' id='word_1_297' title='bbox 979 3975 1057 4022; x_wconf 87' lang='lat' dir='ltr'>duces</span> <span class='ocrx_word' id='word_1_298' title='bbox 1067 3975 1161 4037; x_wconf 90' lang='lat' dir='ltr'>passim</span> <span class='ocrx_word' id='word_1_299' title='bbox 1174 3973 1286 4039; x_wconf 58' lang='lat' dir='ltr'>Kreyss(</span> 
     </span>
     <span class='ocr_line' id='line_1_33' title="bbox 221 4050 1277 4129; baseline 0.001 -23"><span class='ocrx_word' id='word_1_300' title='bbox 221 4050 458 4123; x_wconf 69' lang='lat' dir='ltr'>(bryaduceaom.)</span> <span class='ocrx_word' id='word_1_301' title='bbox 483 4062 805 4129; x_wconf 74' lang='lat' dir='ltr'>5,2seuatulquaerantur</span> <span class='ocrx_word' id='word_1_302' title='bbox 840 4062 932 4118; x_wconf 71' lang='lat' dir='ltr'>astu</span> <span class='ocrx_word' id='word_1_303' title='bbox 971 4059 1098 4123; x_wconf 76' lang='lat' dir='ltr'>7,3alpis</span> <span class='ocrx_word' id='word_1_304' title='bbox 1114 4064 1118 4122; x_wconf 84' lang='grc' dir='ltr'>Ι</span> <span class='ocrx_word' id='word_1_305' title='bbox 1134 4062 1277 4109; x_wconf 87' lang='lat' dir='ltr'>iudicarent</span> 
     </span>
     <span class='ocr_line' id='line_1_34' title="bbox 221 4145 1275 4213; baseline 0.001 -20"><span class='ocrx_word' id='word_1_306' title='bbox 221 4152 242 4201; x_wconf 78' lang='lat'>(1-</span> <span class='ocrx_word' id='word_1_307' title='bbox 271 4151 286 4193; x_wconf 85' lang='lat'><strong>4</strong></span> <span class='ocrx_word' id='word_1_308' title='bbox 299 4160 357 4195; x_wconf 85' lang='lat' dir='ltr'>esse</span> <span class='ocrx_word' id='word_1_309' title='bbox 393 4147 445 4206; x_wconf 82' lang='lat' dir='ltr'>8‚a</span> <span class='ocrx_word' id='word_1_310' title='bbox 459 4148 721 4211; x_wconf 81' lang='lat' dir='ltr'>duofratresregulis</span> <span class='ocrx_word' id='word_1_311' title='bbox 735 4148 790 4213; x_wconf 75' lang='lat' dir='ltr'>My.</span> <span class='ocrx_word' id='word_1_312' title='bbox 807 4147 899 4213; x_wconf 78' lang='lat' dir='ltr'>(Grya.</span> <span class='ocrx_word' id='word_1_313' title='bbox 912 4148 1012 4196; x_wconf 90' lang='lat' dir='ltr'>duobus</span> <span class='ocrx_word' id='word_1_314' title='bbox 1031 4146 1151 4195; x_wconf 78' lang='lat' dir='ltr'>iratribus</span> <span class='ocrx_word' id='word_1_315' title='bbox 1166 4145 1275 4207; x_wconf 83' lang='lat' dir='ltr'>regulis)</span> 
     </span>
    </p>
   </div>
   <div class='ocr_carea' id='block_1_5' title="bbox 222 4232 1128 4315">
    <p class='ocr_par' dir='ltr' id='par_1_5' title="bbox 222 4232 1128 4315">
     <span class='ocr_line' id='line_1_35' title="bbox 222 4232 1128 4315; baseline 0.002 -21"><span class='ocrx_word' id='word_1_316' title='bbox 222 4232 389 4307; x_wconf 67' lang='lat' dir='ltr'>tphataarati</span> <span class='ocrx_word' id='word_1_317' title='bbox 425 4255 440 4299; x_wconf 78' lang='lat'><strong>5</strong></span> <span class='ocrx_word' id='word_1_318' title='bbox 459 4232 680 4313; x_wconf 78' lang='lat' dir='ltr'>armatautsagula</span> <span class='ocrx_word' id='word_1_319' title='bbox 698 4250 754 4315; x_wconf 74' lang='lat' dir='ltr'>My.</span> <span class='ocrx_word' id='word_1_320' title='bbox 773 4250 864 4314; x_wconf 77' lang='lat' dir='ltr'>(Grya.</span> <span class='ocrx_word' id='word_1_321' title='bbox 886 4264 957 4298; x_wconf 88' lang='lat' dir='ltr'>arma</span> <span class='ocrx_word' id='word_1_322' title='bbox 976 4264 1007 4297; x_wconf 89' lang='lat' dir='ltr'>ac</span> <span class='ocrx_word' id='word_1_323' title='bbox 1025 4248 1128 4311; x_wconf 84' lang='lat' dir='ltr'>sagula)</span> 
     </span>
    </p>
   </div>
   <div class='ocr_carea' id='block_1_6' title="bbox 0 0 1750 5084">
    <p class='ocr_par' dir='ltr' id='par_1_6' title="bbox 0 0 1750 5084">
     <span class='ocr_line' id='line_1_36' title="bbox 0 0 1750 5084; baseline 0 0"><span class='ocrx_word' id='word_1_324' title='bbox 0 0 1750 5084; x_wconf 95' lang='lat' dir='ltr'> </span> 
     </span>
    </p>
   </div>
  </div>
 </body>
</html>
