3475 5084
551 507 554 512 ’
634 527 690 577 nrt.
710 526 931 581 nun-cxvii
1235 532 1272 585 53

257 725 350 789 populo
363 725 481 774 Romano
499 725 572 773 invisi
588 724 741 784 adfectabat,
763 723 861 791 [Roma
875 722 1045 790 interiectum]
1066 740 1143 788 quum
1158 724 1314 788 periclitare-

256 828 296 867 tur
314 833 417 867 causam
437 818 528 881 capitis
547 818 640 876 dicere,
659 819 724 867 clam
743 817 858 881 profugit
876 824 901 865 et
917 820 1009 866 cedens
1028 818 1090 867 urbe
1110 817 1189 865 iertur
1207 816 1314 868 dixisse:

258 911 295 975 „0
307 911 395 960 urbem
405 912 521 960 venalem
535 919 561 960 et
573 913 624 960 cito
641 912 789 975 perituram,
808 911 828 959 si
847 917 988 974 emptorem
1006 911 1158 961 invenerint
1178 912 1211 959 A.
1222 910 1314 960 Postu-

256 1006 319 1053 mius
340 1005 441 1066 legatus
460 1003 598 1052 infeliciter
616 1004 707 1067 proelio
726 1004 846 1052 adversus
856 1003 1008 1065 Iugurtham
1024 1013 1097 1067 gesto
1109 1018 1198 1067 pacem
1214 1018 1314 1067 quoqne

256 1096 348 1145 adiecit
368 1096 571 1157 ignominiosam,
592 1111 667 1160 quam
686 1110 738 1144 uon
758 1111 812 1145 esse
831 1098 982 1145 servandam
1002 1104 1103 1145 senatus
1123 1096 1228 1144 censuit.

662 1257 712 1306 EX
730 1256 797 1305 LIB.
817 1256 900 1305 LXV.

326 1372 355 1433 Q.
367 1371 484 1422 Coecilius
495 1370 615 1420 Metellus
635 1387 685 1422 cos.
704 1374 804 1421 duobus
822 1373 918 1437 proeliis
932 1372 1084 1435 Iugurtham
1104 1371 1170 1421 fudit
1185 1378 1314 1435 totamque

254 1465 402 1515 Numidiam
420 1465 536 1514 vastavit.
574 1464 612 1517 M.
622 1465 711 1514 Iunius
723 1464 826 1525 Silanus
844 1481 895 1513 cos.
916 1466 1035 1515 adversus
1046 1463 1163 1514 Cimbros
1181 1463 1316 1513 infeliciter

254 1560 387 1620 pugnavit.
426 1559 529 1619 Legatis
548 1556 711 1607 Cimbrorum
731 1560 818 1608 sedem
838 1566 864 1607 et
883 1571 967 1619 agros,
990 1556 1017 1604 in
1036 1556 1128 1618 quibus
1147 1559 1314 1616 considerent,

254 1651 441 1713 postulantibus
459 1658 562 1699 senatus
582 1650 693 1713 negavit.
730 1653 768 1701 M.
789 1651 919 1700 Minucius
938 1665 1037 1714 procos.
1061 1652 1181 1699 adversus
1203 1651 1314 1701 Thracas

253 1759 371 1808 prospere
397 1744 526 1809 pugnavit.
569 1743 603 1792 Lr
623 1742 726 1792 Cassius
751 1758 803 1793 cos.
830 1759 846 1791 a
866 1743 995 1805 Tigurinis
1015 1744 1109 1801 Gallis,
1135 1759 1203 1807 pago
1221 1743 1314 1792 Helve-

253 1838 355 1897 tiorum,
376 1839 419 1900 qui
438 1853 454 1885 a
473 1837 576 1885 civitate
594 1845 759 1894 secesserant,
779 1838 806 1884 in
823 1835 916 1885 finibus
926 1835 1103 1897 Nitiobrogum
1123 1851 1181 1885 cum
1202 1838 1315 1884 exercitu

254 1943 331 1979 caesus
349 1937 396 1979 est.
433 1919 543 1987 Milites,
576 1930 670 1989 quiex
690 1929 810 1977 eaelade
829 1936 1026 1992 superaverant,
1053 1929 1183 1978 obsidibus
1203 1930 1269 1977 datis
1288 1937 1314 1977 et

254 2022 359 2069 dimidia
378 2036 462 2069 rernm
482 2021 596 2069 omnium
610 2029 691 2084 parte,
710 2030 738 2070 ut
750 2022 892 2071 incolumes
912 2021 1106 2079 dimitterentur,
1126 2038 1183 2071 cum
1197 2023 1313 2071 hostibus

252 2116 317 2177 pacti
340 2123 408 2162 sunt.

654 2205 703 2255 EX
720 2207 789 2256 LIB.
808 2205 905 2254 LXVI.

320 2321 447 2384 Iugurtha
467 2321 555 2383 pulsus
576 2336 592 2369 a
610 2319 639 2370 Ο.
660 2321 743 2369 Mario
762 2320 884 2369 Numidia
907 2334 985 2384 quum
1008 2320 1104 2369 auxilio
1122 2320 1219 2370 Bocchi
1239 2320 1314 2368 Mau·

253 2429 336 2463 rorum
355 2415 422 2476 regis
444 2414 548 2463 adiutus
566 2422 642 2472 esset,
663 2413 733 2461 cresis
751 2412 841 2476 proelio
858 2412 955 2461 Bocchi
976 2427 1076 2476 quoque
1096 2414 1183 2476 copiiS,
1210 2414 1312 2461 nolente

251 2506 354 2555 Boccho
374 2506 470 2555 bellum
497 2506 633 2555 infeliciter
659 2512 803 2569 susceptum
827 2505 922 2553 diutius
948 2507 1078 2564 sustinere,
1109 2505 1208 2553 vinctus
1229 2504 1261 2552 ab
1281 2486 1316 2554 eov

252 2606 274 2647 et
292 2600 378 2648 Mario
398 2601 506 2649 traditus
532 2610 583 2659 est3
615 2601 642 2647 in
670 2614 720 2661 qua
740 2612 766 2645 re
790 2598 918 2660 praecipua
942 2614 1019 2663 opera
1042 2600 1073 2649 L.
1092 2596 1204 2647 Cornelii
1225 2596 1311 2661 Sulla,

251 2691 384 2752 quaestoris
404 2690 434 2740 C.
454 2691 539 2750 Marii,
563 2691 619 2740 fuit.

647 2828 696 2876 EX
716 2827 783 2876 LIB.
804 2828 913 2879 LXVII.

318 2945 354 2993 M.
382 2943 504 2992 Aurelius
523 2943 635 2992 Scaurus
667 2944 767 3006 legatus
793 2945 905 2994 consulis
929 2961 944 2992 a
964 2944 1082 3005 cimbris,
1110 2945 1168 2994 fuso
1189 2946 1310 3004 exercitu,

249 3048 337 3100 captus
357 3046 411 3095 est,
440 3044 465 3083 et
484 3049 561 3096 quum
580 3036 607 3083 in
626 3037 761 3085 consilium
780 3038 813 3085 ab
832 3040 868 3087 eis
887 3038 1024 3087 advocatus
1043 3038 1180 3087 deterreret
1199 3052 1256 3095 eos,
1279 3052 1311 3085 ne

250 3129 328 3193 Alpes
347 3131 484 3178 transirent
502 3127 604 3175 Italiam
623 3129 738 3190 petituri,
765 3144 796 3178 eo
815 3130 884 3193 quod
907 3131 1002 3178 diceret
1020 3131 1150 3179 Romanos
1176 3130 1241 3177 vinci
1258 3144 1309 3177 uon

249 3236 335 3284 posse,
366 3238 382 3269 a
399 3220 529 3281 Boiorige,
560 3219 639 3268 feroci
667 3222 769 3282 invene,
799 3224 900 3271 occisus
926 3233 971 3270 est.
1019 3223 1060 3270 Ab
1088 3222 1177 3272 iisdem
1196 3223 1311 3271 hostibus

250 3312 295 3362 Cn.
316 3314 430 3363 Manlius
455 3328 508 3361 cos.
539 3320 564 3361 et
584 3311 614 3371 Q.
636 3313 759 3364 Servilius
779 3314 866 3377 Caspio
893 3329 994 3378 procos.
1023 3315 1082 3361 victi
1107 3316 1197 3379 proelio
1221 3316 1311 3363 castris

250 3422 350 3471 quoque
369 3407 436 3454 binis
454 3407 525 3454 exuti
543 3414 616 3467 sunt;
640 3408 749 3455 militum
768 3408 850 3455 millia
875 3407 1006 3467 octoginta
1030 3407 1122 3467 occisa,
1147 3408 1264 3456 calonum
1286 3416 1311 3455 et

248 3499 356 3548 lixarum
375 3499 423 3547 XL
447 3522 460 3547 ι
474 3524 487 3546 ι
512 3500 653 3548 secundum
676 3500 856 3550 Arausiouem.
901 3496 1041 3562 Caepionis,
1071 3500 1142 3549 cuius
1167 3501 1309 3549 temeritate

249 3590 335 3639 clades
355 3598 547 3655 acceptasset,
575 3593 686 3640 damnati
714 3592 783 3641 bona
806 3592 937 3655 publicata
964 3600 1023 3640 sunt
1047 3592 1121 3655 primi
1140 3599 1198 3656 post
1220 3606 1308 3654 regem

248 3682 414 3746 Tarquinium
433 3685 616 3749 imperiumque
635 3685 657 3732 ci
676 3685 836 3747 abrogatum.
873 3685 903 3732 ln
920 3685 1048 3749 triumpho
1068 3683 1097 3734 O.
1117 3685 1192 3733 Marii
1214 3686 1304 3733 ductus

248 3785 426 3827 antecurrum
445 3779 499 3825 eius
512 3777 635 3839 Iugurtha
654 3792 711 3825 cnm
731 3778 830 3825 dnobus
848 3777 907 3826 filiis
925 3778 995 3825 etin
1013 3792 1114 3826 carcere
1132 3784 1239 3827 necatus
1258 3790 1304 3825 est.

247 3867 343 3917 Marius
362 3869 508 3933 triumphali
526 3878 596 3917 veste
613 3870 854 3929 insonatumrenit‚
874 3870 942 3933 quod
955 3885 1030 3919 nemo
1049 3878 1108 3918 ante
1125 3885 1182 3918 enm
1203 3869 1307 3927 fecerat,

248 3960 320 4023 eique
338 3968 443 4025 propter
464 3971 558 4011 metum
578 3958 699 4010 Cimbrici
724 3962 783 4011 belli
810 3962 971 4012 continuatus
996 3976 1041 4025 per
1060 3963 1203 4027 complures
1227 3976 1310 4009 annos

248 4061 286 4100 est
310 4054 464 4103 consulatus.
512 4052 632 4102 Secundo
659 4065 685 4105 et
712 4055 787 4103 tertio
816 4055 907 4103 absens
933 4044 1022 4104 consul
1047 4063 1161 4112 creatus,
1190 4062 1308 4117 quartum

248 4148 407 4196 consulatum
426 4146 615 4195 dissimulanter
634 4156 738 4208 captans
758 4154 910 4197 consecutus
929 4154 976 4196 est.
1016 4143 1064 4197 Cn.
1085 4146 1215 4194 Domitius
1235 4152 1307 4209 pont.

213 4282 220 4289 ,
247 4251 310 4287 max.
323 4240 417 4305 populi
435 4236 559 4301 suffragio
577 4247 676 4287 creatus
695 4246 742 4287 est.
781 4237 877 4286 Cimbri
895 4242 1002 4288 vastatis
1021 4238 1146 4297 omnibus,
1166 4252 1223 4299 quae
1242 4238 1308 4285 inter

246 4328 397 4382 Rhodanum
421 4340 447 4380 et
469 4330 620 4394 Pyrenaeum
645 4340 715 4390 sunt,
742 4344 787 4395 per
814 4331 906 4379 saltum
931 4333 956 4380 in
980 4331 1130 4395 Hispaniam
1155 4330 1305 4391 transgressi
