3475 5084
943 534 977 575 lv

514 715 564 772 Fr.
587 716 605 773 8
627 714 658 771 id
678 714 841 789 posuimus,
877 716 954 789 quod
982 716 1074 773 solum
1100 717 1392 791 agrammaticorum
1423 716 1486 772 locis

431 808 559 865 constat,
595 798 709 855 Livium
741 797 912 855 adiectivum
943 799 1074 874 posuisse
1096 800 1237 869 imberbis,
1267 819 1327 856 non
1349 800 1488 859 imberbes.

432 879 493 938 Cur
524 892 620 937 antem
642 880 777 938 Hertzius
810 882 837 953 (I
858 902 887 955 p.
914 885 962 952 11)
994 882 1148 950 dubitarit,
1179 883 1371 939 historicusne
1406 883 1490 957 signi-

431 966 575 1031 ficaretur,
597 964 677 1021 cuius
698 982 863 1039 praenomen
886 964 946 1041 (T.)
968 965 1103 1040 ponitur,
1132 984 1168 1021 an
1192 966 1395 1033 Andronicus,
1427 965 1492 1022 nibil

433 1058 495 1103 eret
515 1066 610 1103 causas
640 1048 669 1104 in
696 1046 854 1104 coniunctis
884 1058 912 1103 et
940 1049 1115 1122 comparatis
1144 1048 1303 1118 Varronis,
1337 1047 1493 1115 Ciceronis,

431 1132 468 1187 Τ.
493 1131 565 1187 Livii
585 1132 654 1200 (hoo
679 1129 793 1205 ordine)
818 1131 1046 1188 auctoritatibus.

515 1213 565 1270 Fr.
589 1216 627 1270 20
650 1220 708 1270 non
729 1212 821 1269 solum
846 1213 932 1288 longe
954 1216 1055 1272 ceteris
1079 1214 1219 1289 prolixius
1241 1225 1300 1283 est,
1328 1216 1382 1271 sed
1405 1224 1496 1271 totum

432 1296 505 1353 alius
525 1297 654 1371 generis,
686 1315 744 1352 non
775 1298 813 1353 ab
834 1296 893 1352 alio
923 1298 1062 1373 scriptore
1094 1308 1257 1363 servatum,
1293 1298 1345 1353 sed
1368 1318 1409 1354 ex
1431 1298 1497 1373 ipsis

432 1380 620 1437 Livianorum
644 1379 783 1436 librorum
806 1379 884 1436 foliis
907 1380 1018 1454 aliquot
1038 1390 1225 1455 protractum.
1269 1382 1305 1437 In
1323 1400 1358 1437 eo
1370 1382 1496 1456 primum

432 1483 460 1538 p.
482 1469 499 1519 4
523 1481 551 1519 v.
581 1470 609 1519 ll
644 1462 810 1520 coniectura
842 1474 942 1520 nostra
971 1465 1106 1521 utendum
1136 1463 1198 1519 fuit.
1246 1466 1324 1521 Nam
1355 1483 1451 1538 quum
1473 1464 1499 1519 in

432 1546 532 1604 codice
554 1556 643 1603 esset:
667 1545 761 1602 eadem
781 1549 877 1615 virtus,
900 1565 960 1621 quoe
982 1550 1108 1603 incitante
1129 1556 1346 1620 cppuqnueerat,
1368 1550 1498 1604 victorem

428 1630 637 1705 placabiliorem
640 1623 752 1705 seem),
776 1648 832 1685 una
851 1629 947 1685 littera
970 1631 1099 1688 detracta
1116 1627 1201 1705 (qua)
1218 1632 1392 1687 sententiam
1418 1631 1500 1688 resti·

432 1712 548 1783 tuimus,
562 1722 593 1769 ut
600 1711 745 1771 Sertorius
756 1712 869 1768 dicatur
880 1712 984 1769 virtute
993 1712 1239 1770 Contrebiensium
1252 1714 1386 1770 irritante
1399 1716 1500 1771 urbem

434 1813 635 1871 oppugnasse,
665 1795 765 1851 eadem
788 1795 882 1852 victor
912 1796 1083 1870 placabilior
1103 1796 1197 1853 factus
1219 1814 1290 1853 esse.
1338 1796 1434 1869 Quod
1456 1796 1503 1853 alii

432 1878 561 1935 fecerant
582 1881 735 1947 irritantes,
765 1879 981 1953 perversissime
1003 1880 1094 1935 virtus
1116 1878 1237 1937 Sertorii
1256 1880 1360 1935 dicitur
1384 1900 1503 1955 oppug-

432 1980 519 2019 nasse
547 1962 691 2018 irritantes
713 1962 873 2035 eademque
902 1962 994 2037 ipsum
1019 1962 1187 2037 placabilem
1211 1962 1324 2019 fecisse.
1372 1964 1502 2021 Weiskii

434 2045 626 2102 coniecturam
662 2044 727 2101 aliis
758 2046 911 2119 probatam
947 2046 1058 2102 omitto.
1117 2045 1228 2103 Eadem
1251 2064 1318 2121 pag.
1343 2065 1371 2101 v.
1404 2050 1441 2103 13
1468 2048 1503 2103 ab

435 2128 494 2184 imo
514 2137 605 2184 veteru
625 2146 706 2184 arma
727 2147 792 2184 cum
805 2128 1042 2185 Weissenbornio
1065 2128 1176 2204 scripsi,
1198 2148 1226 2185 v.
1239 2140 1334 2185 autem
1358 2132 1393 2185 tt
1418 2150 1503 2187 αουα-

433 2230 485 2287 que
502 2213 536 2268 iis
550 2230 603 2287 pro
614 2230 737 2285 noveque
755 2213 832 2281 viris,
854 2212 933 2285 quod
947 2212 1142 2287 geminatione
1162 2212 1321 2269 litterarum
1345 2231 1381 2268 ue
1405 2226 1504 2271 ortum

434 2305 514 2369 puto.
555 2295 634 2371 Nam
657 2285 923 2367 quodNiebuhrius
945 2295 1023 2351 viros
1046 2314 1099 2369 pro
1121 2295 1264 2370 peditibus
1286 2295 1382 2351 dictos
1407 2310 1504 2372 putat,

435 2377 537 2435 subiici
559 2378 634 2434 enim
653 2378 830 2434 econtrario
853 2380 1001 2452 equitatum
1017 2396 1132 2453 quoque,
1155 2378 1287 2435 dicuntur
1302 2378 1345 2435 sie
1360 2381 1506 2437 coniunc-
1540 2393 1544 2446 ',

435 2462 487 2518 tim
503 2464 604 2536 equites
617 2463 723 2535 virique
745 2459 822 2534 (equi
831 2462 957 2535 virique),
980 2463 1034 2517 uiri
1047 2461 1162 2536 quidem
1174 2481 1226 2537 per
1239 2480 1279 2532 se,
1301 2462 1507 2537 subsequente
1542 2455 1543 2466 ¹

434 2545 464 2601 in
476 2544 567 2601 altero
583 2544 697 2601 demum
714 2544 852 2600 orationis
875 2546 1003 2604 membro
1025 2544 1152 2620 equitum
1169 2546 1320 2615 mentione,
1342 2564 1509 2621 nusquam,

435 2628 584 2701 multoque
595 2627 697 2696 minus,
716 2628 894 2702 praecedente
905 2629 976 2684 hoc:
994 2630 1096 2701 referre
1106 2637 1197 2684 uetera
1210 2647 1289 2684 amna
1299 2629 1403 2685 milites
1414 2633 1509 2694 i'useit,

433 2721 511 2767 recte
541 2728 664 2785 nouaque
695 2712 763 2767 viru
790 2710 841 2766 illa
867 2710 1076 2785 significatione
1104 2711 1262 2768 subiicitur.
1310 2710 1403 2784 Quod
1431 2733 1465 2775 v.
1491 2716 1507 2771 9

436 2796 473 2851 ab
503 2793 561 2849 imo
592 2794 722 2866 sequitur
742 2792 852 2849 Fabios
883 2812 951 2851 cura
981 2796 1159 2873 conquisitos,
1191 2812 1250 2850 non
1278 2795 1398 2862 dubito,
1435 2799 1511 2873 quin

436 2875 536 2933 Livius
558 2895 618 2932 eum
639 2894 706 2932 curu
728 2876 883 2951 scripserit,
915 2887 945 2933 ut
970 2877 1083 2947 XXII,
1106 2880 1162 2944 42,
1186 2881 1219 2945 5,
1252 2878 1361 2945 XXV,
1388 2880 1454 2949 22,
1482 2884 1509 2937 2.

435 2959 572 3026 XXVII,
596 2962 645 3029 24,
668 2960 696 3029 8,
723 2959 860 3028 XXXV,
883 2961 911 3028 9,
934 2964 962 3026 4,
994 2960 1180 3042 XXXVIII,
1215 2962 1261 3030 18,
1285 2965 1299 3017 7
1324 2972 1353 3017 et
1378 2964 1433 3031 23,
1465 2970 1512 3029 lb,

435 3043 591 3112 XXXIX,
615 3047 642 3112 7,
667 3047 700 3112 53
721 3061 789 3099 cura
810 3042 903 3099 solum
926 3044 975 3117 qui
994 3044 1029 3100 de
1049 3044 1135 3100 modo
1157 3044 1198 3100 rei
1221 3044 1340 3119 agendae
1359 3048 1510 3119 posuerit.

436 3126 579 3183 adiectivo
597 3144 655 3182 non
681 3126 790 3197 addito,
810 3144 869 3181 non
891 3127 1013 3201 reperio
1060 3128 1094 3184 P.
1120 3131 1136 3183 5
1159 3146 1186 3183 v.
1210 3129 1248 3184 20
1279 3128 1347 3201 quid
1371 3129 1414 3185 sit
1437 3132 1509 3188 Per·-

431 3212 599 3285 percomis
621 3212 786 3265 maritimam
809 3211 943 3281 cepionem
964 3227 1162 3285 superponere,
1194 3210 1290 3267 nescio
1311 3230 1365 3267 nec
1388 3213 1512 3271 videtur

363 3336 369 3351 .
437 3292 496 3349 ullo
519 3302 570 3349 aut
591 3292 724 3366 exemplo
747 3301 797 3349 aut
818 3292 930 3349 ratione
951 3293 992 3350 sic
1014 3294 1078 3362 diei,
1106 3304 1137 3349 ut
1159 3304 1209 3350 aut
1226 3294 1366 3369 preficere
1399 3300 1513 3370 reqioni
1539 3248 1544 3365 i

437 3376 577 3451 significet
601 3385 652 3432 aut
680 3378 708 3432 iu
735 3378 869 3448 cepionem
896 3380 1062 3451 superiorem
1089 3378 1206 3446 mittere;
1241 3395 1334 3451 neque
1366 3382 1512 3455 superior

437 3469 500 3515 erat
529 3459 687 3528 maritima3
722 3459 774 3515 sed
801 3458 869 3532 quid
898 3459 1003 3531 lateat,
1034 3479 1092 3516 non
1120 3478 1267 3533 assequor.
1315 3460 1351 3516 Id
1381 3463 1509 3521 dubium

436 3561 494 3598 non
516 3553 567 3611 est,
590 3542 659 3615 quin
677 3542 706 3599 in
728 3543 783 3598 hac
797 3541 936 3598 orationis
950 3543 1179 3600 continuatione:
1200 3552 1239 3613 ut,
1262 3561 1324 3617 que
1337 3585 1428 3603 ......
1446 3552 1509 3604 sint.

439 3628 510 3681 tueri
525 3633 627 3700 posset,
650 3634 683 3694 et,
705 3620 733 3681 si
752 3644 808 3700 qua
829 3628 933 3682 occasio
956 3626 1044 3697 detur,
1109 3644 1302 3700 oppressurum
1316 3626 1427 3685 Livius
1453 3650 1509 3687 non

433 3717 535 3783 posset,
556 3708 608 3763 sed
622 3711 712 3782 possit
729 3708 883 3782 scripserit,
902 3717 934 3763 ut
950 3710 1099 3765 edidimus.
1135 3710 1171 3765 V.
1186 3711 1203 3765 9
1217 3710 1255 3765 ali
1268 3710 1326 3765 imo
1342 3728 1408 3767 non
1422 3732 1507 3788 posse

439 3791 531 3847 omitti
543 3792 578 3847 ab
592 3792 832 3865 praepositionem,
846 3793 883 3847 ab
897 3791 960 3848 aliis
975 3793 1032 3849 iam
1047 3792 1221 3849 intellectum
1232 3803 1309 3861 erat3
1324 3791 1421 3869 longe
1433 3799 1504 3853 enin

439 3874 522 3930 aliter
533 3875 691 3949 imperator
704 3876 814 3931 hostem
830 3874 974 3948 equitibus
993 3874 1170 3951 (sagittariis,
1187 3873 1252 3949 cet.)
1265 3893 1377 3933 vexare
1392 3879 1504 3936 dicitnr.

439 3958 477 4014 V.
501 3962 517 4014 5
541 3957 719 4033 probabilius
744 3957 813 4014 mihi
834 3960 862 4013 iu
883 3960 917 4014 iis
938 3959 1065 4034 suppleri
1088 3959 1182 4027 visum
1204 3969 1247 4015 est
1269 3977 1357 4033 quam
1383 3964 1488 4035 iqitur.

466 4221 488 4289 ι)
506 4214 625 4284 ineunte,
652 4224 720 4286 quod
745 4222 895 4272 Hertziusl
918 4240 943 4287 p.
964 4230 977 4275 7
1003 4226 1089 4291 ponit,
1118 4239 1199 4289 neque
1225 4224 1293 4288 apud
1313 4222 1510 4277 cancellarium

507 4295 605 4358 reperio
623 4306 705 4357 neque
724 4294 792 4357 spnd
810 4291 986 4344 Niebuhrium.
