3475 5084
233 862 277 901 ros
296 844 478 917 erigerentur
509 853 537 901 ct
568 856 654 919 porta
685 846 716 902 vi
748 845 859 903 maiore
887 855 1117 921 oppugnaretur,
1149 848 1296 923 oppidani,

234 950 349 1024 depulso
372 954 474 1024 impetu
496 952 600 1019 muris,
630 952 667 1007 ad
699 962 814 1026 portam
847 951 983 1030 tuendam
1007 963 1181 1009 concurrunt
1209 974 1296 1030 erup·

233 1056 398 1129 tionemque
416 1057 596 1129 repentinam
618 1056 648 1111 in
670 1057 768 1111 hostes
788 1055 906 1115 faciunt.
943 1056 1015 1129 Quae
1038 1074 1101 1112 cum
1124 1058 1175 1114 irae
1199 1060 1293 1133 mag-is
1319 1063 1336 1116 5

232 1161 400 1217 inconsultae
421 1180 508 1235 quam
531 1179 608 1217 verae
628 1162 740 1217 fiduciae
762 1161 865 1217 virium
889 1170 979 1230 esset,
1008 1162 1094 1236 pauci
1117 1172 1145 1219 et
1165 1162 1235 1219 fessi
1258 1166 1295 1220 ab

232 1266 345 1339 integris
372 1267 449 1341 pulsi
473 1272 557 1341 terga
578 1268 712 1323 dederunt
725 1265 927 1339 fugientesque
949 1287 1002 1342 per
1011 1278 1158 1342 patentem
1180 1279 1295 1344 portam

232 1372 324 1428 hostes
348 1384 534 1447 acceperunt.
574 1374 621 1428 Ita
642 1381 728 1446 capta
751 1374 820 1427 urbs
842 1390 878 1427 ac
896 1372 1008 1446 direpta
1031 1382 1087 1441 est3
1109 1375 1201 1432 libera
1223 1395 1294 1450 quo·
1319 1376 1336 1431 6

232 1496 282 1549 que
302 1497 450 1553 corpora,
483 1495 547 1550 quae
569 1478 694 1534 cedibus
716 1477 928 1553 superfuerunt,
950 1480 1135 1540 venumdata.
1189 1481 1295 1538 Diruto

231 1601 334 1657 magna
365 1604 404 1639 ex
432 1593 515 1657 parte
544 1591 573 1639 et
598 1584 715 1639 incenso
746 1584 854 1658 oppido
883 1584 1029 1659 profectus
1052 1586 1089 1642 ad
1111 1587 1295 1644 Phalannam

230 1698 322 1743 castra
342 1688 452 1756 movit3
475 1688 542 1745 inde
563 1700 680 1763 postero
704 1691 750 1746 die
772 1690 934 1766 Gyrtonem
957 1691 1098 1764 pervenit.
1141 1692 1206 1764 Quo
1230 1711 1294 1750 cum
1318 1694 1333 1747 7

231 1792 263 1847 Τ.
274 1793 437 1850 Minucium
461 1793 569 1851 Rufum
592 1804 620 1850 et
641 1796 791 1870 Hippiam,
813 1795 1022 1852 Thessalorum
1045 1807 1207 1869 praetorem,
1229 1816 1294 1854 cum

229 1900 361 1970 prasidio
384 1900 509 1955 intrasse
533 1899 700 1974 accepisset,
723 1920 758 1956 ne
781 1910 923 1974 temptata
945 1900 1061 1973 quidem
1076 1903 1293 1977 oppugnatione

230 2014 460 2077 pretergressus,
483 2006 609 2061 Elatiam
622 2016 650 2062 et
662 2006 809 2075 Gonnum,
832 2007 972 2081 perculsis
993 2007 1144 2082 inopinato
1168 2009 1294 2065 adventu

230 2110 394 2182 oppidanis,
425 2111 543 2184 recepit.
603 2114 736 2185 Utraque
768 2112 878 2187 oppida
899 2112 927 2167 in
953 2112 1086 2169 laticibus
1118 2123 1201 2184 sunt,
1236 2112 1333 2188 quati

231 2214 338 2290 Tempe
361 2216 480 2283 adeunt,
502 2218 595 2291 magis
611 2217 743 2275 Gonnus.
785 2218 890 2299 ltaque
912 2228 941 2275 et
961 2218 1087 2274 firmiore
1108 2219 1138 2275 id
1159 2220 1293 2293 praesidio

230 2325 315 2375 tutum
341 2322 481 2401 equitum.
495 2324 691 2398 peditumque,
713 2324 750 2379 ad
772 2326 829 2380 hoc
850 2322 931 2379 fossa
945 2323 1050 2397 triplici
1072 2342 1106 2380 ac
1128 2324 1206 2380 vallo
1229 2342 1293 2379 mu-

231 2424 314 2481 nitum
337 2427 466 2501 reliquit.
524 2429 592 2504 Ipse
621 2430 659 2485 ad
691 2428 843 2504 Sycurium
874 2446 1063 2502 progressus,
1100 2428 1227 2503 opperiri
1253 2426 1334 2485 ibi9

231 2528 350 2587 hostium
377 2534 531 2590 adventum
546 2522 673 2613 =statuit3
706 2534 791 2591 simul
820 2543 847 2591 et
877 2534 1046 2589 frumentari
1074 2532 1181 2607 passim
1212 2552 1293 2589 exer·

231 2636 310 2691 citum
334 2638 418 2695 iubet
438 2639 467 2695 in
490 2639 619 2695 subiecto
641 2640 767 2696 hostium
789 2658 872 2714 egro.
914 2640 1052 2712 Namque
1074 2638 1225 2715 Sycurium
1251 2647 1295 2695 est
1320 2639 1355 2692 10

231 2742 278 2797 sub
290 2746 440 2801 radicibus
453 2744 536 2801 Ossae
554 2746 669 2801 montis.
706 2746 737 2801 Is
758 2764 816 2818 qua
833 2745 861 2800 in
884 2744 1031 2800 meridiem
1054 2745 1157 2819 vergit,
1181 2745 1293 2802 subiec-

230 2853 271 2902 tos
299 2850 392 2907 habet
422 2850 583 2908 Thessaliae
612 2869 745 2925 campos,
782 2852 819 2907 ab
848 2858 930 2923 tergo
964 2850 1166 2907 Macedoniam
1198 2852 1293 2925 adque

230 2950 420 3028 Magnesiam.
458 2958 507 3015 Ad
528 2958 582 3013 has
605 2957 836 3032 opportunitates
860 2955 972 3011 accedit
1001 2973 1114 3013 summa
1136 2957 1291 3014 salubritas
1318 2952 1349 3006 ll

230 3066 255 3113 et
275 3057 377 3135 cdpia,
400 3064 529 3137 pluribus
552 3062 741 3119 circumiectis
763 3062 910 3130 fontibus,
942 3062 1110 3134 perennium
1141 3080 1291 3135 aquarum.

308 3166 420 3225 Consul
441 3171 600 3238 Romanus,
621 3188 673 3243 per
695 3168 810 3225 eosdem
834 3166 896 3222 dies
917 3166 1100 3222 Thessaliam
1123 3184 1186 3222 cum
1210 3185 1292 3223 exer·
1336 3154 1375 3223 55
1420 3203 1423 3209 ,

230 3270 281 3327 citu
302 3285 421 3348 petens,
442 3274 499 3332 iter
519 3275 685 3350 expeditum
707 3274 801 3348 primo
823 3291 877 3347 per
897 3272 1019 3347 Epirum
1041 3270 1157 3339 habuit3
1180 3270 1293 3341 deinde,
1315 3266 1332 3319 2

231 3441 458 3454 Ὦ..-

229 3540 257 3599 4,
285 3550 296 3593 1
327 3562 387 3594 cum
415 3552 440 3595 et
466 3560 523 3593 cum
548 3543 624 3592 scalae
678 3541 747 3588 suit
797 3545 812 3588 3
839 3540 995 3604 depulmoris
1021 3540 1054 3587 atl
1074 3538 1129 3604 My.
1148 3539 1204 3589 Em.
1224 3540 1292 3603 5403

227 3630 299 3689 possis
324 3633 408 3681 etiam:
437 3632 543 3695 depulsa
567 3630 592 3678 vi
615 3628 703 3677 muris.
731 3625 824 3691 (Gryn.
850 3627 950 3691 depulsi
968 3626 1058 3691 muris)
1102 3634 1117 3675 4
1143 3628 1223 3677 hostis
1266 3627 1291 3689 5,

233 3719 242 3762 l
274 3717 422 3780 Videndum,
450 3736 479 3766 ne
503 3717 590 3765 Livius
616 3714 749 3778 scripserit:
781 3714 820 3761 ira
848 3716 929 3776 magis
957 3715 1101 3763 inconsulta
1129 3729 1205 3777 quam
1231 3728 1292 3763 vera

229 3802 315 3854 fiducia
339 3807 431 3855 virium
451 3813 525 3853 esset.
564 3802 674 3866 2pauci
695 3800 768 3849 effusi
787 3801 819 3848 ab
864 3806 972 3862 aterga
993 3800 1185 3865 fugientemque
1231 3800 1290 3860 6,2

231 3891 448 3972 suhtperfucreunt
485 3908 652 3970 3philinnam
695 3912 710 3953 4
730 3902 887 3953 Scrihcnda'ai
906 3913 990 3953 castra
1007 3904 1093 3967 posuit
1106 3914 1149 3953 aut
1167 3903 1291 3953 delendum

230 3995 361 4053 proiectus.
373 3997 376 4062 l
388 3995 434 4058 (H.
454 3992 602 4057 cyptonem)
649 3991 672 4049 7,
693 3998 707 4039 2
728 3992 819 4039 rufium
841 3997 867 4063 et
884 3991 989 4053 lippium
1018 3996 1033 4039 3
1051 3992 1145 4041 intrase
1161 3992 1165 4052 Ι
1181 4006 1213 4039 ne
1226 4006 1290 4055 pug-

232 4089 284 4129 nata
302 4084 404 4147 quidem
433 4082 566 4129 tuelatias
582 4088 607 4129 et
623 4094 734 4127 connum
746 4076 830 4141 Sipon.
868 4078 893 4136 8,
916 4083 927 4125 l
949 4092 1005 4139 quae
1024 4085 1176 4140 tempestate
1195 4079 1291 4125 adeunt

234 4162 301 4230 ὕψη.
317 4170 441 4231 (Tempe)
452 4177 477 4217 et
490 4166 564 4217 Gron.
576 4167 648 4230 (qua)
678 4162 730 4214 Sed
744 4163 818 4214 Grec.
837 4173 958 4228 proetereu
976 4164 1109 4224 adeuntur,
1125 4161 1288 4227 probabiliter.

231 4254 405 4317 teonustaque
415 4261 441 4303 ct
467 4254 612 4316 treliquid
648 4252 673 4310 9,
696 4257 708 4300 l
729 4252 876 4299 succurium
911 4250 1153 4308 10‚1succurium
1190 4255 1290 4299 2ossae
1379 4286 1389 4309 q

232 4339 373 4409 mortislls
392 4341 453 4393 add.
474 4342 530 4407 Mp.
567 4339 712 4390 stessaliae
748 4338 791 4397 11,
813 4338 893 4387 lhos
929 4336 986 4397 LV,
1006 4336 1031 4397 1,
1053 4342 1065 4385 1
1087 4335 1218 4385 tesseliam

1055 4424 1090 4476 7*
