3475 5084
458 544 518 599 266
720 538 797 586 Liber
815 538 898 587 XLV.
950 537 995 599 (A.
1014 552 1038 585 u.
1059 550 1080 585 c.
1102 536 1174 603 sut.)

375 726 574 784 Stuordecim
607 742 764 795 annorum,
798 725 893 781 triduo
928 730 994 798 post
1022 723 1199 797 triumphum
1229 720 1367 788 decessit3
1405 737 1479 793 quos

416 839 603 907 praetextatos
634 848 719 887 curru
749 830 817 887 vehi
845 846 910 886 curn
940 838 1039 903 patre,
1074 826 1128 885 sibi
1156 827 1239 901 ipsos
1266 824 1373 881 similes
1405 842 1481 900 prse-

375 938 393 994 9
415 938 591 995 destinantes
613 936 790 1010 triumphos,
817 942 996 1009 oportuerat.
1049 932 1157 989 Paucis
1178 940 1247 1005 post
1268 930 1385 999 diebus,
1411 930 1482 985 datu

416 1062 434 1099 a
457 1044 499 1102 M.
527 1042 658 1100 Antonio
688 1041 804 1099 tribuno
834 1039 927 1116 plebis
955 1038 1103 1105 contione,
1142 1056 1207 1095 cum
1240 1038 1278 1093 de
1308 1036 1369 1093 suis
1397 1036 1483 1091 rebus

414 1148 503 1225 gestis
539 1167 620 1205 more
646 1156 806 1205 ceterorum
842 1146 1050 1221 imperatorum
1090 1144 1253 1213 dissereret,
1286 1140 1484 1199 memorabilis

415 1256 477 1312 eius
498 1253 592 1310 orstio
617 1264 645 1309 et
667 1251 755 1327 digna
776 1253 911 1309 Romano
934 1250 1063 1327 principe
1083 1249 1147 1306 fuit.

331 1349 370 1423 41
481 1358 694 1431 „Quamquam
710 1367 739 1414 et
757 1374 816 1431 qus
827 1355 965 1413 felicitate
976 1374 1036 1412 rem
1050 1354 1195 1443 publicam
1209 1351 1486 1413 administraverim,

416 1473 444 1520 et
468 1480 530 1542 quc
552 1461 609 1517 duo
639 1460 761 1519 fulmina
790 1460 908 1519 domum
935 1480 1029 1518 meam
1056 1479 1108 1536 per
1137 1460 1191 1517 hos
1213 1460 1275 1515 dies
1301 1457 1486 1534 perculerint,

415 1589 474 1626 non
499 1569 635 1643 ignorare
662 1584 732 1635 vos,
759 1566 905 1638 Quirites,
936 1567 1078 1637 arbitror,
1107 1584 1172 1623 oum
1202 1563 1373 1640 spectaculo
1403 1561 1488 1618 vobis

414 1694 491 1732 nunc
511 1674 674 1749 triumphus
696 1691 786 1742 meus,
807 1691 884 1728 nuno
908 1670 1011 1729 funera
1032 1673 1188 1729 liberorum
1211 1688 1345 1729 meorum
1371 1667 1488 1728 fuerim

374 1772 392 1828 2
415 1789 512 1836 tamen
534 1778 649 1853 paucis,
679 1795 787 1851 quoeso,
809 1778 910 1834 sinatis
939 1796 985 1834 me
1015 1796 1079 1835 curn
1104 1777 1221 1852 publica
1247 1773 1391 1830 felicitate
1418 1790 1490 1829 con-

375 1876 392 1931 3
415 1902 522 1960 parare
543 1903 587 1952 eo,
610 1902 668 1957 quo
690 1883 791 1951 debeo,
814 1883 912 1939 animo
935 1884 1079 1957 privatam
1102 1901 1197 1939 meam
1213 1880 1374 1938 fortunam.
1415 1880 1490 1935 Pro-

414 1989 508 2046 fectus
535 2009 572 2047 ex
595 1988 696 2058 Italia,
728 1987 850 2044 classem
875 2009 892 2045 u
916 1988 1070 2045 Brundisio
1099 1988 1161 2045 sole
1192 1996 1257 2045 orto
1288 1984 1382 2053 solvi3
1411 2003 1489 2041 nona

415 2093 473 2149 diei
500 2094 574 2150 horu
601 2112 665 2150 cunr
689 2093 823 2149 omnibus
853 2092 924 2149 meis
946 2094 1069 2151 navibus
1092 2090 1251 2167 Corcyram
1277 2091 1368 2147 tenui.
1418 2090 1491 2147 Inde

416 2198 516 2273 quinto
538 2198 585 2255 die
607 2198 731 2273 Delphis
746 2198 879 2273 Apollini
901 2217 955 2273 pro
978 2217 1024 2255 me
1040 2198 1273 2270 exercitibusque
1291 2204 1320 2252 et
1343 2196 1490 2252 classibus

374 2298 392 2353 4
415 2302 518 2359 vestris
539 2303 710 2363 sacrificavi.
753 2305 782 2360 A
811 2302 935 2378 Delphis
964 2303 1063 2377 quinto
1094 2303 1140 2361 die
1166 2304 1195 2359 in
1225 2311 1324 2360 castra
1355 2300 1492 2375 peweui3

415 2406 465 2464 ubi
487 2408 612 2464 exercitu
636 2417 770 2483 accepto,
792 2409 911 2465 mutatis
933 2409 1121 2481 quibusdam,
1145 2426 1209 2482 quse
1232 2422 1341 2481 magna
1364 2406 1492 2480 impedi-

416 2521 513 2568 menta
541 2513 669 2570 victoria
697 2524 789 2585 erunt,
817 2532 1004 2589 progressus,
1027 2514 1096 2588 quia
1125 2512 1366 2589 inexpugnabilia
1393 2520 1491 2569 castra

415 2618 542 2674 hostiurn
564 2629 655 2687 erant,
676 2638 769 2692 neque
792 2619 856 2694 cogi
879 2637 1009 2693 pugnare
1031 2628 1147 2694 poterat
1166 2638 1230 2688 rex,
1251 2618 1328 2676 inter·
1349 2618 1492 2693 praesidia

358 2764 362 2769 ‚
416 2724 477 2779 eius
499 2723 604 2780 saltum
627 2724 665 2781 ad
688 2728 805 2783 Petram
828 2724 909 2782 evasi
936 2735 964 2781 et
993 2724 1030 2780 ad
1052 2724 1186 2800 Pydnam
1209 2744 1307 2800 regern
1331 2724 1395 2781 acie
1426 2723 1492 2781 vici.

376 2824 393 2879 5
416 2828 619 2885 Macedoniam
653 2832 683 2886 r'n
714 2840 887 2905 potestatem
920 2829 1021 2905 populi
1049 2830 1176 2887 Romani
1208 2830 1308 2905 redegi
1330 2838 1376 2901 et,
1409 2830 1493 2904 quod

415 2932 521 2990 bellum
533 2918 586 3009 per
598 2935 817 3009 quadriennium
831 2946 970 3010 quattuor
981 2945 1048 2991 ante
1064 2954 1109 2991 me
1124 2934 1257 2992 consules
1269 2936 1311 2991 ita
1322 2946 1492 3010 gesserunt,

413 3050 445 3096 ut
477 3058 591 3117 semper
622 3042 782 3098 successori
814 3042 963 3098 traderent
996 3040 1133 3115 gravius,
1167 3041 1197 3097 id
1231 3059 1285 3116 ego
1319 3040 1491 3113 quindecim

374 3139 391 3195 6
414 3146 515 3202 diebus
536 3146 654 3221 perfeci.
700 3147 833 3204 Aliarum
856 3146 960 3203 deiude
982 3145 1172 3202 secundarum
1195 3164 1291 3202 rerum
1315 3144 1397 3200 velut
1420 3164 1492 3221 pro·

431 3304 648 3311 .-.η-...-

413 3401 464 3460 8‚2
480 3414 565 3465 patres
578 3401 582 3466 Ι
596 3401 685 3451 similis
701 3401 904 3465 praedestinantis
941 3400 991 3458 9‚a
1008 3401 1192 3463 imperatorum
1208 3400 1491 3449 dedissetremorubilis

415 3486 534 3551 MyAEru.
546 3486 600 3537 625
610 3486 701 3554 (Gryu.
712 3486 885 3551 disseruisset)
922 3486 993 3544 XLI,
1004 3485 1027 3543 1,
1042 3491 1053 3534 l
1066 3499 1221 3549 quamquam
1233 3487 1266 3535 ob
1278 3501 1355 3549 quam
1365 3486 1383 3536 l.
1394 3487 1491 3549 paulo·

414 3592 481 3640 ratio
490 3591 524 3639 ad
532 3572 585 3654 p-r.
600 3590 723 3640 felicitate
734 3607 813 3657 remp.
825 3589 879 3654 My.
888 3590 944 3639 Eur.
955 3588 1010 3639 625
1021 3606 1043 3638 u.
1072 3588 1113 3638 De
1125 3587 1280 3639 adnotatione
1293 3589 1429 3654 rnarpiucli
1442 3593 1488 3655 cfr.

414 3676 463 3727 iod.
482 3675 551 3727 Add.
570 3684 633 3741 etp.
653 3677 716 3729 528.
737 3678 830 3743 (Grpe.
853 3690 1009 3740 quemquam
1029 3684 1055 3725 et
1069 3690 1145 3740 quum
1162 3675 1283 3737 feliciter)
1301 3678 1305 3739 Ι
1322 3678 1489 3727 administra·

414 3764 479 3813 uerit
509 3764 622 3813 tetduo
634 3765 707 3815 Gron.
730 3762 818 3828 (Gryu.
832 3772 858 3812 et
876 3764 944 3825 quod
958 3763 1021 3825 duo)
1038 3761 1042 3825 Ι
1058 3777 1104 3825 per
1124 3764 1228 3813 domum
1249 3778 1353 3827 eamper
1390 3770 1406 3811 3
1428 3780 1489 3815 uos·

414 3865 463 3913 que
481 3850 591 3899 arbitror
605 3851 610 3915 Ι
625 3852 700 3899 uobis
720 3865 770 3899 non
793 3850 936 3913 triumphus
991 3854 1006 3896 t
1036 3849 1266 3898 liberorumeorum
1286 3850 1364 3899 fuerit
1418 3851 1452 3909 2,
1475 3857 1484 3901 Ι

414 3937 533 4017 quertino
562 3962 678 4017 teoque
696 3953 777 4003 debeo
808 3952 835 4012 3,
854 3959 869 4001 2
889 3934 1046 4016 brundisiod.
1081 3959 1226 4017 acorcyrse
1246 3960 1334 4003 tenum
1362 3955 1487 4005 sclusu-

414 4041 461 4090 bus
479 4041 551 4090 lustri
569 4041 709 4090 sacrificatui
729 4038 813 4103 Sipou.
834 4030 924 4104 (Grpu.
944 4040 977 4089 cl.
997 4040 1077 4089 lustru
1096 4041 1175 4102 sacr.)
1228 4040 1285 4099 4,1
1309 4042 1429 4104 peruenit
1471 4048 1485 4090 2

413 4142 521 4187 magnas
548 4126 793 4191 sinexpuguubttia
809 4125 923 4175 hostium
952 4127 1135 4189 badpugnam
1149 4127 1278 4189 regescie
1292 4126 1417 4191 Mysten,
1432 4126 1485 4177 625

325 4246 331 4251 -
413 4214 503 4278 (ἂψ.
516 4215 549 4263 ad
562 4197 675 4278 pugnam
689 4228 749 4275 rege
759 4204 850 4262 coacto
863 4228 887 4263 a.
898 4214 948 4277 r.);
967 4210 996 4261 de
1008 4214 1042 4261 ud
1058 4213 1103 4275 cfr.
1120 4212 1311 4273 tcmeuIV,22,
1319 4213 1483 4273 t,X,11,11.

415 4316 528 4377 xxnr,
542 4318 566 4376 1,
577 4317 601 4377 r,
622 4315 764 4376 xxxta,
783 4316 824 4374 ιε,
843 4316 869 4365 2.
921 4316 946 4375 o,
968 4322 978 4364 ι
997 4301 1056 4380 ᾖ.
1077 4317 1170 4380 ungu
1209 4323 1223 4366 α
1246 4316 1314 4367 Num
1334 4318 1484 4379 gesseram?
