3475 5084
461 536 500 593 84
728 529 808 581 Liber
825 527 910 581 x1.11.
940 529 989 593 (Δ.
1009 543 1035 579 u.
1055 542 1077 579 u.
1100 528 1174 591 588.)

378 715 455 791 5‘Q.
477 714 581 787 Marci,
602 722 753 790 paternum
776 716 901 774 amicum
924 723 953 772 et
968 714 1123 790 hospitem,
1141 714 1297 771 habebam.
1331 711 1390 772 Sed
1412 732 1488 770 non-

416 822 485 881 dum
500 822 625 879 Romam
648 829 801 878 accusator
815 822 961 879 Eumenes
983 827 1113 887 venerat,
1135 818 1185 892 qui
1200 817 1407 875 calumniando
1423 836 1488 875 om·

415 926 466 984 nia
487 924 745 1000 detorquendoque
767 933 904 1001 suspecta
925 932 954 981 et
981 922 1076 981 invisa
1102 920 1230 981 efficeret
1251 932 1280 978 et
1307 923 1488 997 persuadere

416 1031 500 1089 vobis
522 1038 686 1101 conaretur,
706 1048 765 1087 non
786 1048 874 1104 posse
889 1028 1034 1087 Groeciam
1054 1029 1083 1083 in
1102 1028 1234 1085 libertate
1251 1044 1315 1084 esse
1336 1036 1366 1083 et
1387 1035 1488 1085 vestro

375 1142 394 1196 6
416 1154 534 1193 munere
555 1134 628 1205 frui,
656 1135 753 1209 quoad
779 1152 901 1209 regnum
923 1133 1104 1191 Macedonia
1126 1132 1270 1189 incolume
1291 1141 1377 1190 esset.
1422 1131 1488 1190 Cir-

415 1249 585 1315 cumagetur
604 1236 652 1295 hic
674 1238 766 1307 orbis;
800 1236 854 1293 erit
879 1257 962 1309 mox,
992 1239 1041 1313 qui
1064 1245 1178 1313 arguat,
1201 1238 1397 1312 nequidquam
1422 1240 1487 1297 An·

414 1345 542 1403 tiochum
577 1344 652 1401 ultra
680 1344 750 1419 iuga
777 1343 871 1400 Tauri
902 1352 1042 1414 emotum;
1077 1342 1243 1416 graviorem
1273 1342 1364 1399 multo
1394 1343 1488 1412 Asin,

416 1468 503 1524 quum
527 1449 691 1507 Antiochus
711 1445 808 1516 fuerit,
825 1446 976 1505 Eumenen
992 1465 1071 1516 esse;
1093 1448 1297 1522 conquiescere
1316 1448 1413 1505 socios
1437 1468 1488 1505 ve·

414 1563 491 1611 stros
513 1572 573 1610 non
595 1569 691 1626 posse,
713 1552 811 1626 quoad
835 1552 917 1626 regia
938 1553 1077 1626 Pergami
1098 1554 1149 1622 sit;
1185 1571 1249 1609 eam
1272 1570 1378 1615 arcem*
1394 1570 1489 1628 supra

375 1664 391 1717 7
416 1660 513 1735 capitu
533 1658 719 1714 finitimarum
742 1656 900 1714 civitatium
923 1656 1099 1731 impositam.
1146 1657 1212 1731 Ego
1234 1658 1305 1725 hoec,
1330 1655 1366 1728 Q.
1389 1657 1489 1714 Murci

414 1773 443 1820 et
464 1768 504 1821 A.
527 1762 610 1832 Atili,
633 1781 698 1836 quoe
717 1770 768 1819 aut
790 1781 808 1818 a
829 1761 913 1818 vobis
936 1762 1051 1819 obiecta
1073 1770 1124 1818 aut
1147 1771 1273 1836 purgata
1295 1780 1314 1817 a
1338 1780 1385 1818 me
1407 1772 1488 1834 sunt,

414 1868 486 1925 talia
507 1885 570 1923 esse
592 1866 668 1937 scio,
695 1874 728 1923 ut
749 1885 852 1936 aures,
877 1875 910 1923 ut
931 1866 1020 1923 animi
1043 1866 1220 1923 audientium
1242 1866 1316 1938 sint,
1347 1886 1400 1924 nec
1425 1877 1487 1925 tam

346 2049 348 2052 Ι
414 1971 532 2040 referre,
554 1970 623 2045 quid
645 1988 700 2045 ego
736 1978 787 2026 aut
808 1989 868 2045 qua
890 1980 985 2028 mente
1005 1970 1134 2041 fecerim,
1164 1989 1251 2045 quam
1275 1973 1426 2045 quomodo
1457 1973 1489 2029 id

265 2070 278 2092 ‘
375 2075 393 2132 8
415 2096 469 2135 vos
491 2077 600 2134 Iactum
623 2074 782 2150 accipiatis.
826 2074 968 2134 Conscius
990 2076 1060 2132 mihi
1084 2096 1163 2149 sum,
1184 2077 1256 2133 nihil
1277 2096 1324 2133 me
1344 2078 1488 2135 scientem

414 2180 586 2256 deliquisse,
608 2189 651 2250 et,
683 2180 799 2253 siquid
822 2179 940 2237 fecerim
963 2180 1148 2255 inprudentia
1168 2182 1285 2256 lapsus,
1308 2182 1416 2257 corrigi
1441 2202 1489 2239 me

373 2288 391 2345 9
414 2294 445 2344 et
471 2285 620 2343 emendari
652 2286 844 2369 castigatione
871 2288 927 2343 hac
954 2302 1051 2361 posse.
1102 2286 1187 2344 Nihil
1214 2297 1291 2345 certe
1321 2288 1489 2345 insanabile

316 2395 318 2398 ’
413 2410 467 2449 nec
489 2390 568 2466 quod
591 2390 667 2448 bello
684 2399 713 2447 et
727 2391 816 2447 armis
830 2390 1061 2465 persequendum
1082 2410 1145 2448 esse
1162 2392 1313 2463 censeatis,
1338 2393 1488 2463 commisi;

414 2506 466 2554 aut
493 2496 604 2554 frustra
631 2496 788 2553 clementiae
814 2495 1031 2570 gravitatisque
1056 2507 1161 2553 vestrae
1187 2496 1267 2553 fama
1289 2496 1411 2571 volgato
1434 2516 1488 2572 per

413 2608 514 2677 gentes
536 2610 595 2672 est,
617 2601 642 2657 si
664 2600 770 2657 talibus
793 2600 830 2655 de
852 2599 965 2671 causis,
994 2618 1058 2673 quae
1079 2600 1130 2657 vix
1152 2601 1272 2674 querela
1293 2608 1323 2657 st
1344 2610 1487 2676 expostu-

413 2706 522 2764 lations
537 2706 632 2781 dignae
646 2714 722 2776 sunt,
737 2721 821 2761 arma
836 2704 940 2778 capitis
961 2715 989 2761 ct
1006 2705 1122 2781 regibus
1139 2707 1225 2764 sociis
1240 2705 1317 2763 balla
1339 2705 1485 2769 infertis.“

329 2796 372 2869 43
499 2811 540 2867 Et
565 2808 706 2865 dicentem
737 2827 803 2865 cum
831 2808 957 2866 adsensu
985 2810 1115 2868 Marcius
1152 2812 1250 2869 audire
1278 2813 1354 2867 visus
1381 2820 1423 2867 est
1452 2822 1488 2882 et,

414 2932 475 2971 cum
487 2915 574 2987 fluens
589 2915 704 2985 fecisset
725 2913 843 2983 dicendi,
865 2923 968 2971 auctor
989 2914 1045 2973 fuit
1067 2917 1198 2973 mittendi
1219 2918 1345 2974 Romam
1371 2916 1488 2987 lapatcs.

414 3018 509 3077 Amici
528 3017 636 3094 quoquc
656 3020 730 3092 repis
750 3028 852 3076 secreto
874 3022 1050 3093 Interrogati,
1081 3018 1236 3073 mitteudine
1266 3017 1357 3093 legati
1380 3030 1487 3091 essent,

414 3143 480 3183 cnm
502 3124 679 3199 experienda
700 3123 799 3181 omnia
818 3124 856 3181 ad
879 3124 1010 3182 ultimum
1034 3140 1086 3181 nec
1103 3123 1379 3196 pretermittendum
1402 3143 1494 3201 spem.

416 3343 501 3400 uque
519 3338 600 3386 marci
652 3335 719 3396 5‚2
744 3334 875 3384 calumnia
897 3334 925 3383 iu
949 3336 1035 3385 omnia
1059 3335 1282 3400 retorquendoque
1295 3342 1422 3399 susceptu
1471 3341 1486 3385 4

414 3422 547 3490 libertaste
590 3444 605 3487 5
625 3454 676 3503 quo
693 3452 801 3501 regnum
817 3436 981 3502 {incolumes
999 3437 1061 3487 Post
1078 3446 1145 3489 esset
1163 3438 1198 3488 H.
1217 3422 1300 3487 scabit
1315 3440 1421 3502 spatium
1441 3457 1487 3490 co·

415 3542 484 3575 cuum
502 3541 560 3575 esse.
597 3524 650 3585 6,2
669 3524 818 3574 anthiocum
851 3524 954 3574 nultra
966 3526 1035 3587 legat
1059 3540 1092 3573 an
1110 3531 1234 3573 remotum
1248 3524 1378 3587 (emotum
1399 3525 1486 3587 crea,

419 3611 495 3677 Grya.
514 3611 653 3671 remotum)
670 3610 674 3671 Ι
690 3611 810 3673 grauiore
825 3611 830 3672 1
846 3611 959 3674 asiaeque
980 3626 1058 3674 quern
1075 3612 1190 3660 antiocus
1226 3609 1333 3677 sarpa
1354 3626 1487 3663 necnon-

415 3699 592 3761 quiescere-
606 3705 707 3746 vestros
724 3711 801 3761 posse
826 3695 938 3758 (Vahlen
956 3695 1033 3747 trudit
1057 3699 1082 3745 iu
1109 3695 1163 3745 cod.
1183 3712 1244 3746 esse:
1271 3711 1488 3749 eumeneneccsss

417 3782 610 3847 conquiescere)
658 3782 683 3844 7,
711 3789 722 3831 l
747 3784 804 3832 huc
823 3796 880 3846 quae
897 3799 932 3832 m.
953 3790 979 3832 et
997 3798 1020 3833 a.
1041 3783 1095 3832 atili
1143 3783 1327 3847 oachpiathis
1372 3784 1398 3845 9,
1418 3792 1434 3833 2
1454 3800 1487 3835 ns

416 3872 486 3935 quod
526 3876 543 3919 4
561 3870 685 3934 quaerella
702 3876 729 3919 et
745 3868 918 3933 postulatione
938 3870 1018 3930 digna
1072 3867 1172 3928 XLIII,
1192 3868 1247 3929 1,1
1268 3876 1293 3918 st
1311 3870 1441 3921 dicentem
1460 3878 1487 3921 ct

416 3972 477 4006 cum
494 3958 634 4006 adsensum
651 3956 762 4005 marcius
780 3961 870 4002 auctor
887 3952 936 4003 Iuit
952 3956 1069 4004 mittendi
1088 3971 1185 4005 romum
1209 3956 1289 4019 legati
1311 3968 1400 4007 essent
1424 3972 1485 4007 cum

417 4044 473 4109 My.
492 4043 549 4093 Em.
567 4042 636 4100 535,
663 4041 710 4090 nbi
730 4038 796 4104 quod
820 4056 882 4089 nunc
896 4048 996 4104 propter
1013 4050 1098 4091 esseut
1120 4040 1212 4091 addidi
1227 4044 1377 4093 mittendine
1396 4045 1484 4106 legati.

419 4130 495 4196 ὕψι.
523 4130 586 4178 Huc
608 4128 703 4177 dicenti
728 4134 781 4174 tum
806 4141 924 4176 assensus
942 4128 1056 4177 Marcius
1073 4136 1148 4178 autor
1167 4128 1216 4177 fuit
1233 4130 1350 4178 mittendi
1374 4132 1485 4181 Romam

324 4252 330 4262 .
415 4217 503 4279 legati,
515 4230 575 4264 enm
590 4227 649 4275 exp.
670 4238 702 4248 —
721 4213 872 4287 consuleret.
891 4214 1003 4277 Reliqua
1018 4228 1088 4264 cons.
1108 4213 1232 4265 Hauruius
1248 4215 1348 4278 legatos
1384 4222 1402 4264 4
1419 4232 1487 4281 pru·

417 4302 607 4351 termittendum
628 4299 698 4352 Grau
