3475 5084
504 523 564 581 2²6
762 522 842 571 Liber
859 520 945 573 xuv.
987 522 1034 585 (Δ.
1054 536 1079 573 ιι.
1099 537 1121 573 c.
1142 524 1215 587 sss.)
1283 520 1289 529 '

461 708 495 765 1.
527 705 679 767 Stertinius
710 717 837 783 quaestor
867 709 1052 767 Brundisium
1089 710 1194 767 missus
1231 712 1376 782 nessusque
1406 726 1502 777 curere,

462 821 494 869 ut
516 812 592 871 edes
612 812 735 889 hospitio

381 1100 420 1173 15
543 1108 574 1165 in
595 1117 732 1183 quattuor
751 1109 879 1165 urbanas
900 1108 991 1167 tribus
1006 1108 1141 1184 descripti
1162 1119 1245 1165 erent
1263 1108 1397 1179 libertini,
1416 1116 1508 1184 preter

422 1214 439 1269 2
463 1230 522 1282 sos,
544 1212 648 1287 quibus
669 1213 744 1270 filius
765 1214 941 1289 quinquenni
973 1215 1067 1272 maior
1098 1234 1135 1271 ex
1167 1234 1199 1271 se
1222 1224 1308 1273 natus
1334 1225 1417 1285 esset,
1445 1217 1508 1287 (eos.

460 1318 511 1375 ubi
531 1337 675 1395 proxumo
696 1319 787 1377 lustro
809 1322 887 1377 censi
902 1329 1005 1391 essent,
1027 1320 1136 1377 censeri
1151 1320 1316 1395 iusserunt),
1340 1332 1368 1378 et
1390 1341 1446 1393 eos,
1467 1322 1508 1395 qui

459 1424 597 1500 prndium
628 1425 775 1501 prtediave
806 1405 915 1483 ¹rustice
947 1426 1037 1501 pluris
1070 1426 1230 1483 sestertium
1263 1426 1384 1502 triginta
1413 1427 1509 1483 milium

420 1526 437 1581 3
459 1530 608 1601 heberent,
629 1532 647 1565 ⁵
664 1532 682 1565 *
704 1530 838 1589 censendi
852 1530 897 1588 ins
918 1530 1027 1589 factum
1048 1541 1101 1592 est.
1143 1534 1210 1590 Hoc
1228 1550 1294 1589 cum
1311 1533 1353 1589 ita
1377 1542 1509 1589 servatum

460 1643 544 1705 esset,
565 1637 692 1711 negabat
714 1634 868 1707 Claudius,
890 1634 1022 1712 suffragii
1043 1638 1180 1695 lationem
1203 1638 1313 1696 iniussu
1335 1638 1436 1714 populi
1455 1657 1509 1695 cen·

458 1758 554 1797 sorem
576 1742 710 1817 cuiquam
725 1744 844 1813 homini,
868 1742 972 1801 nedum
996 1742 1090 1801 ordini
1109 1744 1253 1813 universo,
1275 1744 1405 1801 adimere
1426 1762 1510 1819 posse.

418 1846 436 1899 4
459 1848 564 1922 Neque
585 1848 670 1918 enim,
691 1849 717 1905 si
737 1849 813 1907 tribu
829 1868 946 1907 movere
967 1849 1068 1925 possit,
1090 1849 1169 1923 quod
1190 1850 1227 1907 sit
1247 1850 1319 1907 nihil
1341 1851 1421 1908 aliud
1435 1868 1511 1925 quan

459 1963 571 2012 mutare
605 1955 705 2011 iubere
731 1955 856 2027 tribum,
887 1955 953 2013 ideo
986 1954 1118 2013 omnibus
1148 1955 1178 2012 V
1207 1964 1236 2013 et
1262 1956 1362 2013 XXX
1392 1956 1511 2013 tribubus

460 2080 593 2119 emovere
615 2078 716 2135 posse,
747 2060 777 2117 id
798 2070 858 2135 est,
888 2060 1034 2118 civitatem
1061 2061 1280 2137 libertatemque
1302 2060 1510 2141 eripereqnon,

419 2166 509 2224 subi
538 2174 705 2237 censeatur,
733 2166 831 2237 finire,
859 2167 912 2224 sed
941 2184 1028 2224 censu
1050 2167 1211 2224 excludere.
1253 2166 1327 2223 Haec
1348 2165 1425 2223 inter
1444 2167 1511 2242 ipsos

460 2272 636 2349 deceptam
657 2281 804 2347 postremo
827 2291 861 2329 eo
877 2272 1046 2330 descensum
1067 2282 1119 2343 est,
1140 2280 1173 2329 ut
1193 2290 1230 2329 ex
1245 2280 1384 2347 quattuor
1407 2272 1511 2329 urbanis

458 2379 589 2437 tribubus
609 2398 696 2437 unam
718 2377 816 2454 palam
844 2377 874 2434 in
896 2378 970 2435 atrio
995 2376 1152 2435 Libertatis
1173 2376 1361 2449 sortirentur,
1383 2376 1415 2433 in
1436 2396 1509 2452 quun

420 2483 574 2556 Gomon,
605 2485 655 2560 qui
686 2484 853 2543 servitutem
884 2483 1053 2555 servissent,
1076 2483 1227 2540 coicerent.
1271 2482 1440 2558 Exquilinae
1460 2498 1508 2539 sort

428 2576 432 2589 ’
458 2590 542 2660 exiit3
564 2590 595 2647 in
616 2608 652 2647 eu
666 2590 713 2649 Ti.
729 2590 879 2650 Gracchus
900 2590 1098 2666 pronuntiavit
1117 2588 1266 2646 libertinos
1286 2608 1389 2647 omnes
1416 2586 1505 2647 censen'

421 2695 436 2747 7
459 2696 583 2772 placere.
624 2695 735 2771 Magno
762 2714 797 2752 es
821 2714 869 2755 res
891 2696 995 2755 honori
1016 2694 1183 2754 censoribus
1211 2703 1281 2771 aput
1302 2704 1441 2755 senatum
1461 2694 1507 2752 luit

459 2931 648 2979 tltertinius
673 2929 679 2993 1
703 2930 847 2991 missusque
861 2943 950 2978 curare
998 2928 1094 2978 4Post
1110 2928 1194 2993 hospi,
1221 2928 1246 2977 in
1263 2945 1310 2992 quo
1329 2928 1450 2979 combulo
1459 2926 1512 2991 fini·

459 3026 497 3066 tur
506 3016 558 3082 sol.
577 3014 638 3078 159,
657 3013 776 3065 intercidit
785 3013 877 3079 solium
890 3016 995 3079 primum
1012 3015 1172 3080 quaternionis
1191 3014 1293 3075 XXX,
1317 3015 1343 3065 in
1361 3033 1409 3079 quo
1431 3016 1514 3079 reliquo

459 3103 488 3154 de
507 3103 635 3169 Misuqene
648 3102 740 3167 sertbtu
757 3112 829 3152 erant
846 3102 902 3168 (syr.
929 3101 984 3152 Vel.
1001 3102 1074 3152 Mau.
1101 3101 1130 3161 V,
1149 3101 1177 3162 1,
1194 3101 1237 3167 1),
1257 3100 1312 3151 dein
1330 3101 1361 3151 de
1379 3104 1481 3153 comitiis
1496 3102 1514 3149 in

454 3192 589 3257 proximum
606 3206 694 3240 annum
719 3190 776 3255 (csr.
795 3207 816 3239 c.
835 3188 896 3253 16),
919 3198 967 3239 tum
985 3188 1015 3239 de
1036 3206 1136 3239 censura
1159 3188 1197 3238 Ti.
1219 3186 1358 3252 Sempronii
1377 3188 1515 3239 Graceliet

460 3277 486 3328 0.
500 3275 600 3328 Claudii
616 3276 726 3335 Pulchri,
746 3276 850 3341 repetitu
867 3274 1009 3341 qmbusdam
1030 3276 1060 3326 de
1076 3276 1235 3339 superioribus
1254 3276 1397 3336 censoribus,
1421 3275 1450 3326 G.
1461 3275 1514 3325 Fu

457 3366 529 3415 minio
546 3374 569 3415 et
588 3365 620 3414 L.
639 3362 750 3415 AEmilio.
787 3362 848 3425 XV,
866 3363 891 3425 1,
911 3370 925 3412 2
945 3372 1084 3414 exsenatu
1103 3370 1172 3413 esset
1190 3362 1290 3427 Kreyss.
1312 3362 1403 3429 (Geyer.
1424 3378 1459 3413 ex
1472 3362 1514 3413 SC.

457 3453 536 3515 asset)
565 3451 591 3511 2,
605 3457 616 3500 l
632 3450 845 3515 Intetpunctionem
857 3447 982 3500 emendavi
995 3450 1034 3514 (ut
1044 3459 1125 3510 anna,
1140 3464 1175 3499 me
1187 3458 1298 3509 monente,
1308 3451 1409 3514 secem
1422 3450 1515 3500 Bierrc

456 3536 561 3604 quurd).
592 3536 660 3588 Num
678 3537 749 3603 uulqo
775 3538 810 3588 sic
831 3537 897 3587 bores
923 3536 1111 3587 mandabatur:
1138 3546 1211 3587 esset.
1239 3536 1292 3587 llos
1320 3562 1354 3574 -
1378 3538 1515 3587 iusserunt:

457 3632 483 3674 ct
500 3638 552 3684 eos,
571 3624 616 3685 qui
635 3650 666 3661 —-
685 3624 817 3683 haberent,
836 3624 956 3674 censendi
974 3625 1013 3673 ins
1031 3624 1128 3674 luctum
1147 3623 1249 3686 (Weiss.
1271 3625 1310 3673 ius
1330 3621 1459 3690 *luctum
1477 3632 1514 3673 est

428 3762 433 3771 ,
458 3711 759 3761 tensiessentcensere
773 3711 857 3777 lquib.
909 3711 1038 3761 drustics
1054 3726 1105 3775 prae
1116 3712 1195 3775 pluris
1213 3713 1331 3761 sestcrda
1347 3727 1403 3761 xxx
1420 3714 1514 3763 miliun

457 3802 474 3846 4
492 3797 618 3847 heberent
634 3799 755 3847 causandi
765 3797 819 3863 Mq.
839 3797 932 3849 Forma
950 3797 998 3848 loci
1015 3796 1150 3848 huiusmodi
1157 3799 1225 3863 suit:
1247 3786 1387 3859 haberent}
1406 3800 1459 3862 his,
1477 3799 1514 3847 ubi

456 3886 557 3948 pstroui
577 3892 746 3945 censerentur,
765 3886 887 3935 censendi
904 3886 944 3935 ius
962 3884 1057 3937 factum
1077 3894 1117 3936 cst
1134 3886 1191 3951 (cfr.
1202 3884 1278 3935 Dion.
1292 3884 1361 3935 Cass.
1376 3882 1514 3942 XXXVI,

457 3971 520 4021 423.
532 3971 587 4035 25),
605 3970 747 4022 estsimilis.
767 3971 871 4037 Aliquid
890 3970 968 4023 deesse
986 3971 1016 4022 de
1034 3972 1085 4022 loco
1104 3971 1214 4023 cunundi
1229 3972 1284 4023 hur'e
1299 3974 1384 4037 qensri
1392 3971 1455 4023 dato
1466 3972 1513 4023 Cre

456 4059 535 4108 uerius
552 4057 672 4109 mullerit.
725 4058 752 4118 4,
773 4065 785 4108 1
804 4068 891 4123 posset
915 4059 997 4111 Drnk.
1019 4062 1023 4126 Ι
1044 4062 1113 4123 qnod
1132 4061 1153 4110 si
1170 4060 1234 4109 nihil
1279 4066 1294 4109 u
1322 4060 1424 4111 iuberet
1441 4062 1446 4123 Ι
1463 4062 1512 4110 trib.

456 4146 600 4209 temperet
634 4145 659 4204 5,
679 4152 694 4195 2
714 4146 819 4196 nrbsnis
838 4148 967 4208 tribunum
984 4147 1096 4210 palmum
1136 4154 1151 4197 3
1170 4148 1197 4195 in
1215 4160 1293 4210 quem
1311 4154 1402 4197 omues
1420 4148 1512 4199 inser·

456 4234 564 4282 uitntem
582 4233 703 4296 seruisset
744 4232 769 4293 6,
788 4239 804 4282 2
822 4236 893 4285 tiu'm
911 4235 1035 4297 manchus
1052 4234 1127 4284 Frob.
1146 4232 1184 4284 II.
1209 4217 1300 4299 (ὕψη.
1322 4235 1352 4285 Τ.
1372 4233 1512 4297 Gracchus)

458 4314 566 4379 lomuis
601 4319 625 4380 7,
647 4325 658 4369 l
679 4334 723 4370 ess
741 4334 781 4369 res
