3475 5084
490 527 547 583 tus
747 522 825 573 attat
843 522 942 573 xmv.
971 524 1018 585 (u.
1038 536 1063 573 n.
1084 538 1105 574 ο.
1127 524 1202 589 sse.)

400 714 419 767 4
441 710 581 787 perducta
602 718 663 778 est,
684 727 721 766 ex
742 710 867 767 statione
888 710 998 785 equites
1018 710 1145 769 revocati
1168 722 1243 770 sunt.
1291 713 1365 769 Rex¹
1378 730 1499 787 quoque

442 834 508 873 cum
538 816 600 873 siae
630 815 837 872 detrectatione
865 828 985 891 paratus
1007 834 1138 892 pugnare
1161 836 1196 873 eo
1219 818 1265 875 die
1286 817 1399 887 fuisset,
1431 838 1498 874 con-

441 932 546 989 tentus,
568 920 647 996 quod
669 940 722 995 per
741 922 855 978 bostem
880 940 991 979 moram
1013 921 1102 978 luisse
1123 938 1228 996 pugnae
1249 922 1369 993 scirent,
1390 923 1501 999 etipse

400 1027 471 1085 oin
502 1037 599 1084 castra
630 1027 730 1102 copias
762 1027 886 1083 reduxit.
944 1024 1054 1084 Castris
1086 1027 1265 1102 permunitis,
1299 1026 1333 1085 C.
1358 1029 1498 1105 Sulpicius

441 1132 567 1201 Gallus,
596 1133 727 1190 tribunus
749 1132 869 1190 militum
893 1133 1025 1189 secundae
1046 1133 1183 1208 legionis,
1214 1136 1264 1207 qui
1290 1147 1397 1210 praetor
1417 1154 1501 1212 supe-

440 1239 517 1295 riore
545 1257 622 1295 anno
653 1236 764 1306 fuerat,
795 1238 921 1296 consulis
946 1239 1088 1314 permissu
1119 1240 1156 1296 ad
1179 1242 1343 1298 contionem
1365 1242 1502 1299 militibus

399 1351 418 1406 6
440 1344 562 1414 vocatis,
583 1344 795 1420 pronuntiavit,
817 1356 902 1401 nocte
923 1343 1074 1419 proxima,
1096 1364 1132 1402 ne
1154 1346 1218 1420 quis
1239 1346 1269 1403 id
1291 1366 1346 1422 pro
1368 1358 1504 1422 portento

439 1450 602 1525 acciperet,
635 1450 673 1506 ab
704 1450 779 1505 bora
806 1450 933 1507 secunda
954 1450 1105 1524 usquead
1128 1464 1261 1525 quartam
1285 1454 1387 1511 horam
1409 1455 1503 1511 noctis

439 1556 537 1613 lunam
560 1554 736 1613 defecturam
760 1574 832 1612 esse.
886 1555 940 1625 Id,
963 1555 1032 1629 quia
1052 1558 1179 1613 naturali
1200 1558 1300 1615 ordine
1323 1559 1406 1614 statis
1428 1572 1502 1614 tem-

400 1672 416 1725 7
439 1662 559 1737 poribus
578 1661 649 1729 fiat,
670 1672 700 1718 et
719 1661 787 1718 sciri
807 1671 876 1717 ante
897 1670 925 1715 et
949 1660 1064 1735 predict
1094 1680 1187 1735 posse.
1234 1664 1340 1739 ltaque
1362 1665 1501 1737 quemad·

439 1768 567 1837 modum,
589 1767 658 1842 quia
679 1766 749 1823 certi
770 1765 839 1823 solis
853 1766 985 1840 lunaeque
1000 1779 1029 1822 et
1042 1778 1122 1823 ortus
1144 1780 1172 1824 et
1194 1786 1315 1825 occasus
1337 1770 1402 1840 sint,
1427 1788 1503 1825 nunc

439 1872 525 1947 pleno
554 1874 640 1942 orbe,
671 1890 748 1929 nunc
780 1882 976 1929 senescentem
1005 1872 1110 1947 exiguo
1139 1891 1228 1931 cornu
1255 1874 1369 1949 fulgere
1402 1874 1504 1931 lunam
1556 1914 1557 1963 ἰ

439 1996 498 2034 non
522 1978 705 2047 mirarentur,
725 1977 769 2034 ita
789 1996 826 2033 ne
847 1977 998 2033 obscurari
1020 1978 1151 2051 quidem,
1184 1998 1248 2036 cum
1274 1981 1417 2037 condatur
1440 2000 1506 2036 nm·
1556 1986 1557 2005 ¹

398 2092 417 2148 8
438 2084 494 2140 bra
515 2096 609 2155 terrae,
630 2085 746 2141 trahere
766 2084 796 2140 in
817 2081 980 2158 prodigium
1003 2081 1117 2143 debere.
1165 2086 1275 2157 Nocte,
1297 2104 1386 2160 qnam
1406 2086 1505 2159 pridie

436 2208 529 2246 nonas
560 2189 744 2266 Septembres
777 2189 908 2246 insecuta
940 2199 985 2243 est
1015 2189 1091 2257 dies,
1124 2190 1202 2247 edita
1233 2193 1307 2249 hora
1339 2191 1407 2247 luna
1436 2210 1505 2249 cnm·

438 2294 605 2365 defecisset,
628 2296 767 2354 Romanis
790 2293 927 2351 militibus
949 2292 1030 2352 Galli
1052 2294 1194 2369 sapientia
1223 2316 1315 2373 prope
1336 2297 1438 2353 divina
1457 2298 1503 2352 vi·

397 2411 415 2466 9
438 2401 513 2471 deri3
546 2402 724 2459 Macedonas
751 2412 783 2458 ut
811 2400 892 2457 triste
915 2398 1093 2473 prodigium,
1126 2419 1260 2459 occasum
1291 2402 1374 2477 regni
1402 2403 1504 2477 perni-

438 2508 569 2583 ciemque
590 2509 683 2584 gentis
705 2507 889 2583 portendens,
921 2506 1027 2573 movit,
1061 2523 1114 2562 nec
1136 2506 1218 2563 aliter
1239 2518 1331 2564 vates.
1380 2506 1510 2566 Clamor·

437 2616 619 2689 ululatusque
641 2615 671 2671 in
690 2613 792 2669 castris
809 2612 1007 2669 Macedonum
1038 2611 1107 2681 luit,
1135 2613 1226 2669 donec
1256 2612 1327 2671 luna
1356 2615 1385 2671 in
1414 2634 1510 2671 suant

379 2732 414 2784 10
436 2719 531 2775 lucem
553 2716 677 2775 emersit
724 2720 849 2775 Postero
871 2718 917 2774 die
939 2718 1014 2790 (uam
1036 2730 1132 2775 tantus
1160 2718 1273 2792 utrique
1304 2721 1393 2778 ardor
1413 2739 1503 2776 exer-

436 2824 506 2880 citui
528 2825 565 2880 ad
586 2824 814 2882 concurrendum
835 2823 947 2892 luerat,
980 2834 1011 2881 ut
1037 2835 1184 2896 stragem
1207 2834 1234 2878 ct
1255 2825 1402 2881 consulem
1427 2844 1511 2881 suo-
1555 2860 1556 2881 t

436 2949 499 2986 rum
522 2930 657 3003 quidum,
688 2930 766 3005 quod
794 2929 856 2985 sine
883 2929 985 3005 proelio
1015 2929 1171 2986 discessum
1194 2942 1285 2998 esset,
1313 2928 1502 3004 accusarent)

376 3048 409 3101 11
436 3036 498 3110 regi
519 3045 655 3111 prompta
676 3036 806 3094 defensio
827 3046 900 3104 erat,
922 3054 980 3091 non
1002 3054 1037 3091 eo
1059 3035 1168 3105 solum,
1193 3035 1270 3108 quod
1292 3036 1384 3092 hostis
1405 3036 1506 3110 prior,

435 3151 535 3215 aperte
557 3159 685 3217 pugnam
714 3143 893 3210 detrectans,
925 3142 954 3197 in
984 3152 1080 3198 castra
1109 3141 1208 3216 copias
1239 3141 1414 3210 reduxisset,
1447 3142 1503 3197 sed

434 3246 520 3303 etiam
544 3248 623 3321 quod
650 3268 685 3306 eo
713 3247 777 3305 loco
799 3247 883 3322 signe
904 3247 1116 3317 constituisset,
1147 3264 1206 3320 quo
1228 3246 1373 3321 phalanx,
1405 3264 1502 3319 quam

434 3352 562 3410 inutilem
585 3354 632 3411 vel
653 3352 805 3411 mediocris
824 3352 961 3426 iniquitas
986 3352 1041 3410 loci
1072 3352 1213 3422 efficeret,
1242 3352 1409 3427 promoveri
1439 3370 1502 3407 non

374 3471 412 3527 12
435 3470 544 3533 posset.
591 3457 700 3517 Consul
722 3460 760 3516 ad
788 3459 834 3530 id,
869 3458 947 3531 quod
979 3458 1071 3533 pridie
1098 3457 1313 3533 praetermisisse
1345 3456 1508 3531 pugnandi
1554 3472 1555 3567 p

434 3564 617 3620 occasionem
641 3564 794 3621 videbatur
815 3576 843 3620 et
865 3562 958 3619 locum
982 3563 1094 3621 dedisse
1124 3563 1215 3634 hosti,
1250 3562 1274 3619 si
1306 3575 1392 3619 nocte
1415 3562 1506 3619 abire
1554 3592 1555 3627 t

1356 3670 1359 3675 -
1554 3644 1555 3695 l

432 3854 458 3915 4,
479 3862 493 3903 2
514 3858 671 3908 detractione
687 3857 692 3924 Ι
707 3874 738 3908 eo
757 3860 788 3908 de
802 3860 807 3922 Ι
824 3868 999 3923 contemptuse
1018 3860 1086 3923 quod
1114 3858 1139 3919 5,
1159 3864 1174 3907 3
1193 3859 1330 3922 permissus
1360 3859 1513 3906 suacatis-
1554 3836 1555 3855 ¹

433 3959 458 4018 6,
481 3966 490 4008 l
513 3962 569 4025 quis
588 3963 614 4010 in
632 3978 678 4026 pro
703 3969 818 4012 astantis
843 3970 858 4011 4
879 3964 943 4011 scire
979 3961 1003 4023 7,
1024 3969 1039 4011 2
1058 3964 1134 4013 certis
1161 3968 1333 4011 transmonte
1344 3960 1508 4011 Florcbellus

435 4082 546 4148 lingere
564 4085 637 4134 Frob.
651 4085 688 4135 II.
735 4086 760 4145 8,
780 4092 795 4133 2
814 4088 882 4135 edita
899 4069 975 4135 luua⁰
989 4086 1044 4149 (cic)
1063 4087 1127 4135 hora
1146 4102 1202 4136 eum
1230 4086 1277 4146 9,1
1298 4087 1510 4149 permiticmquc

433 4164 504 4231 10,'l
527 4174 567 4222 die
585 4183 670 4222 tantus
689 4172 744 4237 My.
765 4172 832 4233 (Alii
848 4176 929 4221 die-
943 4185 1046 4223 tantas.
1062 4185 1231 4223 ‚accusarent
1242 4200 1273 4209 —-
1284 4172 1349 4236 regi)
1362 4172 1365 4236 Ι
1378 4175 1509 4236 utrisque

432 4259 475 4318 11,
497 4265 507 4307 l
529 4268 671 4323 promptam
705 4263 884 4309 2detractans
917 4262 1071 4325 tiniquitss
1090 4261 1140 4310 loci
1160 4261 1280 4323 iniquitas
1300 4260 1417 4309 efficeret
1457 4260 1511 4319 12,-

429 4348 544 4395 anomia
562 4358 637 4396 nocte
