3475 5084
472 501 510 555 50
894 494 1025 545 Periocha

429 693 583 752 consularis,
611 694 739 757 quiquam
759 694 785 740 in
804 700 893 743 senatu
912 694 938 740 in
957 690 1102 742 Gracchum
1121 702 1278 757 perorasset,
1303 701 1388 754 raptus
1405 690 1433 738 ab
1449 706 1476 737 eo

429 788 461 836 sd
479 786 602 851 populum
621 786 771 848 delatusque
790 786 871 849 plebi,
897 801 984 835 rursus
1009 784 1035 832 in
1059 802 1116 836 eum
1143 802 1190 850 pro
1215 785 1476 835 rostris¹coutionatus

428 888 475 928 est.
514 877 598 937 Quum
626 878 715 927 iterum
747 886 780 928 tr.
805 879 840 941 pl.
868 878 948 926 creari
976 879 1050 926 vellet
1069 878 1216 937 Gracchus,
1250 888 1353 926 auctore
1371 876 1400 925 P.
1424 875 1475 923 Cor-

428 972 498 1022 nelio
520 971 615 1021 Nasica
639 971 664 1018 in
688 968 817 1033 Capitolio
842 970 875 1018 ab
902 970 1068 1033 optimatibus
1095 970 1194 1020 occisus
1215 979 1265 1027 est,
1293 973 1358 1019 ictus
1381 970 1476 1032 primum

428 1063 579 1127 fragmentis
598 1063 720 1121 subsellii,
739 1072 765 1111 ct
782 1064 849 1111 iuter
866 1062 940 1122 alios,
960 1063 1003 1127 qui
1022 1064 1049 1111 iu
1068 1063 1157 1111 eadem
1176 1064 1300 1111 seditione
1320 1063 1397 1111 occisi
1409 1070 1477 1119 eraut,

427 1156 569 1221 insepultus
588 1156 613 1203 in
636 1154 731 1203 flumen
754 1155 890 1219 proiectus.
927 1156 978 1205 Res
1001 1164 1123 1220 praterea
1146 1156 1172 1205 io
1195 1154 1285 1206 Sicilia
1306 1157 1378 1205 sario
1399 1164 1480 1203 eventu

428 1250 547 1299 adversus
565 1247 688 1309 fugitivos
707 1254 794 1308 gestas
812 1248 934 1295 continet.

844 1408 893 1457 EX
912 1408 980 1460 LIB.
999 1408 1069 1459 LIX.

496 1522 646 1573 Numantini
666 1521 734 1571 lame
752 1524 834 1571 coacti
852 1525 901 1588 ipsi
921 1539 947 1573 se
962 1539 1007 1589 per
1022 1526 1103 1573 ricem
1125 1520 1275 1589 [tradentes]
1287 1522 1481 1579 trucidaveruntr

427 1624 529 1682 captam
542 1616 630 1664 urbem
641 1613 873 1679 ScipioAfricanus
888 1617 980 1665 delerit
993 1619 1058 1665 etde
1072 1630 1102 1663 ea
1111 1616 1273 1680 triumphavit
1286 1626 1380 1676 quarto
1393 1615 1480 1663 decimo

426 1724 494 1758 suno
508 1707 758 1773 postCsrthagiuem
768 1707 886 1757 deletam.
914 1708 944 1757 P.
955 1708 1073 1772 Rupilius
1090 1722 1140 1757 cos.
1159 1708 1185 1755 in
1195 1707 1283 1756 Sicilia
1301 1722 1362 1756 cum
1378 1707 1481 1769 fugitivis

426 1802 572 1852 debellavit.
613 1800 780 1862 aristonicus,
798 1800 922 1850 Eumenis
942 1803 1008 1863 rugis
1027 1801 1102 1875 filius,
1122 1800 1213 1849 Asiam
1233 1801 1384 1864 occupavit,
1413 1815 1480 1863 quum

426 1902 578 1944 testamento
605 1893 686 1941 Attali
709 1894 777 1955 regis
804 1894 891 1955 legata
914 1894 1009 1957 populo
1033 1894 1151 1941 Romano
1176 1894 1259 1941 libera
1290 1908 1348 1942 esse
1379 1894 1480 1941 deberet.

427 1988 557 2036 Adversus
577 1998 634 2033 eum
653 1984 682 2033 P.
702 1985 815 2033 Licinius
836 1985 942 2035 Crassus
963 2000 1025 2043 cos,
1047 2000 1123 2048 quum
1142 1985 1210 2033 idem
1229 1984 1347 2048 pontifex
1367 1987 1481 2035 maximus

426 2088 491 2137 esset,
519 2078 588 2141 quod
607 2091 737 2139 uunquam
756 2085 831 2125 antea
848 2075 944 2126 iactum
959 2086 1021 2135 erut,
1046 2084 1118 2126 extra
1134 2075 1237 2126 Italiam
1254 2077 1389 2141 proiectus
1402 2078 1481 2143 proelio

425 2173 508 2221 vietus
534 2178 560 2220 et
579 2170 677 2219 occisus
702 2178 748 2219 est.
786 2170 823 2219 M.
843 2169 973 2233 Perperna
997 2184 1049 2217 cos.
1075 2171 1168 2218 victum
1190 2172 1368 2219 Aristonicum
1393 2174 1420 2219 in
1443 2172 1481 2221 de·

426 2264 549 2312 ditionem
568 2264 675 2326 accepit.
713 2262 745 2322 Q.
759 2262 905 2326 Pompeius,
927 2260 957 2321 Q.
974 2260 1102 2319 Metellus,
1122 2271 1183 2311 tune
1201 2264 1311 2325 primum
1333 2274 1439 2328 uterque
1455 2279 1481 2311 er

424 2357 499 2421 plebe
524 2356 584 2405 lacti
606 2370 738 2414 censores,
765 2356 874 2405 lustrum
894 2355 1073 2413 condiderunt,
1099 2369 1175 2404 censa
1202 2364 1261 2403 sunt
1288 2358 1383 2406 civium
1408 2358 1482 2421 capita
1550 2382 1551 2413 3

426 2432 587 2502 (ῙΟῙΧῨῙῘΙ
605 2446 794 2497 Dcccxxln
812 2458 904 2511 prater
921 2448 1031 2512 pupillos
1046 2456 1072 2495 et
1084 2449 1182 2498 viduas.
1222 2446 1253 2508 Q.
1265 2450 1389 2499 Metellus
1403 2465 1482 2499 censor

424 2543 537 2605 censuit,
569 2548 597 2587 ut
621 2548 774 2602 cogerentur
800 2555 891 2589 omnes
920 2543 1011 2589 ducere
1038 2556 1130 2589 uxores
1157 2541 1295 2590 liberorum
1323 2543 1482 2591 creandorum

424 2650 515 2695 eausa3
537 2640 624 2681 exstat
640 2635 722 2681 oratio
742 2633 803 2690 eius,
830 2648 906 2697 quam
924 2635 1058 2695 Augustus
1079 2632 1172 2691 Casan,
1192 2649 1270 2696 quum
1290 2636 1323 2683 de
1342 2636 1483 2684 maritandis

424 2728 557 2778 ordinibus
577 2734 673 2789 ageret,
699 2725 771 2773 velut
793 2726 819 2773 iu
842 2726 896 2774 haec
924 2734 1039 2791 tempora
1064 2727 1184 2790 scriptam
1209 2728 1236 2774 in
1255 2740 1348 2777 senatu
1367 2728 1482 2777 recitarit.

423 2819 453 2870 C.
473 2820 579 2869 Atinius
604 2817 691 2865 Labeo
718 2824 749 2865 tr.
775 2816 811 2880 pl.
840 2816 873 2877 Q.
892 2818 1025 2868 Metellum
1057 2835 1201 2879 censorem,
1232 2836 1248 2868 a
1270 2835 1323 2884 quo
1351 2822 1376 2869 in
1403 2828 1482 2870 senatu

421 2912 532 2976 legendo
549 2910 693 2974 praeteritus
712 2917 781 2968 crat,
809 2910 841 2958 de
866 2924 930 2957 saxo
949 2911 1024 2960 deiici
1043 2913 1131 2971 iussit3
1158 2914 1226 2975 quod
1244 2927 1277 2961 ne
1295 2914 1386 2972 lieret,
1415 2912 1483 2963 ceteri

422 3006 518 3056 tribuni
550 3003 634 3069 plebis
665 3001 762 3050 auxilio
795 2999 908 3072 fuerunt.
961 3002 1046 3063 Quum
1076 3005 1160 3055 Carbo
1193 3016 1224 3055 tr.
1258 3006 1293 3069 pl.
1327 3008 1481 3068 rogationem

421 3100 536 3155 tulisset,
566 3104 596 3145 ut
622 3096 733 3145 eundem
757 3095 887 3143 tribunum
912 3095 993 3159 plebi,
1024 3100 1143 3161 quotiens
1166 3097 1256 3157 vellet,
1286 3113 1377 3148 creare
1395 3100 1483 3147 liceret

420 3188 581 3252 rogationem
611 3189 664 3239 eius
686 3189 717 3239 P.
740 3188 876 3238 Africanus
904 3188 1053 3249 gravissima
1081 3191 1197 3239 oratione
1224 3191 1360 3248 dissuasit,
1389 3192 1415 3239 in
1439 3204 1482 3253 qus

421 3284 493 3353 dixit,
517 3281 558 3330 Ti.
580 3280 724 3330 Gracchum
755 3280 809 3328 iure
828 3294 922 3329 casum
942 3281 1030 3330 rideri.
1078 3280 1104 3331 G.
1130 3280 1263 3332 Gracchus
1291 3293 1384 3332 contra
1412 3282 1481 3334 suasit

420 3376 591 3437 rogationem.
611 3374 655 3422 sed
668 3375 755 3437 Scipio
774 3374 862 3422 tenuit.
897 3374 972 3421 Bella
984 3374 1050 3423 inter
1062 3374 1219 3423 Antiochum
1231 3374 1311 3439 Syria
1322 3384 1349 3425 et
1359 3377 1480 3426 Phraaten

419 3467 576 3516 Parthorum
607 3481 692 3529 regem
724 3473 796 3528 gesta
822 3479 870 3515 nec
900 3468 982 3529 magis
1013 3468 1104 3531 quieta
1131 3481 1172 3516 res
1197 3467 1304 3531 AEgypti
1334 3468 1479 3517 reseruntur.

419 3559 589 3619 Ptolemaeus,
620 3560 763 3621 Euergetes
791 3560 1000 3621 cognominatus,
1032 3560 1065 3608 ob
1093 3560 1196 3609 nimiam
1224 3560 1405 3610 crudelitatem
1436 3561 1479 3609 suis

419 3652 525 3710 invisus,
544 3652 649 3700 incensa
667 3666 682 3699 a
701 3651 797 3715 populo
816 3651 888 3713 regia
907 3651 972 3700 clam
994 3651 1095 3715 Cypron
1114 3652 1235 3716 profugit,
1260 3659 1286 3701 et
1304 3668 1386 3717 quum
1406 3650 1479 3702 sorori

421 3747 476 3794 eius
497 3743 646 3808 Cleopatras,
671 3759 761 3807 quam,
787 3744 840 3792 filia
864 3744 918 3793 eius
943 3738 1042 3807 virgine
1066 3759 1112 3809 per
1129 3745 1179 3794 vim
1200 3759 1346 3807 compressa
1365 3755 1442 3809 atque
1458 3744 1479 3790 iu

422 3837 610 3887 matrimonium
630 3837 714 3897 ducta,
739 3836 927 3899 repudiaverat,
954 3852 1058 3899 regnum
1078 3852 1093 3885 a
1111 3837 1206 3900 populo
1225 3836 1315 3885 datum
1335 3848 1416 3895 esset,
1446 3838 1478 3883 iu·

420 3929 507 3979 seusus
526 3928 614 3987 filium,
634 3944 710 3992 quem
729 3942 762 3976 ex
779 3928 824 3977 illa
842 3929 961 3985 habebat,
980 3929 1005 3977 in
1023 3928 1107 3993 (lypro
1125 3930 1220 3978 occidit
1239 3940 1367 3995 caputque
1388 3932 1440 3979 eius
1457 3936 1478 3975 et

420 4037 511 4072 manus
533 4034 558 4069 et
576 4021 655 4084 pedes
682 4020 757 4068 matri
783 4021 859 4069 misit.
910 4020 1055 4070 Seditioucs
1083 4036 1099 4069 a
1121 4022 1256 4070 triumviris
1276 4023 1370 4072 Fulvio
1388 4022 1476 4071 Flacco

420 4123 446 4164 et
464 4112 493 4163 0.
515 4114 632 4163 Graccho
650 4122 676 4161 et
695 4112 723 4162 (l.
743 4113 846 4176 Papirio
866 4112 984 4162 Carbone
1003 4128 1066 4177 agro
1084 4108 1220 4163 dividendo
1244 4116 1336 4163 creatis
1355 4115 1474 4164 excitata.

420 4206 505 4267 Quum
524 4208 554 4257 P.
572 4207 659 4271 Scipio
680 4204 815 4255 Africanus
834 4206 867 4254 eis
885 4206 1062 4255 adversaretur
1083 4206 1207 4270 fortisque
1233 4223 1264 4256 ac
1282 4207 1384 4256 validus
1401 4206 1474 4270 pridie

419 4301 523 4349 domum
543 4313 570 4349 se
588 4299 732 4363 recepisset,
750 4307 865 4348 mortuus
883 4298 909 4347 iu
928 4299 1045 4348 eubiculo
1064 4300 1182 4349 iuventus
1197 4308 1242 4349 est.
1281 4300 1408 4365 Suspecta
1422 4298 1472 4350 trit.
