3475 5084
433 499 451 554 8
707 496 785 546 Liber
802 495 873 546 xut
912 493 961 557 (A.
980 508 1005 542 u.
1025 507 1046 542 o.
1066 493 1142 558 577).

305 687 325 757 8
472 678 600 737 Comitia
630 678 733 738 deinde
764 681 875 738 habita.
947 678 1088 736 Consules
1122 677 1212 734 creati
1247 675 1280 734 O.
1313 674 1458 734 Claudius

218 790 368 841 Amostt.
388 785 526 854 Pulcher,
552 785 599 842 Ti.
623 785 812 861 Sempronius
841 784 1010 854 Gracchus,
1037 791 1066 841 et
1094 793 1213 858 postero
1241 781 1288 839 die
1315 790 1456 855 pretores

209 857 460 946 A’⁰¹¹¹'177‘fatrti
489 890 524 946 P.
544 889 643 947 AElius
670 892 790 948 Tubero
819 890 941 958 iterum,
971 887 1005 946 C.
1028 885 1179 960 Quinctius
1202 886 1397 956 Flamininus,
1419 883 1456 943 C.

388 993 556 1064 Numisius,
592 995 627 1055 L.
649 996 824 1066 Mummius,
857 993 911 1052 Cn.
937 992 1088 1051 Cornelius
1116 992 1231 1067 Scipio,
1263 990 1296 1052 C.
1317 991 1458 1049 Valerius

348 1092 536 1159 suavinus.
589 1099 738 1157 Tuberoni
770 1100 884 1184 urbana
915 1098 1092 1165 iurisdictio,
1132 1096 1268 1170 Quinctio
1300 1096 1458 1172 peregrina

390 1203 502 1272 evenit,
527 1204 663 1261 Numisio
693 1204 809 1274 Sicilia,
838 1203 981 1260 Mummio
1012 1203 1164 1271 Sardinia3
1192 1203 1244 1259 sed
1273 1221 1309 1258 ea
1334 1211 1458 1277 propter

349 1303 366 1359 3
390 1306 458 1363 belli
480 1309 704 1383 magnitudinem
728 1309 880 1383 provincia
901 1308 1061 1366 consularia
1083 1307 1178 1376 fecta;
1201 1305 1369 1383 [Gracchus
1390 1324 1458 1362 eam

389 1414 525 1483 sortitur,
553 1414 695 1470 Histriam
718 1410 886 1489 Claudius3]
919 1412 1018 1488 Scipio
1040 1421 1069 1470 et
1091 1413 1226 1470 Laevinus
1249 1410 1396 1480 Galliam,
1426 1409 1459 1466 in

350 1515 464 1576 lduas
487 1518 609 1574 divisam
632 1518 808 1593 provincias,
829 1516 924 1574 sortiti
947 1525 1022 1572 sunt.
1056 1518 1158 1575 Idibus
1179 1516 1305 1586 Martiis,
1328 1527 1385 1590 quo
1409 1517 1459 1574 die

390 1623 581 1697 Sempronius
602 1620 800 1696 Claudiusque
828 1622 1010 1680 consulatum
1038 1623 1181 1692 inierunt,
1202 1607 1319 1681 ¹mentio
1343 1633 1457 1680 tantum

391 1728 428 1785 de
454 1728 612 1804 provinciis
634 1727 771 1785 Sardinia
791 1727 962 1800 Histriaque
993 1737 1021 1785 et
1053 1728 1202 1802 utriusque
1230 1728 1362 1785 hostibus
1391 1727 1459 1798 fuit,

351 1831 368 1884 5
392 1833 442 1906 qui
459 1835 489 1889 iu
510 1833 556 1890 his
577 1833 733 1908 provinciis
762 1832 868 1889 bellum
899 1833 1099 1891 concivissent.
1151 1835 1275 1890 Postero
1298 1833 1346 1889 die
1366 1832 1459 1908 legati

391 1937 563 2008 Sardorum,
582 1938 632 2012 qui
653 1939 691 1996 ad
713 1956 806 1994 novos
828 1938 1015 2012 magistratus
1038 1938 1119 1994 dilati
1141 1949 1237 2006 erant,
1260 1948 1286 1994 st
1307 1939 1343 1994 L.
1359 1938 1459 1994 Miuu-

390 2041 452 2099 cius
467 2043 623 2111 Thermus,
644 2044 694 2117 qui
715 2045 829 2118 legatus
850 2043 944 2100 Manli
966 2043 1091 2100 consulis
1112 2043 1141 2100 in
1163 2043 1277 2100 Histria
1298 2042 1404 2114 fuerat,
1427 2044 1458 2102 iu

391 2157 524 2204 senatum
546 2148 634 2205 venit.
670 2149 720 2206 Ab
741 2149 786 2205 his
808 2148 928 2204 edoctus
951 2156 995 2204 est
1013 2159 1140 2218 senatus,
1163 2158 1301 2221 quantum
1326 2147 1394 2204 belli
1416 2167 1459 2206 ess

352 2252 550 2328 dprovinciae
570 2254 719 2313 habereut.
761 2254 919 2310 Moverunt
947 2263 1077 2310 senatum
1107 2262 1135 2308 e't
1162 2252 1322 2326 legationes
1344 2254 1457 2312 socium

392 2359 517 2414 nominis
540 2358 651 2426 Latini,
679 2377 743 2433 quae
764 2368 793 2414 ot
815 2375 950 2414 censores
972 2367 1000 2414 et
1021 2357 1133 2433 priores
1149 2353 1288 2414 'consules
1312 2356 1457 2432 fatigave-

354 2471 370 2524 7
393 2475 469 2532 rant,
491 2464 607 2520 tandem
629 2463 660 2518 in
677 2471 809 2518 senatum
827 2462 1008 2520 introducta.
1047 2462 1169 2522 Summa
1187 2461 1369 2536 querelarum
1388 2476 1462 2538 erat,

393 2567 471 2624 cives
492 2587 563 2625 suos
579 2570 681 2626 Romae
697 2586 801 2624 censos
818 2569 974 2643 plerosque
990 2569 1114 2626 Romam
1136 2568 1356 2641 commigrasse;
1381 2572 1461 2643 quod

393 2672 418 2728 si
445 2673 642 2746 permittatur,
671 2673 824 2747 perpaucis
853 2671 951 2728 lustris
972 2671 1116 2741 futurum,
1145 2681 1177 2728 ut
1205 2672 1320 2730 deserta
1342 2675 1462 2749 oppida,

354 2780 371 2835 8
394 2775 500 2832 deserti
522 2777 585 2850 agri
613 2775 722 2832 nullum
752 2775 870 2832 militem
900 2775 971 2832 dare
995 2775 1117 2850 possint.
1167 2777 1318 2852 Fregellas
1341 2797 1463 2854 quoque

394 2880 480 2937 milia·
505 2881 551 2937 IV
582 2881 758 2940 familiarum
796 2880 935 2938 transisse
976 2880 1013 2936 ab
1052 2897 1099 2950 se,
1143 2880 1288 2939 Samnites
1328 2884 1462 2960 Peligni-

394 3001 451 3056 que
476 2985 687 3057 querebantur,
708 3005 801 3059 neque
822 3004 858 3043 eo
880 2983 974 3040 miuus
997 2993 1047 3040 aut
1067 2987 1121 3043 hos
1144 2995 1194 3043 aut
1214 2987 1280 3042 illos
1301 2987 1330 3044 in
1354 2989 1463 3050 dilectu

353 3095 371 3149 9
395 3088 516 3145 militum
544 3091 623 3147 dare.
679 3089 798 3149 Genera
826 3100 923 3146 autem
952 3086 1064 3146 fraudis
1091 3091 1148 3147 duo
1181 3093 1326 3150 mutandae
1352 3095 1462 3153 viritim

394 3193 520 3251 civitatis
541 3195 659 3253 inducta
680 3204 772 3254 erant.
826 3193 890 3250 Lex
912 3193 997 3250 sociis
1021 3190 1085 3270 [ec]
1115 3195 1238 3252 nominis
1267 3198 1381 3270 Latini,
1411 3199 1463 3273 qui

395 3299 515 3374 stirpam
543 3319 580 3358 ex
609 3319 673 3358 sese
696 3299 776 3357 domi
803 3299 1014 3372 relinquerent,
1046 3297 1152 3367 dabat,
1183 3308 1214 3356 ut
1237 3299 1315 3358 cives
1334 3303 1463 3362 Romani

395 3404 506 3461 fierent.
551 3406 597 3464 Ea
618 3405 683 3480 lege
704 3406 781 3462 male
803 3404 910 3461 utendo
933 3403 982 3459 alii
1004 3403 1101 3474 sociis,
1123 3402 1173 3460 alii
1194 3406 1303 3480 populo
1325 3407 1461 3466 Romano

337 3516 372 3570 10
394 3507 528 3565 iniuriam
551 3509 706 3568 faciebant.
758 3509 837 3566 Nam
860 3519 906 3579 et,
934 3528 971 3565 na
999 3508 1118 3582 stirpem
1150 3509 1229 3566 domi
1256 3509 1462 3584 relinquerent,

368 3670 370 3675 ,
394 3612 503 3670 liberos
532 3632 601 3671 suos
629 3613 840 3688 quibusquibus
862 3611 1003 3671 Romanis
1032 3611 1062 3668 in
1092 3631 1155 3669 eam
1188 3613 1401 3687 condicionem,
1430 3627 1463 3676 ut

396 3718 682 3789 manumitterentur,
708 3719 853 3794 mancipio
883 3718 1008 3787 dabant,
1038 3716 1221 3791 libertinique
1248 3718 1326 3777 cives
1356 3730 1463 3789 esseut,

396 3830 434 3892 et,
456 3823 560 3896 quibus
580 3823 685 3898 stirpes
705 3824 827 3894 deesset,
849 3841 937 3897 quam
952 3821 1157 3896 relinquerent,
1179 3833 1211 3879 ut
1232 3825 1279 3859 *⁴*
1301 3824 1378 3882 cives
1400 3825 1462 3884 Ro·

396 4005 705 4066 v111,1‚sT.Fr0aII
725 4005 1023 4056 3FlaminiusFrobJI.
1056 4003 1112 4054 tC.
1125 4005 1265 4054 Mummius
1278 4003 1361 4070 Sigon.
1399 4006 1459 4064 3,l

403 4093 483 4144 Verba
497 4093 563 4142 uncis
581 4092 673 4142 incluso
692 4091 905 4144 damnavullrat.
961 4091 986 4152 5,
1001 4098 1106 4150 2erant,
1126 4093 1156 4142 L.
1170 4091 1232 4140 Min.
1248 4089 1353 4142 Clericus
1399 4092 1460 4154 6,2

396 4180 573 4243 taugaverunt
594 4179 668 4230 Grou.
715 4178 972 4243 asponensium.
1016 4178 1041 4238 8,
1060 4184 1076 4227 3
1095 4179 1122 4226 in
1141 4179 1269 4228 delectum
1287 4177 1356 4228 Dat.
1400 4178 1461 4239 9,2

398 4281 430 4316 ae
448 4268 539 4316 notauit
556 4266 639 4316 Drok.
677 4266 725 4328 10,
746 4272 761 4314 4
781 4276 810 4315 ut
827 4267 896 4316 cives
916 4265 1044 4314 Lacunam
1062 4262 1180 4314 indicavit
1200 4262 1268 4314 Creu.
