3475 5084
447 509 486 564 20
725 501 804 552 Liber
820 502 891 552 XLI.
929 502 976 566 (Δ.
996 517 1021 552 u.
1041 517 1063 551 c.
1084 501 1157 561 sta.)

405 687 514 762 copiis,
535 689 704 761 priusquam
724 688 978 762 congrederentur,
999 686 1191 745 communiter
1214 685 1303 742 ambo
1328 683 1485 740 exercitus

403 792 609 849 lustraverunt.
668 794 744 850 Tum
778 793 887 861 sortiti,
921 791 990 865 quia
1016 810 1074 848 non
1109 791 1146 846 ab
1180 789 1282 847 eadem
1319 797 1485 862 utrumque

364 906 383 963 8
404 907 489 972 parte
510 897 630 971 adgredi
650 898 762 954 bostem
785 898 939 972 placebat,
960 896 1102 970 regiones,
1124 912 1198 968 quas
1219 902 1362 969 peterent.
1413 893 1483 949 Va·

404 1001 506 1059 lerium
529 1001 680 1076 auspicato
697 1001 830 1057 sortitum
853 1001 1026 1070 constabat,
1058 1000 1135 1073 quod
1164 1000 1193 1056 in
1223 998 1333 1074 templo
1356 997 1484 1068 fuisset3

404 1105 435 1162 in
458 1107 564 1163 Petilio
585 1106 615 1162 id
640 1105 702 1162 vitii
723 1105 849 1175 factum,
871 1115 974 1179 postea
996 1122 1120 1178 augures
1139 1104 1364 1178 responderunt,
1387 1103 1483 1176 quod,

407 1206 506 1284 [extra
527 1207 681 1286 templum]
704 1221 783 1265 sorte
802 1209 832 1265 in
854 1209 949 1265 sitella
969 1209 998 1264 in
1015 1208 1151 1282 templum
1164 1208 1225 1264 lata
1244 1207 1327 1274 foris,
1348 1203 1445 1282 ipse*
1464 1202 1484 1236 *

365 1324 383 1378 9
407 1323 564 1386 oporteret.
610 1312 741 1370 Profecti
764 1313 832 1369 inde
859 1315 889 1370 in
919 1313 1050 1369 diverses
1077 1312 1220 1386 regiones.
1267 1313 1395 1370 Petilius
1425 1314 1483 1369 ad-

405 1435 508 1474 versus
529 1417 659 1474 Ballistae
692 1428 721 1474 et
748 1417 812 1474 Leti
840 1418 956 1491 iugum,
992 1417 1071 1490 quod
1106 1434 1157 1472 eos
1189 1427 1302 1473 montes
1331 1427 1484 1492 perpetuo

346 1534 383 1588 10
406 1522 494 1578 dorso
518 1523 593 1578 inter
613 1540 645 1578 se
665 1522 775 1596 iungit,
811 1535 908 1579 castra
929 1521 1039 1578 habuit.
1098 1521 1145 1578 lbi
1174 1522 1381 1578 adhortantem
1411 1540 1483 1579 eum

406 1644 460 1701 pro
475 1626 617 1682 contione
637 1627 750 1696 milites,
771 1627 959 1684 inmemorem
981 1626 1178 1700 ambiguitatis
1198 1625 1290 1694 verbi,
1313 1627 1482 1682 ominatum

346 1745 378 1798 11
405 1729 516 1798 ferunt,
538 1749 571 1786 se
592 1750 627 1788 eo
651 1732 698 1788 die
719 1733 822 1788 Letum
852 1741 1002 1807 capturum
1026 1747 1098 1787 esse.
1147 1731 1271 1786 Duabus
1295 1730 1384 1786 simul
1407 1750 1484 1805 par-

406 1834 484 1890 tibus
505 1835 602 1890 subire
623 1836 653 1891 in
675 1836 816 1892 adversos
838 1849 950 1893 montes
972 1835 1067 1911 coepit.
1110 1836 1157 1893 Ea
1178 1853 1257 1910 pars,
1277 1834 1318 1890 in·
1331 1852 1392 1908 qua
1415 1835 1484 1910 ipse

407 1950 484 2002 erat,
515 1940 629 2013 inpigre
657 1941 840 1997 succedebat.
899 1940 1032 1998 Alteram
1061 1941 1159 1996 hostes
1181 1958 1245 1996 cum
1269 1940 1484 2014 propulissent,

406 2052 439 2098 ut
459 2044 624 2100 restitueret
645 2064 706 2100 rem
727 2045 904 2115 inclinatam,
927 2044 1027 2122 consul
1049 2063 1124 2118 equo
1147 2044 1295 2111 advectus,
1317 2062 1390 2100 suos
1414 2045 1483 2118 qui·

407 2147 472 2202 dem
500 2166 518 2204 a
542 2148 615 2223 iuga
642 2150 804 2217 revocavit3
839 2153 916 2224 ipse,
950 2149 1016 2204 dum
1045 2149 1188 2205 incautius
1215 2157 1283 2204 ante
1311 2149 1400 2220 signa
1423 2151 1483 2206 ob-

347 2263 383 2318 12
406 2263 549 2322 versatur,
571 2254 672 2310 missili
693 2255 830 2311 traiectus
851 2254 963 2313 cecidit.
1012 2253 1076 2337 Nec
1097 2252 1196 2309 hostes
1218 2253 1320 2308 ducem
1345 2253 1482 2310 occisum

407 2367 574 2429 senserunt,
609 2369 638 2415 et
658 2377 776 2415 suorum
798 2359 902 2434 pauci,
935 2359 985 2432 qui
1006 2358 1148 2425 viderunt,
1178 2357 1256 2414 haud
1277 2357 1483 2432 neglegenter,

348 2471 384 2528 13
408 2473 439 2518 ut
463 2463 562 2536 quiin
584 2483 619 2520 eo
638 2463 789 2519 victoriam
812 2464 887 2520 verti
909 2465 1023 2532 scirent,
1046 2481 1152 2537 corpus
1174 2463 1371 2521 occultavere.
1407 2464 1485 2521 Alia

406 2565 560 2622 multitudo
591 2568 720 2640 peditum
754 2570 956 2642 equitumque,
989 2567 1149 2624 deturbatis
1176 2567 1325 2638 hostibus,
1363 2578 1486 2626 montes

405 2668 467 2724 sine
501 2670 573 2726 duce
607 2690 719 2745 cepere.
782 2673 832 2729 Ad
864 2673 894 2728 V
923 2673 1001 2728 milia
1032 2673 1172 2746 Ligurum
1210 2673 1321 2740 occisa;
1354 2691 1394 2728 ex
1418 2675 1485 2730 Ro-

347 2776 384 2828 14
407 2791 494 2828 mano
531 2776 658 2831 exercitu
687 2777 745 2832 duo
774 2787 803 2832 et
831 2777 1042 2851 quinquaginta
1072 2777 1247 2833 ceciderunt.
1294 2777 1394 2852 Super
1416 2789 1483 2837 tam

406 2878 568 2935 evidentem
590 2880 680 2937 tristis
702 2881 806 2938 ominis
828 2892 982 2950 eventum,
1015 2882 1102 2938 etiam
1133 2901 1169 2938 ex
1194 2881 1320 2955 pullario
1343 2883 1483 2941 auditum

404 3132 637 3142 ...—-.-.-...--

406 3314 430 3372 7,
450 3321 465 3362 2
490 3315 571 3378 copiis
595 3329 671 3377 quam
691 3313 907 3372 congrederentur
920 3309 1075 3359 Probabiliur
1092 3319 1127 3357 eat
1141 3311 1222 3374 fuisse
1245 3312 1396 3375 priusquam
1418 3330 1481 3364 oum

404 3401 479 3449 hoste
501 3403 718 3461 congrederentur
737 3414 817 3460 quatra
839 3395 951 3446 utFrob.
967 3395 1005 3452 11,
1026 3397 1173 3459 priusquam
1198 3397 1296 3458 digrcd.
1344 3405 1360 3446 3
1385 3403 1482 3450 utrim-

405 3502 455 3548 que
502 3487 528 3540 8.
547 3493 563 3534 3
582 3487 645 3533 uitio
675 3482 729 3546 Mp.
749 3481 805 3531 Em.
825 3480 922 3532 50221.
971 3482 1085 3531 tUncos
1106 3481 1167 3530 add.
1189 3481 1244 3546 My.
1265 3483 1321 3533 Em.
1342 3483 1404 3534 502
1426 3503 1451 3536 n.
1476 3486 1480 3550 Ι

405 3582 498 3622 sortem
517 3574 543 3620 in
556 3572 665 3620 sitellam
682 3570 686 3626 Ι
701 3569 781 3616 latam
790 3566 844 3630 My.
857 3565 916 3624 ted,
935 3568 978 3630 qui
992 3578 1048 3630 post
1062 3568 1145 3618 Weiss.
1165 3565 1275 3616 lacunam
1295 3571 1397 3620 notavit.
1436 3571 1481 3622 Vi-

406 3657 492 3707 dentur
514 3655 630 3705 excidisse
654 3651 790 3703 huiusmodi
815 3651 940 3715 quedam:
968 3655 1113 3712 mansisset,
1146 3668 1201 3700 cum
1226 3656 1349 3718 templum
1375 3658 1482 3718 ingredi

406 3754 433 3792 et
449 3747 542 3805 ipsum,
562 3740 710 3790 arsilirias
726 3738 834 3801 scripsit:
852 3737 916 3793 {ciris
935 3740 988 3802 ipse
1007 3749 1128 3802 oppertus
1150 3747 1225 3788 esset.
1265 3739 1357 3805 (Grpe.
1378 3754 1481 3793 sortem

404 3832 431 3878 in
451 3829 559 3877 sitellam
578 3828 605 3874 in
624 3835 642 3874 t.
661 3826 739 3873 latum
759 3823 820 3872 iotis
838 3824 892 3886 ipse
906 3826 1029 3887 posuerit.
1050 3825 1177 3886 Profecti)
1206 3825 1230 3884 9,
1251 3831 1258 3874 1
1281 3827 1391 3889 proiecti
1414 3832 1481 3882 inin

406 3917 520 3963 diversas
534 3920 548 3960 2
560 3911 751 3960 ballistasetlaeti
764 3905 768 3971 Ι
779 3911 847 3970 quod
857 3912 1004 3958 obscuratum
1017 3906 1059 3971 Ιεο
1078 3911 1119 3964 10.
1134 3917 1148 3958 2
1160 3913 1313 3959 somniatum
1334 3919 1350 3962 3
1370 3896 1448 3967 sedeo
1474 3916 1479 3981 Ι

404 4004 490 4050 latum
510 3999 636 4048 iacturum
673 3997 716 4056 11,
737 3977 837 4059 tipsde
884 4002 899 4044 4
928 3997 1029 4057 quidem
1050 3999 1125 4045 etiam
1145 3996 1215 4058 fuga.
1253 3996 1322 4046 Num
1342 4004 1433 4052 media
1451 4006 1481 4054 in

405 4088 484 4148 fugai
512 4086 645 4133 dracidit
679 4083 722 4139 12,
743 4089 757 4131 2
777 4083 941 4144 neclegenter
982 4081 1025 4141 13,
1045 4088 1060 4130 2
1080 4083 1173 4131 montis
1208 4084 1403 4136 tcaeciderunt
1434 4089 1479 4150 14,

406 4182 421 4223 2
440 4173 552 4222 bominis
568 4173 572 4233 Ι
588 4172 732 4219 auditumse
748 4169 838 4217 uitium
