<?xml version="1.0" encoding="UTF-8"?>
<!DOCTYPE html PUBLIC "-//W3C//DTD XHTML 1.0 Transitional//EN"
    "http://www.w3.org/TR/xhtml1/DTD/xhtml1-transitional.dtd">
<html xmlns="http://www.w3.org/1999/xhtml" xml:lang="en" lang="en">
 <head>
  <title>
</title>
<meta http-equiv="Content-Type" content="text/html;charset=utf-8" />
  <meta name='ocr-system' content='tesseract 3.04.00' />
  <meta name='ocr-capabilities' content='ocr_page ocr_carea ocr_par ocr_line ocrx_word'/>
</head>
<body>
  <div class='ocr_page' id='page_1' title='image "./titiliviihistor02ussigoog_0272.png"; bbox 0 0 3475 5084; ppageno 0'>
   <div class='ocr_carea' id='block_1_1' title="bbox 478 522 1178 588">
    <p class='ocr_par' dir='ltr' id='par_1_1' title="bbox 478 522 1178 588">
     <span class='ocr_line' id='line_1_1' title="bbox 478 522 1178 588; baseline -0.02 -4"><span class='ocrx_word' id='word_1_1' title='bbox 478 528 539 584; x_wconf 76' lang='lat'><strong>242</strong></span> <span class='ocrx_word' id='word_1_2' title='bbox 750 524 829 574; x_wconf 81' lang='lat' dir='ltr'><strong>Liber</strong></span> <span class='ocrx_word' id='word_1_3' title='bbox 845 523 929 575; x_wconf 83' lang='lat' dir='ltr'><strong>XLV.</strong></span> <span class='ocrx_word' id='word_1_4' title='bbox 968 524 1014 588; x_wconf 82' lang='grc' dir='ltr'><strong>(Α.</strong></span> <span class='ocrx_word' id='word_1_5' title='bbox 1028 538 1053 573; x_wconf 89' lang='lat' dir='ltr'><strong>u.</strong></span> <span class='ocrx_word' id='word_1_6' title='bbox 1068 537 1091 573; x_wconf 88' lang='lat' dir='ltr'><strong>o.</strong></span> <span class='ocrx_word' id='word_1_7' title='bbox 1106 522 1178 585; x_wconf 78' lang='grc'>587.)</span> 
     </span>
    </p>
   </div>
   <div class='ocr_carea' id='block_1_2' title="bbox 354 704 1511 3095">
    <p class='ocr_par' dir='ltr' id='par_1_2' title="bbox 379 704 1493 1189">
     <span class='ocr_line' id='line_1_2' title="bbox 379 704 1485 784; baseline -0.003 -19"><span class='ocrx_word' id='word_1_8' title='bbox 379 709 414 765; x_wconf 81' lang='grc'><strong>13</strong></span> <span class='ocrx_word' id='word_1_9' title='bbox 436 708 576 784; x_wconf 90' lang='lat' dir='ltr'><strong>populum</strong></span> <span class='ocrx_word' id='word_1_10' title='bbox 600 717 710 784; x_wconf 83' lang='lat' dir='ltr'><strong>posset.</strong></span> <span class='ocrx_word' id='word_1_11' title='bbox 766 707 860 765; x_wconf 87' lang='lat' dir='ltr'><strong>Missa</strong></span> <span class='ocrx_word' id='word_1_12' title='bbox 880 707 969 783; x_wconf 80' lang='lat' dir='ltr'><strong>igitur</strong></span> <span class='ocrx_word' id='word_1_13' title='bbox 989 706 1145 777; x_wconf 88' lang='lat' dir='ltr'><strong>iuventute,</strong></span> <span class='ocrx_word' id='word_1_14' title='bbox 1167 724 1293 781; x_wconf 90' lang='lat' dir='ltr'><strong>propere</strong></span> <span class='ocrx_word' id='word_1_15' title='bbox 1313 716 1341 762; x_wconf 90' lang='lat' dir='ltr'><strong>et</strong></span> <span class='ocrx_word' id='word_1_16' title='bbox 1362 704 1485 775; x_wconf 80' lang='lat' dir='ltr'><strong>Caunios,</strong></span> 
     </span>
     <span class='ocr_line' id='line_1_3' title="bbox 437 808 1487 889; baseline -0.007 -17"><span class='ocrx_word' id='word_1_17' title='bbox 437 833 616 889; x_wconf 85' lang='lat' dir='ltr'><strong>quamquam</strong></span> <span class='ocrx_word' id='word_1_18' title='bbox 643 812 849 889; x_wconf 72' lang='lat' dir='ltr'><strong>Cibyratarum</strong></span> <span class='ocrx_word' id='word_1_19' title='bbox 872 812 1037 871; x_wconf 85' lang='lat' dir='ltr'><strong>asciverant</strong></span> <span class='ocrx_word' id='word_1_20' title='bbox 1057 811 1176 881; x_wconf 84' lang='lat' dir='ltr'><strong>auxilia,</strong></span> <span class='ocrx_word' id='word_1_21' title='bbox 1204 819 1361 886; x_wconf 88' lang='lat' dir='ltr'><strong>coegerunt</strong></span> <span class='ocrx_word' id='word_1_22' title='bbox 1379 808 1487 885; x_wconf 90' lang='lat' dir='ltr'><strong>imperio</strong></span> 
     </span>
     <span class='ocr_line' id='line_1_4' title="bbox 437 913 1490 998; baseline -0.008 -22"><span class='ocrx_word' id='word_1_23' title='bbox 437 938 540 995; x_wconf 88' lang='lat' dir='ltr'><strong>parere</strong></span> <span class='ocrx_word' id='word_1_24' title='bbox 580 928 609 976; x_wconf 86' lang='lat' dir='ltr'><strong>et</strong></span> <span class='ocrx_word' id='word_1_25' title='bbox 635 919 829 998; x_wconf 15' lang='lat' dir='ltr'><strong>‘Mylasenses</strong></span> <span class='ocrx_word' id='word_1_26' title='bbox 861 917 1161 991; x_wconf 84' lang='lat' dir='ltr'><strong>Alabandensesque,</strong></span> <span class='ocrx_word' id='word_1_27' title='bbox 1196 916 1247 991; x_wconf 89' lang='lat' dir='ltr'><strong>qui</strong></span> <span class='ocrx_word' id='word_1_28' title='bbox 1281 913 1490 973; x_wconf 76' lang='lat' dir='ltr'><strong>Euromensium</strong></span> 
     </span>
     <span class='ocr_line' id='line_1_5' title="bbox 437 1017 1493 1100; baseline -0.007 -19"><span class='ocrx_word' id='word_1_29' title='bbox 437 1024 619 1100; x_wconf 84' lang='lat' dir='ltr'><strong>provinciam</strong></span> <span class='ocrx_word' id='word_1_30' title='bbox 636 1024 804 1100; x_wconf 88' lang='lat' dir='ltr'><strong>ademptum</strong></span> <span class='ocrx_word' id='word_1_31' title='bbox 820 1031 849 1081; x_wconf 92' lang='lat' dir='ltr'><strong>et</strong></span> <span class='ocrx_word' id='word_1_32' title='bbox 862 1022 920 1097; x_wconf 91' lang='lat' dir='ltr'><strong>ipsi</strong></span> <span class='ocrx_word' id='word_1_33' title='bbox 934 1022 1087 1081; x_wconf 85' lang='lat' dir='ltr'><strong>coniuncto</strong></span> <span class='ocrx_word' id='word_1_34' title='bbox 1109 1022 1237 1081; x_wconf 84' lang='lat' dir='ltr'><strong>exercitu</strong></span> <span class='ocrx_word' id='word_1_35' title='bbox 1258 1028 1405 1095; x_wconf 70' lang='lat' dir='ltr'><strong>renuant,</strong></span> <span class='ocrx_word' id='word_1_36' title='bbox 1424 1017 1493 1075; x_wconf 88' lang='lat' dir='ltr'><strong>circa</strong></span> 
     </span>
     <span class='ocr_line' id='line_1_6' title="bbox 438 1128 860 1189; baseline -0.012 0"><span class='ocrx_word' id='word_1_37' title='bbox 438 1129 608 1189; x_wconf 72' lang='lat' dir='ltr'><strong>Orthosiam</strong></span> <span class='ocrx_word' id='word_1_38' title='bbox 633 1129 696 1187; x_wconf 86' lang='lat' dir='ltr'><strong>acie</strong></span> <span class='ocrx_word' id='word_1_39' title='bbox 718 1128 860 1186; x_wconf 85' lang='lat' dir='ltr'><strong>vicerunt.</strong></span> 
     </span>
    </p>

    <p class='ocr_par' dir='ltr' id='par_1_3' title="bbox 354 1226 1498 1414">
     <span class='ocr_line' id='line_1_7' title="bbox 354 1226 1498 1303; baseline -0.011 -8"><span class='ocrx_word' id='word_1_40' title='bbox 354 1226 395 1295; x_wconf 76' lang='grc'><strong>26</strong></span> <span class='ocrx_word' id='word_1_41' title='bbox 523 1236 602 1291; x_wconf 91' lang='lat' dir='ltr'><strong>Dum</strong></span> <span class='ocrx_word' id='word_1_42' title='bbox 624 1236 687 1291; x_wconf 78' lang='lat' dir='ltr'><strong>hrec</strong></span> <span class='ocrx_word' id='word_1_43' title='bbox 709 1233 760 1300; x_wconf 86' lang='lat' dir='ltr'><strong>ihi,</strong></span> <span class='ocrx_word' id='word_1_44' title='bbox 796 1233 856 1289; x_wconf 86' lang='lat' dir='ltr'><strong>ulia</strong></span> <span class='ocrx_word' id='word_1_45' title='bbox 877 1231 906 1289; x_wconf 92' lang='lat' dir='ltr'><strong>in</strong></span> <span class='ocrx_word' id='word_1_46' title='bbox 928 1231 1118 1300; x_wconf 82' lang='lat' dir='ltr'><strong>Macedonis,</strong></span> <span class='ocrx_word' id='word_1_47' title='bbox 1154 1230 1212 1289; x_wconf 84' lang='lat' dir='ltr'><strong>elia</strong></span> <span class='ocrx_word' id='word_1_48' title='bbox 1234 1232 1339 1287; x_wconf 75' lang='lat' dir='ltr'><strong>Romus</strong></span> <span class='ocrx_word' id='word_1_49' title='bbox 1359 1236 1498 1303; x_wconf 84' lang='lat' dir='ltr'><strong>geruntur,</strong></span> 
     </span>
     <span class='ocr_line' id='line_1_8' title="bbox 437 1332 1497 1414; baseline -0.007 -19"><span class='ocrx_word' id='word_1_50' title='bbox 437 1339 551 1397; x_wconf 88' lang='lat' dir='ltr'><strong>interim</strong></span> <span class='ocrx_word' id='word_1_51' title='bbox 575 1340 604 1394; x_wconf 83' lang='lat' dir='ltr'><strong>in</strong></span> <span class='ocrx_word' id='word_1_52' title='bbox 626 1338 744 1414; x_wconf 87' lang='lat' dir='ltr'><strong>Illyrico</strong></span> <span class='ocrx_word' id='word_1_53' title='bbox 768 1338 803 1397; x_wconf 87' lang='lat' dir='ltr'><strong>L.</strong></span> <span class='ocrx_word' id='word_1_54' title='bbox 818 1336 951 1408; x_wconf 86' lang='lat' dir='ltr'><strong>Anicius,</strong></span> <span class='ocrx_word' id='word_1_55' title='bbox 973 1355 1042 1411; x_wconf 87' lang='lat' dir='ltr'><strong>rege</strong></span> <span class='ocrx_word' id='word_1_56' title='bbox 1063 1335 1188 1404; x_wconf 86' lang='lat' dir='ltr'><strong>Gentio,</strong></span> <span class='ocrx_word' id='word_1_57' title='bbox 1209 1335 1284 1391; x_wconf 90' lang='lat' dir='ltr'><strong>sicut</strong></span> <span class='ocrx_word' id='word_1_58' title='bbox 1308 1332 1497 1391; x_wconf 88' lang='lat' dir='ltr'><strong>antedictum</strong></span> 
     </span>
    </p>

    <p class='ocr_par' dir='ltr' id='par_1_4' title="bbox 400 1438 1500 1625">
     <span class='ocr_line' id='line_1_9' title="bbox 400 1438 1500 1519; baseline -0.008 -18"><span class='ocrx_word' id='word_1_59' title='bbox 400 1446 417 1501; x_wconf 82' lang='lat'>2</span> <span class='ocrx_word' id='word_1_60' title='bbox 441 1453 503 1513; x_wconf 89' lang='lat' dir='ltr'><strong>est,</strong></span> <span class='ocrx_word' id='word_1_61' title='bbox 526 1444 556 1501; x_wconf 92' lang='lat' dir='ltr'><strong>in</strong></span> <span class='ocrx_word' id='word_1_62' title='bbox 579 1452 754 1519; x_wconf 82' lang='lat' dir='ltr'><strong>potestatem</strong></span> <span class='ocrx_word' id='word_1_63' title='bbox 775 1443 912 1513; x_wconf 84' lang='lat' dir='ltr'><strong>redacto,</strong></span> <span class='ocrx_word' id='word_1_64' title='bbox 939 1441 1066 1513; x_wconf 81' lang='lat' dir='ltr'><strong>Scodrae,</strong></span> <span class='ocrx_word' id='word_1_65' title='bbox 1101 1459 1166 1515; x_wconf 82' lang='lat' dir='ltr'><strong>quae</strong></span> <span class='ocrx_word' id='word_1_66' title='bbox 1186 1440 1269 1515; x_wconf 85' lang='lat' dir='ltr'><strong>regia</strong></span> <span class='ocrx_word' id='word_1_67' title='bbox 1290 1438 1398 1508; x_wconf 82' lang='lat' dir='ltr'><strong>luerat,</strong></span> <span class='ocrx_word' id='word_1_68' title='bbox 1431 1453 1500 1511; x_wconf 83' lang='lat' dir='ltr'><strong>pra-</strong></span> 
     </span>
     <span class='ocr_line' id='line_1_10' title="bbox 439 1542 1500 1625; baseline -0.01 -18"><span class='ocrx_word' id='word_1_69' title='bbox 439 1550 514 1607; x_wconf 90' lang='lat' dir='ltr'><strong>sidio</strong></span> <span class='ocrx_word' id='word_1_70' title='bbox 536 1549 663 1625; x_wconf 90' lang='lat' dir='ltr'><strong>inposito</strong></span> <span class='ocrx_word' id='word_1_71' title='bbox 686 1546 847 1607; x_wconf 86' lang='lat' dir='ltr'><strong>Gabinium</strong></span> <span class='ocrx_word' id='word_1_72' title='bbox 870 1545 1009 1622; x_wconf 74' lang='lat' dir='ltr'><strong>praefecit,</strong></span> <span class='ocrx_word' id='word_1_73' title='bbox 1030 1546 1155 1605; x_wconf 86' lang='lat' dir='ltr'><strong>Rhizoni</strong></span> <span class='ocrx_word' id='word_1_74' title='bbox 1179 1554 1209 1601; x_wconf 92' lang='lat' dir='ltr'><strong>et</strong></span> <span class='ocrx_word' id='word_1_75' title='bbox 1231 1543 1366 1613; x_wconf 82' lang='lat' dir='ltr'><strong>Olcinio,</strong></span> <span class='ocrx_word' id='word_1_76' title='bbox 1389 1542 1500 1599; x_wconf 89' lang='lat' dir='ltr'><strong>urbibus</strong></span> 
     </span>
    </p>

    <p class='ocr_par' dir='ltr' id='par_1_5' title="bbox 399 1647 1503 1833">
     <span class='ocr_line' id='line_1_11' title="bbox 399 1647 1502 1731; baseline -0.01 -17"><span class='ocrx_word' id='word_1_77' title='bbox 399 1657 416 1713; x_wconf 83' lang='lat'><strong>3</strong></span> <span class='ocrx_word' id='word_1_78' title='bbox 440 1654 621 1731; x_wconf 72' lang='lat' dir='ltr'><strong>opportunis,</strong></span> <span class='ocrx_word' id='word_1_79' title='bbox 642 1652 677 1711; x_wconf 82' lang='lat' dir='ltr'><strong>C.</strong></span> <span class='ocrx_word' id='word_1_80' title='bbox 700 1651 853 1709; x_wconf 87' lang='lat' dir='ltr'><strong>Licinium.</strong></span> <span class='ocrx_word' id='word_1_81' title='bbox 897 1652 1067 1727; x_wconf 80' lang='lat' dir='ltr'><strong>Praepositis</strong></span> <span class='ocrx_word' id='word_1_82' title='bbox 1087 1651 1133 1709; x_wconf 86' lang='lat' dir='ltr'><strong>his</strong></span> <span class='ocrx_word' id='word_1_83' title='bbox 1154 1650 1292 1725; x_wconf 84' lang='lat' dir='ltr'><strong>Illyrico,</strong></span> <span class='ocrx_word' id='word_1_84' title='bbox 1313 1668 1376 1707; x_wconf 86' lang='lat' dir='ltr'><strong>cum</strong></span> <span class='ocrx_word' id='word_1_85' title='bbox 1397 1647 1502 1720; x_wconf 88' lang='lat' dir='ltr'><strong>reliquo</strong></span> 
     </span>
     <span class='ocr_line' id='line_1_12' title="bbox 439 1752 1503 1833; baseline -0.01 -15"><span class='ocrx_word' id='word_1_86' title='bbox 439 1759 567 1819; x_wconf 82' lang='lat' dir='ltr'><strong>exercitu</strong></span> <span class='ocrx_word' id='word_1_87' title='bbox 590 1760 620 1817; x_wconf 91' lang='lat' dir='ltr'><strong>in</strong></span> <span class='ocrx_word' id='word_1_88' title='bbox 642 1757 764 1833; x_wconf 87' lang='lat' dir='ltr'><strong>Epirum</strong></span> <span class='ocrx_word' id='word_1_89' title='bbox 787 1765 832 1813; x_wconf 86' lang='lat' dir='ltr'><strong>est</strong></span> <span class='ocrx_word' id='word_1_90' title='bbox 853 1756 1019 1832; x_wconf 81' lang='lat' dir='ltr'><strong>prolectus3</strong></span> <span class='ocrx_word' id='word_1_91' title='bbox 1048 1757 1099 1815; x_wconf 90' lang='lat' dir='ltr'><strong>ubi</strong></span> <span class='ocrx_word' id='word_1_92' title='bbox 1125 1756 1221 1831; x_wconf 85' lang='lat' dir='ltr'><strong>prima</strong></span> <span class='ocrx_word' id='word_1_93' title='bbox 1241 1756 1383 1813; x_wconf 78' lang='lat' dir='ltr'><strong>Phanota</strong></span> <span class='ocrx_word' id='word_1_94' title='bbox 1411 1753 1437 1810; x_wconf 92' lang='lat' dir='ltr'><strong>ei</strong></span> <span class='ocrx_word' id='word_1_95' title='bbox 1458 1752 1503 1807; x_wconf 89' lang='lat' dir='ltr'><strong>de·</strong></span> 
     </span>
    </p>

    <p class='ocr_par' dir='ltr' id='par_1_6' title="bbox 399 1858 1505 2150">
     <span class='ocr_line' id='line_1_13' title="bbox 399 1858 1505 1934; baseline -0.008 -11"><span class='ocrx_word' id='word_1_96' title='bbox 399 1870 417 1923; x_wconf 84' lang='grc'>4</span> <span class='ocrx_word' id='word_1_97' title='bbox 440 1866 501 1922; x_wconf 84' lang='lat' dir='ltr'><strong>dita</strong></span> <span class='ocrx_word' id='word_1_98' title='bbox 522 1874 575 1934; x_wconf 90' lang='lat' dir='ltr'><strong>est,</strong></span> <span class='ocrx_word' id='word_1_99' title='bbox 598 1862 676 1921; x_wconf 88' lang='lat' dir='ltr'><strong>omni</strong></span> <span class='ocrx_word' id='word_1_100' title='bbox 703 1861 887 1926; x_wconf 87' lang='lat' dir='ltr'><strong>multitudine</strong></span> <span class='ocrx_word' id='word_1_101' title='bbox 909 1880 975 1919; x_wconf 90' lang='lat' dir='ltr'><strong>cum</strong></span> <span class='ocrx_word' id='word_1_102' title='bbox 1002 1860 1100 1920; x_wconf 89' lang='lat' dir='ltr'><strong>infulis</strong></span> <span class='ocrx_word' id='word_1_103' title='bbox 1129 1862 1246 1920; x_wconf 85' lang='lat' dir='ltr'><strong>obviam</strong></span> <span class='ocrx_word' id='word_1_104' title='bbox 1274 1858 1379 1917; x_wconf 85' lang='lat' dir='ltr'><strong>effusa.</strong></span> <span class='ocrx_word' id='word_1_105' title='bbox 1424 1858 1505 1925; x_wconf 85' lang='lat' dir='ltr'><strong>Hinc,</strong></span> 
     </span>
     <span class='ocr_line' id='line_1_14' title="bbox 439 1962 1504 2046; baseline -0.008 -19"><span class='ocrx_word' id='word_1_106' title='bbox 439 1969 574 2046; x_wconf 79' lang='lat' dir='ltr'><strong>praesidio</strong></span> <span class='ocrx_word' id='word_1_107' title='bbox 596 1967 740 2044; x_wconf 90' lang='lat' dir='ltr'><strong>inposito,</strong></span> <span class='ocrx_word' id='word_1_108' title='bbox 768 1966 799 2023; x_wconf 88' lang='lat' dir='ltr'><strong>in</strong></span> <span class='ocrx_word' id='word_1_109' title='bbox 820 1966 1010 2026; x_wconf 83' lang='lat' dir='ltr'><strong>Molossidem</strong></span> <span class='ocrx_word' id='word_1_110' title='bbox 1032 1977 1248 2043; x_wconf 81' lang='lat' dir='ltr'><strong>transgressus,</strong></span> <span class='ocrx_word' id='word_1_111' title='bbox 1269 1965 1353 2023; x_wconf 88' lang='lat' dir='ltr'><strong>ouius</strong></span> <span class='ocrx_word' id='word_1_112' title='bbox 1376 1962 1504 2043; x_wconf 85' lang='lat' dir='ltr'><strong>omnibus</strong></span> 
     </span>
     <span class='ocr_line' id='line_1_15' title="bbox 441 2068 1505 2150; baseline -0.01 -17"><span class='ocrx_word' id='word_1_113' title='bbox 441 2074 556 2150; x_wconf 82' lang='lat' dir='ltr'><strong>oppidis</strong></span> <span class='ocrx_word' id='word_1_114' title='bbox 580 2081 685 2149; x_wconf 76' lang='lat' dir='ltr'><strong>prater</strong></span> <span class='ocrx_word' id='word_1_115' title='bbox 706 2073 903 2129; x_wconf 72' lang='lat' dir='ltr'><strong>Passaronem</strong></span> <span class='ocrx_word' id='word_1_116' title='bbox 928 2081 957 2129; x_wconf 89' lang='lat' dir='ltr'><strong>et</strong></span> <span class='ocrx_word' id='word_1_117' title='bbox 970 2074 1148 2130; x_wconf 76' lang='lat' dir='ltr'><strong>Tecmonem</strong></span> <span class='ocrx_word' id='word_1_118' title='bbox 1171 2082 1200 2129; x_wconf 90' lang='lat' dir='ltr'><strong>et</strong></span> <span class='ocrx_word' id='word_1_119' title='bbox 1213 2071 1365 2147; x_wconf 77' lang='lat' dir='ltr'><strong>Phylacen</strong></span> <span class='ocrx_word' id='word_1_120' title='bbox 1387 2077 1418 2125; x_wconf 89' lang='lat' dir='ltr'><strong>et</strong></span> <span class='ocrx_word' id='word_1_121' title='bbox 1430 2068 1505 2125; x_wconf 88' lang='lat' dir='ltr'><strong>Hor·</strong></span> 
     </span>
    </p>

    <p class='ocr_par' dir='ltr' id='par_1_7' title="bbox 402 2174 1508 2474">
     <span class='ocr_line' id='line_1_16' title="bbox 402 2174 1506 2253; baseline -0.007 -16"><span class='ocrx_word' id='word_1_122' title='bbox 402 2186 523 2238; x_wconf 74' lang='lat' dir='ltr'><strong>hreum</strong></span> <span class='ocrx_word' id='word_1_123' title='bbox 552 2178 694 2253; x_wconf 79' lang='lat' dir='ltr'><strong>receptis,</strong></span> <span class='ocrx_word' id='word_1_124' title='bbox 730 2178 854 2252; x_wconf 89' lang='lat' dir='ltr'><strong>primum</strong></span> <span class='ocrx_word' id='word_1_125' title='bbox 878 2176 917 2234; x_wconf 89' lang='lat' dir='ltr'><strong>ad</strong></span> <span class='ocrx_word' id='word_1_126' title='bbox 937 2177 1133 2235; x_wconf 85' lang='lat' dir='ltr'><strong>Passaronem</strong></span> <span class='ocrx_word' id='word_1_127' title='bbox 1165 2176 1252 2234; x_wconf 86' lang='lat' dir='ltr'><strong>ducit.</strong></span> <span class='ocrx_word' id='word_1_128' title='bbox 1309 2174 1460 2232; x_wconf 86' lang='lat' dir='ltr'><strong>Antinous</strong></span> <span class='ocrx_word' id='word_1_129' title='bbox 1482 2180 1506 2229; x_wconf 88' lang='lat' dir='ltr'><strong>et</strong></span> 
     </span>
     <span class='ocr_line' id='line_1_17' title="bbox 441 2279 1508 2357; baseline -0.005 -18"><span class='ocrx_word' id='word_1_130' title='bbox 441 2283 614 2340; x_wconf 83' lang='lat' dir='ltr'><strong>Theodotus</strong></span> <span class='ocrx_word' id='word_1_131' title='bbox 647 2282 792 2357; x_wconf 89' lang='lat' dir='ltr'><strong>principes</strong></span> <span class='ocrx_word' id='word_1_132' title='bbox 821 2282 883 2339; x_wconf 91' lang='lat' dir='ltr'><strong>eius</strong></span> <span class='ocrx_word' id='word_1_133' title='bbox 911 2282 1036 2340; x_wconf 83' lang='lat' dir='ltr'><strong>civitatis</strong></span> <span class='ocrx_word' id='word_1_134' title='bbox 1065 2290 1164 2351; x_wconf 86' lang='lat' dir='ltr'><strong>erant,</strong></span> <span class='ocrx_word' id='word_1_135' title='bbox 1199 2280 1327 2355; x_wconf 87' lang='lat' dir='ltr'><strong>insignes</strong></span> <span class='ocrx_word' id='word_1_136' title='bbox 1359 2288 1390 2335; x_wconf 90' lang='lat' dir='ltr'><strong>et</strong></span> <span class='ocrx_word' id='word_1_137' title='bbox 1410 2279 1508 2335; x_wconf 86' lang='lat' dir='ltr'><strong>favore</strong></span> 
     </span>
     <span class='ocr_line' id='line_1_18' title="bbox 441 2384 1506 2474; baseline -0.006 -29"><span class='ocrx_word' id='word_1_138' title='bbox 441 2388 542 2446; x_wconf 87' lang='lat' dir='ltr'><strong>Persei</strong></span> <span class='ocrx_word' id='word_1_139' title='bbox 564 2397 593 2445; x_wconf 91' lang='lat' dir='ltr'><strong>et</strong></span> <span class='ocrx_word' id='word_1_140' title='bbox 614 2388 682 2474; x_wconf 86' lang='lat' dir='ltr'><strong>odio</strong></span> <span class='ocrx_word' id='word_1_141' title='bbox 705 2388 846 2445; x_wconf 86' lang='lat' dir='ltr'><strong>adversus</strong></span> <span class='ocrx_word' id='word_1_142' title='bbox 867 2389 1035 2457; x_wconf 88' lang='lat' dir='ltr'><strong>Romanos,</strong></span> <span class='ocrx_word' id='word_1_143' title='bbox 1057 2387 1144 2443; x_wconf 91' lang='lat' dir='ltr'><strong>iidem</strong></span> <span class='ocrx_word' id='word_1_144' title='bbox 1167 2386 1310 2443; x_wconf 82' lang='lat' dir='ltr'><strong>universae</strong></span> <span class='ocrx_word' id='word_1_145' title='bbox 1337 2384 1421 2459; x_wconf 87' lang='lat' dir='ltr'><strong>genti</strong></span> <span class='ocrx_word' id='word_1_146' title='bbox 1444 2401 1506 2441; x_wconf 85' lang='lat' dir='ltr'><strong>euc-</strong></span> 
     </span>
    </p>

    <p class='ocr_par' dir='ltr' id='par_1_8' title="bbox 402 2490 1509 2779">
     <span class='ocr_line' id='line_1_19' title="bbox 402 2490 1507 2566; baseline -0.007 -13"><span class='ocrx_word' id='word_1_147' title='bbox 402 2502 520 2555; x_wconf 73' lang='lat' dir='ltr'><strong>htores</strong></span> <span class='ocrx_word' id='word_1_148' title='bbox 550 2493 730 2550; x_wconf 87' lang='lat' dir='ltr'><strong>desciscendi</strong></span> <span class='ocrx_word' id='word_1_149' title='bbox 752 2494 790 2549; x_wconf 91' lang='lat' dir='ltr'><strong>ah</strong></span> <span class='ocrx_word' id='word_1_150' title='bbox 813 2492 964 2553; x_wconf 87' lang='lat' dir='ltr'><strong>Romanis.</strong></span> <span class='ocrx_word' id='word_1_151' title='bbox 1006 2492 1049 2549; x_wconf 88' lang='lat' dir='ltr'><strong>Hi</strong></span> <span class='ocrx_word' id='word_1_152' title='bbox 1070 2492 1246 2551; x_wconf 86' lang='lat' dir='ltr'><strong>conscientia</strong></span> <span class='ocrx_word' id='word_1_153' title='bbox 1269 2490 1397 2566; x_wconf 75' lang='lat' dir='ltr'><strong>privatae</strong></span> <span class='ocrx_word' id='word_1_154' title='bbox 1419 2506 1507 2557; x_wconf 74' lang='lat' dir='ltr'><strong>noxa,</strong></span> 
     </span>
     <span class='ocr_line' id='line_1_20' title="bbox 442 2593 1509 2674; baseline -0.006 -19"><span class='ocrx_word' id='word_1_155' title='bbox 442 2600 512 2673; x_wconf 91' lang='lat' dir='ltr'><strong>quia</strong></span> <span class='ocrx_word' id='word_1_156' title='bbox 533 2600 603 2674; x_wconf 89' lang='lat' dir='ltr'><strong>ipsis</strong></span> <span class='ocrx_word' id='word_1_157' title='bbox 625 2598 705 2655; x_wconf 90' lang='lat' dir='ltr'><strong>nulla</strong></span> <span class='ocrx_word' id='word_1_158' title='bbox 736 2616 803 2673; x_wconf 93' lang='lat' dir='ltr'><strong>spes</strong></span> <span class='ocrx_word' id='word_1_159' title='bbox 825 2596 918 2654; x_wconf 84' lang='lat' dir='ltr'><strong>veniae</strong></span> <span class='ocrx_word' id='word_1_160' title='bbox 944 2605 1024 2667; x_wconf 88' lang='lat' dir='ltr'><strong>erat,</strong></span> <span class='ocrx_word' id='word_1_161' title='bbox 1055 2606 1088 2655; x_wconf 89' lang='lat' dir='ltr'><strong>ut</strong></span> <span class='ocrx_word' id='word_1_162' title='bbox 1118 2596 1263 2656; x_wconf 89' lang='lat' dir='ltr'><strong>communi</strong></span> <span class='ocrx_word' id='word_1_163' title='bbox 1294 2594 1383 2651; x_wconf 77' lang='lat' dir='ltr'><strong>urina</strong></span> <span class='ocrx_word' id='word_1_164' title='bbox 1412 2593 1509 2669; x_wconf 81' lang='lat' dir='ltr'><strong>patrie</strong></span> 
     </span>
     <span class='ocr_line' id='line_1_21' title="bbox 443 2702 1509 2779; baseline -0.004 -19"><span class='ocrx_word' id='word_1_165' title='bbox 443 2703 694 2779; x_wconf 89' lang='lat' dir='ltr'><strong>opprimerentur,</strong></span> <span class='ocrx_word' id='word_1_166' title='bbox 726 2704 893 2761; x_wconf 88' lang='lat' dir='ltr'><strong>clauserunt</strong></span> <span class='ocrx_word' id='word_1_167' title='bbox 914 2712 1032 2779; x_wconf 86' lang='lat' dir='ltr'><strong>portas,</strong></span> <span class='ocrx_word' id='word_1_168' title='bbox 1066 2702 1292 2772; x_wconf 86' lang='lat' dir='ltr'><strong>multitudinem,</strong></span> <span class='ocrx_word' id='word_1_169' title='bbox 1326 2708 1360 2755; x_wconf 90' lang='lat' dir='ltr'><strong>ut</strong></span> <span class='ocrx_word' id='word_1_170' title='bbox 1388 2710 1509 2757; x_wconf 84' lang='lat' dir='ltr'><strong>mortem</strong></span> 
     </span>
    </p>

    <p class='ocr_par' dir='ltr' id='par_1_9' title="bbox 404 2808 1511 3095">
     <span class='ocr_line' id='line_1_22' title="bbox 404 2808 1510 2883; baseline -0.004 -16"><span class='ocrx_word' id='word_1_171' title='bbox 404 2814 420 2867; x_wconf 85' lang='lat'><strong>‘1</strong></span> <span class='ocrx_word' id='word_1_172' title='bbox 444 2808 575 2865; x_wconf 85' lang='lat' dir='ltr'><strong>servituti</strong></span> <span class='ocrx_word' id='word_1_173' title='bbox 598 2816 809 2883; x_wconf 69' lang='lat' dir='ltr'><strong>praeponerent,</strong></span> <span class='ocrx_word' id='word_1_174' title='bbox 829 2810 989 2866; x_wconf 84' lang='lat' dir='ltr'><strong>hortantes.</strong></span> <span class='ocrx_word' id='word_1_175' title='bbox 1032 2810 1129 2867; x_wconf 91' lang='lat' dir='ltr'><strong>Nemo</strong></span> <span class='ocrx_word' id='word_1_176' title='bbox 1151 2808 1290 2865; x_wconf 87' lang='lat' dir='ltr'><strong>adversus</strong></span> <span class='ocrx_word' id='word_1_177' title='bbox 1315 2815 1510 2881; x_wconf 72' lang='lat' dir='ltr'><strong>praepotentes</strong></span> 
     </span>
     <span class='ocr_line' id='line_1_23' title="bbox 443 2910 1510 2985; baseline -0.005 -13"><span class='ocrx_word' id='word_1_178' title='bbox 443 2914 521 2972; x_wconf 87' lang='lat' dir='ltr'><strong>viros</strong></span> <span class='ocrx_word' id='word_1_179' title='bbox 544 2913 657 2970; x_wconf 88' lang='lat' dir='ltr'><strong>hiscere</strong></span> <span class='ocrx_word' id='word_1_180' title='bbox 679 2912 815 2969; x_wconf 77' lang='lat' dir='ltr'><strong>audebat</strong></span> <span class='ocrx_word' id='word_1_181' title='bbox 872 2914 1005 2971; x_wconf 84' lang='lat' dir='ltr'><strong>Tandem</strong></span> <span class='ocrx_word' id='word_1_182' title='bbox 1027 2914 1199 2971; x_wconf 83' lang='lat' dir='ltr'><strong>Theodotus</strong></span> <span class='ocrx_word' id='word_1_183' title='bbox 1231 2911 1370 2985; x_wconf 87' lang='lat' dir='ltr'><strong>quidam,</strong></span> <span class='ocrx_word' id='word_1_184' title='bbox 1408 2910 1510 2969; x_wconf 83' lang='lat' dir='ltr'><strong>nobilis</strong></span> 
     </span>
     <span class='ocr_line' id='line_1_24' title="bbox 443 3016 1511 3095; baseline -0.003 -20"><span class='ocrx_word' id='word_1_185' title='bbox 443 3019 558 3095; x_wconf 89' lang='lat' dir='ltr'><strong>etipse</strong></span> <span class='ocrx_word' id='word_1_186' title='bbox 583 3018 771 3087; x_wconf 89' lang='lat' dir='ltr'><strong>adulescens,</strong></span> <span class='ocrx_word' id='word_1_187' title='bbox 804 3036 869 3074; x_wconf 90' lang='lat' dir='ltr'><strong>oum</strong></span> <span class='ocrx_word' id='word_1_188' title='bbox 893 3017 987 3075; x_wconf 89' lang='lat' dir='ltr'><strong>maior</strong></span> <span class='ocrx_word' id='word_1_189' title='bbox 1008 3036 1027 3074; x_wconf 88' lang='lat' dir='ltr'><strong>a</strong></span> <span class='ocrx_word' id='word_1_190' title='bbox 1048 3018 1190 3077; x_wconf 88' lang='lat' dir='ltr'><strong>Romanis</strong></span> <span class='ocrx_word' id='word_1_191' title='bbox 1220 3025 1314 3073; x_wconf 89' lang='lat' dir='ltr'><strong>metus</strong></span> <span class='ocrx_word' id='word_1_192' title='bbox 1335 3016 1477 3073; x_wconf 88' lang='lat' dir='ltr'><strong>timorem</strong></span> <span class='ocrx_word' id='word_1_193' title='bbox 1497 3032 1511 3071; x_wconf 87' lang='lat' dir='ltr'><strong>s</strong></span> 
     </span>
    </p>
   </div>
   <div class='ocr_carea' id='block_1_3' title="bbox 399 3332 1515 3836">
    <p class='ocr_par' dir='ltr' id='par_1_10' title="bbox 399 3332 1515 3836">
     <span class='ocr_line' id='line_1_25' title="bbox 444 3332 1513 3402; baseline -0.007 -12"><span class='ocrx_word' id='word_1_194' title='bbox 444 3342 488 3402; x_wconf 85' lang='lat'><strong>13,</strong></span> <span class='ocrx_word' id='word_1_195' title='bbox 508 3347 520 3390; x_wconf 90' lang='lat' dir='ltr'><strong>l</strong></span> <span class='ocrx_word' id='word_1_196' title='bbox 537 3342 697 3389; x_wconf 89' lang='lat' dir='ltr'><strong>iuuentutem</strong></span> <span class='ocrx_word' id='word_1_197' title='bbox 734 3344 750 3387; x_wconf 76' lang='lat'>2</span> <span class='ocrx_word' id='word_1_198' title='bbox 770 3338 941 3402; x_wconf 86' lang='lat' dir='ltr'><strong>cybiratarum</strong></span> <span class='ocrx_word' id='word_1_199' title='bbox 978 3342 1103 3401; x_wconf 69' lang='lat' dir='ltr'><strong>sperare</strong></span> <span class='ocrx_word' id='word_1_200' title='bbox 1118 3332 1123 3401; x_wconf 99' lang='grc' dir='ltr'>Ι</span> <span class='ocrx_word' id='word_1_201' title='bbox 1138 3334 1513 3400; x_wconf 82' lang='lat' dir='ltr'><strong>mylassensisalsbandeniqne</strong></span> 
     </span>
     <span class='ocr_line' id='line_1_26' title="bbox 399 3410 1513 3490; baseline -0.006 -14"><span class='ocrx_word' id='word_1_202' title='bbox 399 3410 402 3413; x_wconf 27' lang='lat'><strong>⁴</strong></span> <span class='ocrx_word' id='word_1_203' title='bbox 445 3429 489 3490; x_wconf 90' lang='lat' dir='ltr'><strong>qui</strong></span> <span class='ocrx_word' id='word_1_204' title='bbox 507 3428 700 3476; x_wconf 83' lang='lat' dir='ltr'><strong>alebaudeaium</strong></span> <span class='ocrx_word' id='word_1_205' title='bbox 719 3423 940 3474; x_wconf 86' lang='lat' dir='ltr'><strong>eurouemensium</strong></span> <span class='ocrx_word' id='word_1_206' title='bbox 959 3422 1081 3487; x_wconf 79' lang='lat' dir='ltr'><strong>M9.Em.</strong></span> <span class='ocrx_word' id='word_1_207' title='bbox 1096 3421 1151 3472; x_wconf 79' lang='lat'><strong>605</strong></span> <span class='ocrx_word' id='word_1_208' title='bbox 1169 3431 1192 3471; x_wconf 89' lang='lat' dir='ltr'><strong>et</strong></span> <span class='ocrx_word' id='word_1_209' title='bbox 1206 3420 1333 3471; x_wconf 78' lang='lat' dir='ltr'><strong>Bcklcerue</strong></span> <span class='ocrx_word' id='word_1_210' title='bbox 1351 3420 1449 3487; x_wconf 58' lang='grc' dir='ltr'><strong>(ὕψη.</strong></span> <span class='ocrx_word' id='word_1_211' title='bbox 1461 3422 1513 3484; x_wconf 79' lang='lat' dir='ltr'><strong>My·</strong></span> 
     </span>
     <span class='ocr_line' id='line_1_27' title="bbox 443 3506 1514 3575; baseline -0.006 -12"><span class='ocrx_word' id='word_1_212' title='bbox 443 3515 559 3563; x_wconf 84' lang='lat' dir='ltr'><strong>Issenses</strong></span> <span class='ocrx_word' id='word_1_213' title='bbox 577 3510 825 3575; x_wconf 87' lang='lat' dir='ltr'><strong>Alabandenosque)</strong></span> <span class='ocrx_word' id='word_1_214' title='bbox 862 3516 878 3559; x_wconf 79' lang='lat'>4</span> <span class='ocrx_word' id='word_1_215' title='bbox 897 3510 1031 3574; x_wconf 88' lang='lat' dir='ltr'><strong>prouincia</strong></span> <span class='ocrx_word' id='word_1_216' title='bbox 1049 3511 1196 3573; x_wconf 85' lang='lat' dir='ltr'><strong>ademptum</strong></span> <span class='ocrx_word' id='word_1_217' title='bbox 1222 3508 1306 3561; x_wconf 81' lang='lat' dir='ltr'><strong>Weiss.</strong></span> <span class='ocrx_word' id='word_1_218' title='bbox 1319 3506 1416 3571; x_wconf 79' lang='lat' dir='ltr'><strong>(Gryn.</strong></span> <span class='ocrx_word' id='word_1_219' title='bbox 1432 3510 1514 3558; x_wconf 83' lang='lat' dir='ltr'><strong>Eure·</strong></span> 
     </span>
     <span class='ocr_line' id='line_1_28' title="bbox 445 3592 1515 3663; baseline -0.007 -13"><span class='ocrx_word' id='word_1_220' title='bbox 445 3600 570 3651; x_wconf 89' lang='lat' dir='ltr'><strong>mensium</strong></span> <span class='ocrx_word' id='word_1_221' title='bbox 588 3600 725 3663; x_wconf 83' lang='lat' dir='ltr'><strong>provincia</strong></span> <span class='ocrx_word' id='word_1_222' title='bbox 743 3598 877 3661; x_wconf 82' lang='lat' dir='ltr'><strong>adempta)</strong></span> <span class='ocrx_word' id='word_1_223' title='bbox 893 3596 899 3660; x_wconf 96' lang='grc' dir='ltr'>Ι</span> <span class='ocrx_word' id='word_1_224' title='bbox 915 3598 947 3647; x_wconf 84' lang='lat' dir='ltr'><strong>ud</strong></span> <span class='ocrx_word' id='word_1_225' title='bbox 966 3596 1022 3661; x_wconf 83' lang='lat' dir='ltr'><strong>(pro</strong></span> <span class='ocrx_word' id='word_1_226' title='bbox 1040 3596 1076 3661; x_wconf 90' lang='lat' dir='ltr'><strong>et)</strong></span> <span class='ocrx_word' id='word_1_227' title='bbox 1094 3596 1165 3661; x_wconf 91' lang='lat' dir='ltr'><strong>ipsos</strong></span> <span class='ocrx_word' id='word_1_228' title='bbox 1184 3594 1239 3659; x_wconf 80' lang='lat' dir='ltr'><strong>Mp.</strong></span> <span class='ocrx_word' id='word_1_229' title='bbox 1255 3594 1312 3644; x_wconf 83' lang='lat' dir='ltr'><strong>Em.</strong></span> <span class='ocrx_word' id='word_1_230' title='bbox 1336 3592 1393 3643; x_wconf 73' lang='lat'><strong>605</strong></span> <span class='ocrx_word' id='word_1_231' title='bbox 1413 3597 1419 3657; x_wconf 91' lang='grc' dir='ltr'>Ι</span> <span class='ocrx_word' id='word_1_232' title='bbox 1437 3610 1515 3643; x_wconf 88' lang='lat' dir='ltr'><strong>uene-</strong></span> 
     </span>
     <span class='ocr_line' id='line_1_29' title="bbox 444 3681 1515 3749; baseline -0.006 -14"><span class='ocrx_word' id='word_1_233' title='bbox 444 3697 504 3736; x_wconf 84' lang='lat' dir='ltr'><strong>runt</strong></span> <span class='ocrx_word' id='word_1_234' title='bbox 523 3685 579 3749; x_wconf 80' lang='lat' dir='ltr'><strong>Mp.</strong></span> <span class='ocrx_word' id='word_1_235' title='bbox 597 3684 644 3735; x_wconf 82' lang='lat' dir='ltr'><strong>Lo.</strong></span> <span class='ocrx_word' id='word_1_236' title='bbox 682 3685 831 3734; x_wconf 76' lang='lat' dir='ltr'><strong>hortusiam</strong></span> <span class='ocrx_word' id='word_1_237' title='bbox 851 3699 885 3733; x_wconf 83' lang='lat' dir='ltr'><strong>an</strong></span> <span class='ocrx_word' id='word_1_238' title='bbox 903 3685 958 3734; x_wconf 86' lang='lat' dir='ltr'><strong>acie</strong></span> <span class='ocrx_word' id='word_1_239' title='bbox 1000 3684 1101 3744; x_wconf 84' lang='lat' dir='ltr'><strong>XXVI,</strong></span> <span class='ocrx_word' id='word_1_240' title='bbox 1120 3682 1175 3743; x_wconf 89' lang='lat' dir='ltr'><strong>1,l</strong></span> <span class='ocrx_word' id='word_1_241' title='bbox 1197 3682 1320 3730; x_wconf 75' lang='lat' dir='ltr'><strong>romain</strong></span> <span class='ocrx_word' id='word_1_242' title='bbox 1343 3681 1401 3729; x_wconf 83' lang='lat' dir='ltr'><strong>asia</strong></span> <span class='ocrx_word' id='word_1_243' title='bbox 1422 3688 1515 3743; x_wconf 83' lang='lat' dir='ltr'><strong>gerunt</strong></span> 
     </span>
     <span class='ocr_line' id='line_1_30' title="bbox 445 3766 1515 3836; baseline -0.005 -14"><span class='ocrx_word' id='word_1_244' title='bbox 445 3773 548 3822; x_wconf 89' lang='lat' dir='ltr'><strong>interim</strong></span> <span class='ocrx_word' id='word_1_245' title='bbox 565 3772 666 3836; x_wconf 82' lang='lat' dir='ltr'><strong>illyrico</strong></span> <span class='ocrx_word' id='word_1_246' title='bbox 702 3778 865 3836; x_wconf 69' lang='lat' dir='ltr'><strong>apotestate</strong></span> <span class='ocrx_word' id='word_1_247' title='bbox 900 3770 960 3831; x_wconf 84' lang='grc'><strong>2,1</strong></span> <span class='ocrx_word' id='word_1_248' title='bbox 981 3768 1083 3819; x_wconf 81' lang='lat' dir='ltr'><strong>fuerant</strong></span> <span class='ocrx_word' id='word_1_249' title='bbox 1119 3768 1290 3832; x_wconf 77' lang='lat' dir='ltr'><strong>ngsbcnium</strong></span> <span class='ocrx_word' id='word_1_250' title='bbox 1309 3766 1459 3816; x_wconf 78' lang='lat' dir='ltr'><strong>Proenomen</strong></span> <span class='ocrx_word' id='word_1_251' title='bbox 1477 3786 1515 3817; x_wconf 79' lang='lat' dir='ltr'><strong>es·</strong></span> 
     </span>
    </p>
   </div>
   <div class='ocr_carea' id='block_1_4' title="bbox 381 3855 1516 4371">
    <p class='ocr_par' dir='ltr' id='par_1_11' title="bbox 381 3855 1516 4371">
     <span class='ocr_line' id='line_1_31' title="bbox 445 3855 1515 3938; baseline -0.003 -13"><span class='ocrx_word' id='word_1_252' title='bbox 445 3874 532 3925; x_wconf 68' lang='lat' dir='ltr'><strong>ddisse</strong></span> <span class='ocrx_word' id='word_1_253' title='bbox 540 3875 624 3926; x_wconf 84' lang='lat' dir='ltr'><strong>Drclr.</strong></span> <span class='ocrx_word' id='word_1_254' title='bbox 642 3874 711 3925; x_wconf 83' lang='lat' dir='ltr'><strong>cidit.</strong></span> <span class='ocrx_word' id='word_1_255' title='bbox 724 3876 728 3937; x_wconf 88' lang='grc' dir='ltr'>Ι</span> <span class='ocrx_word' id='word_1_256' title='bbox 739 3883 765 3923; x_wconf 92' lang='lat' dir='ltr'><strong>et</strong></span> <span class='ocrx_word' id='word_1_257' title='bbox 781 3874 877 3923; x_wconf 88' lang='lat' dir='ltr'><strong>locinio</strong></span> <span class='ocrx_word' id='word_1_258' title='bbox 895 3855 951 3924; x_wconf 81' lang='lat' dir='ltr'><strong>urh.</strong></span> <span class='ocrx_word' id='word_1_259' title='bbox 963 3875 1112 3938; x_wconf 86' lang='lat' dir='ltr'><strong>opportunis</strong></span> <span class='ocrx_word' id='word_1_260' title='bbox 1132 3878 1180 3923; x_wconf 72' lang='lat' dir='ltr'><strong>sc.</strong></span> <span class='ocrx_word' id='word_1_261' title='bbox 1195 3871 1298 3920; x_wconf 83' lang='lat' dir='ltr'><strong>licinius</strong></span> <span class='ocrx_word' id='word_1_262' title='bbox 1335 3870 1361 3930; x_wconf 85' lang='lat'><strong>3,</strong></span> <span class='ocrx_word' id='word_1_263' title='bbox 1378 3876 1389 3919; x_wconf 91' lang='grc'>1</span> <span class='ocrx_word' id='word_1_264' title='bbox 1404 3872 1515 3935; x_wconf 83' lang='lat' dir='ltr'><strong>inlyrico</strong></span> 
     </span>
     <span class='ocr_line' id='line_1_32' title="bbox 446 3957 1514 4026; baseline -0.002 -15"><span class='ocrx_word' id='word_1_265' title='bbox 446 3962 545 4026; x_wconf 88' lang='lat' dir='ltr'><strong>reliqua</strong></span> <span class='ocrx_word' id='word_1_266' title='bbox 557 3963 698 4011; x_wconf 87' lang='lat' dir='ltr'><strong>exercitum</strong></span> <span class='ocrx_word' id='word_1_267' title='bbox 718 3968 848 4025; x_wconf 71' lang='lat' dir='ltr'><strong>tepymm</strong></span> <span class='ocrx_word' id='word_1_268' title='bbox 860 3957 863 4022; x_wconf 97' lang='grc' dir='ltr'>Ι</span> <span class='ocrx_word' id='word_1_269' title='bbox 874 3957 984 4024; x_wconf 75' lang='lat' dir='ltr'><strong>panotal</strong></span> <span class='ocrx_word' id='word_1_270' title='bbox 995 3961 1080 4009; x_wconf 87' lang='lat' dir='ltr'><strong>dedita</strong></span> <span class='ocrx_word' id='word_1_271' title='bbox 1098 3958 1449 4009; x_wconf 88' lang='lat' dir='ltr'><strong>totomniummultitudinem</strong></span> <span class='ocrx_word' id='word_1_272' title='bbox 1463 3959 1514 4025; x_wconf 63' lang='lat' dir='ltr'><strong>My.</strong></span> 
     </span>
     <span class='ocr_line' id='line_1_33' title="bbox 445 4044 1516 4111; baseline -0.003 -13"><span class='ocrx_word' id='word_1_273' title='bbox 445 4049 502 4099; x_wconf 84' lang='lat' dir='ltr'><strong>Em.</strong></span> <span class='ocrx_word' id='word_1_274' title='bbox 516 4048 588 4109; x_wconf 73' lang='lat'><strong>606,</strong></span> <span class='ocrx_word' id='word_1_275' title='bbox 605 4047 714 4097; x_wconf 59' lang='lat' dir='ltr'><strong>aniliter</strong></span> <span class='ocrx_word' id='word_1_276' title='bbox 731 4048 779 4096; x_wconf 81' lang='lat' dir='ltr'><strong>ium</strong></span> <span class='ocrx_word' id='word_1_277' title='bbox 794 4046 879 4099; x_wconf 80' lang='lat' dir='ltr'><strong>Weiss.</strong></span> <span class='ocrx_word' id='word_1_278' title='bbox 891 4047 981 4111; x_wconf 67' lang='lat' dir='ltr'><strong>(Grpe.</strong></span> <span class='ocrx_word' id='word_1_279' title='bbox 996 4048 1089 4106; x_wconf 89' lang='lat' dir='ltr'><strong>dedita,</strong></span> <span class='ocrx_word' id='word_1_280' title='bbox 1109 4054 1162 4095; x_wconf 88' lang='lat' dir='ltr'><strong>totu</strong></span> <span class='ocrx_word' id='word_1_281' title='bbox 1180 4044 1357 4106; x_wconf 85' lang='lat' dir='ltr'><strong>multitudine)</strong></span> <span class='ocrx_word' id='word_1_282' title='bbox 1386 4046 1516 4095; x_wconf 69' lang='lat' dir='ltr'><strong>sinfuriis</strong></span> 
     </span>
     <span class='ocr_line' id='line_1_34' title="bbox 444 4132 1516 4199; baseline -0.003 -14"><span class='ocrx_word' id='word_1_283' title='bbox 444 4135 503 4197; x_wconf 79' lang='lat' dir='ltr'><strong>4,l</strong></span> <span class='ocrx_word' id='word_1_284' title='bbox 525 4137 567 4184; x_wconf 92' lang='lat' dir='ltr'><strong>hio</strong></span> <span class='ocrx_word' id='word_1_285' title='bbox 585 4132 784 4199; x_wconf 78' lang='lat' dir='ltr'><strong>praesidioDuk.</strong></span> <span class='ocrx_word' id='word_1_286' title='bbox 812 4133 998 4183; x_wconf 66' lang='lat' dir='ltr'><strong>tmolosidem</strong></span> <span class='ocrx_word' id='word_1_287' title='bbox 1013 4132 1083 4183; x_wconf 81' lang='lat' dir='ltr'><strong>Fert.</strong></span> <span class='ocrx_word' id='word_1_288' title='bbox 1102 4142 1274 4195; x_wconf 76' lang='lat' dir='ltr'><strong>transgressus</strong></span> <span class='ocrx_word' id='word_1_289' title='bbox 1292 4140 1331 4181; x_wconf 85' lang='lat' dir='ltr'><strong>est</strong></span> <span class='ocrx_word' id='word_1_290' title='bbox 1367 4138 1383 4181; x_wconf 79' lang='grc'><strong>3</strong></span> <span class='ocrx_word' id='word_1_291' title='bbox 1404 4136 1516 4197; x_wconf 87' lang='lat' dir='ltr'><strong>oppidiir</strong></span> 
     </span>
     <span class='ocr_line' id='line_1_35' title="bbox 449 4214 1516 4287; baseline 0 -16"><span class='ocrx_word' id='word_1_292' title='bbox 449 4222 608 4285; x_wconf 78' lang='lat' dir='ltr'><strong>ltegmonem</strong></span> <span class='ocrx_word' id='word_1_293' title='bbox 619 4218 757 4287; x_wconf 68' lang='lat' dir='ltr'><strong>Siccalet</strong></span> <span class='ocrx_word' id='word_1_294' title='bbox 774 4220 902 4285; x_wconf 88' lang='lat' dir='ltr'><strong>pilaceum</strong></span> <span class='ocrx_word' id='word_1_295' title='bbox 928 4220 1065 4269; x_wconf 75' lang='lat' dir='ltr'><strong>tducitur</strong></span> <span class='ocrx_word' id='word_1_296' title='bbox 1100 4214 1361 4281; x_wconf 61' lang='lat' dir='ltr'><strong>huidemlgentis</strong></span> <span class='ocrx_word' id='word_1_297' title='bbox 1398 4218 1425 4279; x_wconf 79' lang='lat'><strong>6,</strong></span> <span class='ocrx_word' id='word_1_298' title='bbox 1450 4223 1516 4271; x_wconf 83' lang='lat' dir='ltr'><strong>lhie</strong></span> 
     </span>
     <span class='ocr_line' id='line_1_36' title="bbox 381 4290 1482 4371; baseline 0.002 -14"><span class='ocrx_word' id='word_1_299' title='bbox 381 4290 388 4303; x_wconf 61' lang='lat'>⁸</span> <span class='ocrx_word' id='word_1_300' title='bbox 446 4308 605 4357; x_wconf 85' lang='lat' dir='ltr'><strong>conscientia</strong></span> <span class='ocrx_word' id='word_1_301' title='bbox 624 4304 628 4367; x_wconf 95' lang='grc' dir='ltr'>Ι</span> <span class='ocrx_word' id='word_1_302' title='bbox 648 4322 717 4356; x_wconf 85' lang='lat' dir='ltr'><strong>noxa</strong></span> <span class='ocrx_word' id='word_1_303' title='bbox 753 4308 878 4356; x_wconf 82' lang='lat' dir='ltr'><strong>2ueniet</strong></span> <span class='ocrx_word' id='word_1_304' title='bbox 897 4314 953 4355; x_wconf 87' lang='lat' dir='ltr'><strong>erat</strong></span> <span class='ocrx_word' id='word_1_305' title='bbox 988 4305 1195 4371; x_wconf 76' lang='lat' dir='ltr'><strong>supprimerent</strong></span> <span class='ocrx_word' id='word_1_306' title='bbox 1229 4305 1255 4366; x_wconf 81' lang='lat'><strong>7,</strong></span> <span class='ocrx_word' id='word_1_307' title='bbox 1277 4311 1288 4355; x_wconf 90' lang='lat' dir='ltr'><strong>l</strong></span> <span class='ocrx_word' id='word_1_308' title='bbox 1309 4310 1482 4371; x_wconf 73' lang='lat' dir='ltr'><strong>praepotentis</strong></span> 
     </span>
    </p>
   </div>
   <div class='ocr_carea' id='block_1_5' title="bbox 0 0 1770 5084">
    <p class='ocr_par' dir='ltr' id='par_1_12' title="bbox 0 0 1770 5084">
     <span class='ocr_line' id='line_1_37' title="bbox 0 0 1770 5084; baseline 0 0"><span class='ocrx_word' id='word_1_309' title='bbox 0 0 1770 5084; x_wconf 95' lang='lat' dir='ltr'><strong> </strong></span> 
     </span>
    </p>
   </div>
  </div>
 </body>
</html>
