3475 5084
497 484 553 539 102
755 480 834 529 Liber
850 478 935 529 XLII.
975 478 1023 542 (A.
1043 492 1068 527 u.
1088 492 1109 527 c.
1131 476 1206 541 688.)

452 672 506 734 est,
526 663 635 721 stativa
655 665 785 735 haberet,
806 662 952 723 frumento
973 664 1189 739 undiquecirca
1209 682 1246 720 ex
1268 662 1347 737 agris
1369 670 1502 727 convecto,

412 772 430 826 9
453 769 491 825 ad
514 769 688 825 vastandum
710 769 897 826 Pheraeorum
928 788 1026 841 aprum
1063 770 1154 840 misit,
1190 778 1271 825 ratus
1305 766 1343 822 ad
1375 765 1503 821 iuvandas

453 873 597 931 sociorum
620 875 706 931 urbes
728 875 842 949 longius
865 895 884 932 a
906 875 1008 931 castris
1031 875 1194 932 abstractos
1217 871 1394 948 deprehendi
1408 872 1503 927 Roma·
1565 903 1566 979 1

395 983 430 1037 10
453 995 507 1035 nos
528 996 626 1053 posse.
691 978 773 1051 Quos
805 999 871 1037 cum
903 1000 938 1037 eo
969 980 1093 1037 tumultu
1121 979 1190 1035 nihil
1213 988 1309 1035 motos
1334 976 1504 1033 animadver·
1565 1018 1566 1031 .

451 1082 543 1152 tisset,
576 1085 594 1119 ¹*
609 1085 640 1152 *3
673 1085 801 1159 proedam
825 1087 960 1160 quidem,
993 1096 1186 1160 praeterquam
1219 1083 1369 1140 hominum
1400 1084 1506 1157 (pecora

452 1196 549 1243 autem
571 1207 709 1249 maxume
743 1192 836 1249 omnis
869 1192 983 1267 generis
1013 1191 1116 1263 fuere),
1139 1190 1236 1247 divisit
1271 1189 1309 1245 ad
1342 1188 1505 1263 epulandum

451 1292 598 1350 militibus.

369 1393 409 1463 57
536 1398 598 1457 Sub
619 1398 696 1456 idem
716 1402 821 1459 deinde
842 1412 956 1476 tempus
978 1400 1127 1459 consilium
1158 1406 1187 1455 et
1217 1399 1318 1456 consul
1340 1408 1371 1455 et
1390 1417 1441 1455 rex
1462 1398 1508 1452 ha-

412 1503 585 1574 2buerunt,
607 1506 683 1561 unde
704 1505 811 1562 bellum
834 1507 1006 1566 ordirentur.
1054 1504 1154 1579 Regiis
1176 1513 1329 1561 creverant
1357 1503 1443 1559 animi
1462 1520 1509 1557 va·
1566 1502 1567 1509 ’

452 1609 577 1667 statione
599 1627 737 1666 concessa
760 1610 815 1667 sibi
841 1612 879 1668 ab
900 1613 984 1668 hoste
1006 1608 1119 1667 Pheraei
1142 1609 1215 1683 agri.
1266 1610 1372 1682 ltaque
1395 1608 1508 1664 eundum

452 1713 520 1771 inde
544 1715 581 1771 ad
607 1724 704 1772 castra
725 1735 777 1772 uec
799 1716 928 1773 dandum
951 1716 1027 1772 ultra
1049 1714 1174 1789 spatium
1186 1714 1340 1771 cunctandi
1353 1714 1509 1770 censebant.

412 1824 430 1878 3
453 1818 493 1875 Et
514 1818 641 1877 Romani
662 1815 841 1891 sentiebant,
874 1821 1086 1879 cunctationem
1113 1838 1196 1877 suam
1217 1818 1356 1876 infamem
1381 1827 1448 1893 aput
1466 1836 1511 1872 so-

452 1921 513 1979 cios
535 1940 607 1993 essa,
629 1942 766 1981 maxume
786 1926 904 2000 indigne
925 1926 1059 1995 faramea,
1081 1943 1139 1981 non
1160 1925 1249 1981 latam
1273 1925 1403 1981 Pheraeie
1424 1942 1510 1997 opem.
1567 1960 1568 1999 ,

412 2040 430 2089 4
454 2019 701 2099 consultantibus,
734 2032 804 2106 quid
826 2042 946 2106 agerent
968 2029 1103 2106 (aderant
1125 2041 1220 2087 autem
1243 2032 1390 2087 Eumenes
1412 2039 1439 2085 et
1460 2031 1511 2085 At·
1567 2002 1568 2051 l

453 2133 530 2189 talus
552 2133 582 2191 in
604 2136 747 2209 consilio),
779 2136 908 2212 trepidus
932 2136 1048 2193 nuntius
1069 2134 1178 2206 adfert,
1200 2137 1313 2192 hostem
1337 2153 1443 2209 magno
1465 2152 1510 2207 ag·

453 2237 530 2295 mine
552 2240 663 2300 adesse.
710 2240 840 2299 Consilio
868 2241 1003 2313 dimisso,
1035 2242 1150 2316 signum
1180 2240 1326 2315 extemplo
1356 2241 1454 2309 datur,
1484 2250 1513 2294 ut

413 2350 430 2403 5
453 2363 536 2401 arma
557 2346 682 2421 capiant.
729 2347 848 2404 Interim
871 2347 975 2423 placet,
998 2365 1035 2403 ex
1056 2348 1144 2421 regiis
1165 2347 1280 2404 auxiliis
1303 2356 1416 2403 centum
1438 2345 1512 2419 equi-

413 2456 496 2510 btas
517 2460 548 2506 et
567 2470 668 2525 parem
690 2471 839 2510 numerum
869 2452 1061 2510 iaculatorum
1090 2453 1219 2528 peditum
1251 2453 1340 2509 exire.
1394 2453 1512 2509 Perseus
1568 2474 1569 2483 ¹

453 2552 522 2609 liora
543 2553 634 2613 ferme
655 2557 712 2613 diei
734 2568 847 2631 quarte,
882 2574 946 2613 cum
979 2557 1067 2630 paulo
1096 2558 1160 2633 plus
1180 2558 1257 2615 mille
1279 2575 1384 2633 passus
1406 2558 1512 2613 abesset

452 2675 472 2712 a
494 2660 596 2715 castris
615 2663 768 2732 Romanis,
789 2663 946 2720 consistere
968 2662 1052 2736 signa
1073 2665 1201 2738 peditum
1225 2664 1317 2732 iussit,
1341 2680 1512 2737 praegressus

451 2760 515 2835 ipse
536 2782 601 2820 cum
624 2767 769 2839 equitibus
790 2786 825 2824 ac
845 2766 904 2823 levi
926 2778 1087 2838 armature3
1110 2779 1138 2826 et
1157 2768 1248 2845 Cotys
1269 2788 1334 2825 cum
1360 2787 1396 2825 eo
1417 2769 1512 2824 duces·

413 2872 429 2925 7
453 2884 509 2939 que
531 2867 654 2925 aliorum
676 2872 849 2929 auxiliorum
872 2883 1089 2947 praeceaserunt.
1138 2874 1234 2931 Minus
1258 2872 1430 2947 quingentos
1451 2890 1512 2945 pas·

453 2987 502 3027 sus
525 2974 562 3030 ab
585 2976 687 3033 castris
710 2978 846 3048 aberant,
871 2996 935 3035 cum
957 2979 986 3035 iu
1009 2988 1164 3054 conspectu
1187 2978 1267 3036 fuere
1289 2978 1416 3035 hostiurn
1440 2976 1512 3051 equi·

453 3082 511 3147 tes3
549 3079 613 3136 duae
642 3082 696 3139 alre
718 3093 801 3140 erent
824 3103 932 3159 magna
960 3103 997 3140 ex
1028 3095 1111 3159 parte
1134 3085 1288 3142 Gallorum
1316 3083 1512 3158 (Cassignatus

452 3184 599 3257 praeerat),
621 3196 651 3244 et
670 3188 742 3246 levis
765 3201 921 3247 armaturae
936 3199 1051 3246 centum
1072 3187 1134 3246 fere
1157 3198 1185 3245 et
1209 3188 1421 3264 quinquaginta
1443 3185 1513 3263 Mysi

452 3320 685 3334 *-

453 3468 478 3528 9,
500 3475 511 3518 l
531 3472 684 3534 phereornm
704 3476 772 3524 misit
789 3474 840 3525 Ed.
857 3475 940 3526 Paris.
964 3472 1039 3524 1573.
1061 3473 1163 3538 (agrum
1181 3474 1361 3537 Pheraeorum)
1399 3481 1415 3523 2
1435 3487 1514 3538 repre·

452 3555 531 3606 hendi
556 3558 599 3618 10,
610 3560 784 3610 2Ecciderunt
801 3562 912 3625 quaedam
930 3563 955 3611 in
972 3562 1035 3610 lianc
1052 3563 1202 3611 sententiam:
1221 3578 1281 3611 suos
1296 3557 1327 3610 ’in
1346 3571 1434 3610 castre
1450 3575 1513 3610 revo-

453 3644 534 3704 carit;
553 3644 608 3709 Mq.
616 3647 671 3697 Em.
681 3648 739 3697 541.
752 3648 831 3712 (Fert.
843 3651 1014 3712 predamque)
1042 3656 1057 3697 3
1071 3650 1168 3698 dimisit
1185 3651 1217 3697 ad
1237 3650 1400 3713 epulandum
1437 3644 1513 3705 LVII,

453 3729 514 3789 l,2
542 3731 638 3782 bellum
662 3736 841 3784 dirimerentur
866 3735 934 3797 (Em.
956 3734 1010 3784 490
1028 3735 1063 3799 a.)
1111 3735 1135 3795 2,
1162 3742 1171 3784 1
1202 3737 1268 3797 regis
1302 3742 1441 3783 creuerunt
1464 3734 1512 3797 My.

452 3815 509 3866 Em.
523 3818 592 3880 5423
612 3832 742 3872 creverant
760 3823 808 3871 iem
821 3821 889 3871 Creu.
917 3824 1010 3886 2perei
1033 3823 1087 3883 agri
1115 3821 1221 3887 bGryn.
1242 3823 1362 3871 censebat
1392 3822 1417 3880 3,
1437 3828 1513 3870 leen-

453 3904 670 3970 sebanth.Em.
684 3908 699 3958 l.
712 3927 733 3958 c.
751 3909 755 3971 Ι
772 3910 960 3957 cunctationem
982 3910 1128 3974 eunclsuam
1167 3917 1181 3957 2
1201 3908 1417 3973 maxumerqu.
1431 3908 1512 3972 (Gran

453 3996 641 4057 maximopere)
657 3997 661 4059 Ι
677 3996 781 4044 ferentis
798 3996 802 4055 Ι
818 3994 898 4043 latum
919 3996 1019 4059 phereis
1054 3995 1083 4055 4,
1104 4004 1119 4043 2
1140 3998 1280 4060 trepidatur
1317 3996 1472 4061 3exemplo
1500 3998 1513 4039 4

454 4091 525 4126 arma
544 4081 644 4143 placeat
661 4083 764 4130 interim
781 4081 867 4145 placet
903 4081 927 4140 6,
949 4087 960 4130 l
980 4096 1085 4145 perseus
1104 4083 1183 4132 ferme
1202 4080 1286 4147 Sicca.
1331 4082 1439 4131 chrt.
1461 4094 1513 4145 prn-

454 4175 588 4248 cesserunt
613 4167 637 4227 7,
657 4174 673 4217 3
692 4168 756 4216 alea
793 4169 1010 4232 acassisignatus
1047 4171 1144 4219 amissi
1163 4170 1245 4233 (Mysi
1263 4183 1294 4219 ao
1308 4166 1446 4218 Cretenses
1463 4167 1513 4217 Du·

453 4249 524 4300 karae
537 4253 704 4320 probabiliter)
