3475 5084
459 520 497 577 52
720 514 799 565 Liber
816 513 903 565 xm.
947 515 994 578 (A.
1014 529 1039 564 u.
1060 529 1082 567 c.
1103 513 1179 581 582.)

414 719 529 776 regem,
556 707 589 758 nt
609 701 762 776 purganti,
789 719 822 758 se
845 702 917 758 nihil
938 702 1043 759 hostile
1064 701 1173 759 dixisse
1194 701 1385 773 emicuisse,
1413 699 1492 758 fides

373 808 574 875 4habeatur3
603 817 746 874 ceterum,
776 807 801 863 ei
825 808 1006 882 pervicacius
1028 825 1145 864 oausam
1170 808 1239 865 belli
1261 808 1351 882 queri
1375 807 1489 877 videat,

414 911 485 971 forti
504 913 603 969 animo
624 910 808 969 defensurum
833 931 876 971 se.
907 913 1033 970 Martem
1056 931 1237 971 communem
1261 933 1324 971 esse
1346 922 1376 970 et
1397 931 1490 970 even·

415 1026 477 1074 tum
498 1018 638 1074 incertum
661 1018 738 1078 belli.

375 1121 392 1176 5
498 1121 642 1181 Omnibus
681 1124 846 1182 civitatibus
881 1124 1003 1183 Graecioe
1046 1126 1142 1199 adque
1179 1125 1261 1182 Asiae
1298 1143 1376 1182 curse
1413 1132 1489 1194 erat,

415 1229 484 1304 quid
505 1229 607 1286 Persei
627 1229 733 1305 legati,
762 1232 831 1306 quid
848 1232 992 1288 Eumenes
1016 1231 1045 1287 in
1069 1241 1170 1287 senatu
1193 1231 1311 1304 egisset;
1342 1240 1371 1286 et
1396 1250 1489 1306 prop-

414 1343 460 1392 ter
494 1335 649 1392 adventum
685 1335 760 1405 eius,
796 1357 881 1411 quem
922 1346 1065 1393 moturum
1101 1335 1209 1410 aliquid
1244 1337 1392 1406 rebantur,
1429 1337 1490 1393 rni-

415 1450 514 1497 serant
536 1440 683 1514 pleraeque
708 1441 840 1498 civitatee
867 1443 926 1499 alic
951 1443 979 1498 in
1006 1443 1130 1517 speciem
1154 1440 1340 1515 praelerentes
1361 1441 1489 1516 legatos.

374 1543 392 1599 6
414 1546 442 1603 Ε
462 1545 566 1619 legatis
579 1547 758 1604 Rhodiorum
781 1558 845 1605 erat
864 1549 1073 1605 Athenodorus
1098 1548 1249 1622 princeps,
1271 1546 1349 1602 haud
1370 1547 1489 1617 dubius,

415 1652 485 1725 quin
507 1651 654 1707 Eumenes
675 1651 800 1709 civitatis
823 1673 939 1728 quoque
961 1673 1021 1710 suae
1042 1656 1242 1710 insectationem
1264 1651 1365 1709 Persei
1389 1652 1489 1708 crimi-

377 1756 392 1809 7
417 1757 502 1814 nibus
523 1756 674 1813 iunxisset.
717 1758 822 1833 Itaque
848 1761 926 1817 omni
950 1761 1036 1816 modo
1058 1779 1112 1835 per
1135 1769 1274 1833 patronos
1296 1757 1490 1831 hospitesque

374 1859 595 1936 8disceptandi
622 1879 686 1917 cum
711 1880 780 1936 rege
801 1865 896 1920 locum
927 1865 1080 1921 incenato
1105 1865 1262 1937 quaerebat.
1308 1861 1396 1933 Quod
1420 1880 1488 1917 cum

413 1987 467 2024 non
488 1965 664 2040 contigisset,
686 1967 819 2025 libertate
843 1970 1045 2045 intemperanti
1067 1970 1197 2026 invectus
1220 1970 1249 2025 in
1271 1985 1381 2041 regem,
1405 1965 1488 2040 quod

414 2073 571 2148 Lyciorum
610 2081 723 2145 gentem
758 2075 898 2131 adversus
936 2077 1072 2133 Rhodios
1096 2074 1269 2130 concitasset
1307 2071 1490 2146 graviorque

373 2174 392 2230 9
414 2179 497 2238 Asiae
513 2187 598 2246 esset,
617 2197 704 2251 quam
720 2181 882 2236 Antiochus
898 2179 1009 2244 fuisset,
1024 2180 1214 2256 popularibus
1231 2178 1345 2252 quidem
1369 2187 1490 2251 gratam

416 2284 496 2362 (nam
520 2303 554 2341 eo
578 2303 694 2358 quoque
715 2284 772 2340 iam
801 2284 889 2342 favor
911 2287 1011 2342 Persei
1036 2283 1169 2360 venerat)
1192 2285 1352 2340 orationem
1374 2280 1490 2350 habuit,

356 2387 392 2441 ¹0
415 2399 541 2448 ceterum
563 2389 687 2446 invisam
710 2390 823 2446 senatui
843 2391 1032 2466 inutilemque
1053 2392 1107 2447 sihi
1138 2397 1167 2446 et
1187 2389 1298 2446 civitati
1321 2406 1388 2447 suae.
1425 2386 1489 2443 Eu-

416 2497 494 2554 meni
519 2514 590 2553 vero
621 2495 797 2568 conspiratio
828 2497 968 2553 adversus
996 2516 1060 2553 eum
1083 2495 1214 2552 favorem
1241 2503 1312 2570 aput
1333 2495 1488 2551 Romanos

416 2602 494 2662 fecit.
539 2602 586 2657 Ita
614 2619 715 2657 omues
743 2602 768 2657 ei
799 2603 925 2658 honores
952 2602 1045 2657 habiti
1082 2602 1233 2674 donaque,
1261 2617 1326 2674 quae
1348 2598 1488 2672 cuiquam

417 2706 606 2781 amplissima,
629 2705 698 2760 data
720 2723 784 2760 cum
807 2707 880 2762 sella
902 2707 992 2764 curuli
1015 2708 1110 2781 adque
1132 2707 1259 2762 eburneo
1282 2705 1422 2780 scipione.

335 2789 374 2863 15
501 2810 710 2884 Legationibus
743 2810 883 2879 dimissis,
917 2831 981 2868 cum
1015 2811 1181 2888 Harpalus,
1214 2820 1323 2884 quanta
1356 2809 1490 2866 maxima

417 2915 564 2973 celeritate
593 2924 724 2990 poterat,
752 2934 901 2990 regressus
929 2917 957 2972 in
980 2917 1200 2985 Macedoniam,
1231 2915 1393 2971 nuntiasset
1414 2915 1489 2990 regi,

416 3021 544 3078 noudum
573 3021 688 3095 quidem
718 3033 854 3096 parantes
882 3021 989 3078 bellum
1018 3021 1168 3095 reliquisse
1190 3039 1222 3076 se
1242 3022 1412 3091 Romanos,
1435 3020 1489 3077 sed

376 3120 394 3176 2
415 3127 459 3186 ita
478 3126 609 3199 infestos,
631 3136 664 3184 ut
680 3127 767 3185 facile
787 3136 951 3202 appareret,
973 3145 1032 3182 non
1050 3127 1199 3197 dilaturos,
1222 3136 1250 3182 et
1271 3126 1343 3202 ipse,
1366 3137 1487 3201 prseter-

416 3397 442 3457 4,
465 3404 476 3446 l
498 3413 601 3448 causam
626 3399 669 3447 uel
694 3413 798 3447 cansam
818 3399 879 3446 belli
901 3395 1028 3462 (Coeperat
1045 3397 1158 3446 librarius
1174 3397 1275 3446 scribere
1295 3397 1368 3454 nelli;
1388 3395 1444 3446 dein
1463 3413 1489 3445 se

417 3485 539 3545 correxit.)
557 3489 561 3550 Ι
577 3486 650 3550 quari
681 3485 776 3534 2iorte
792 3486 796 3546 Ι
813 3501 966 3533 conmunem
996 3484 1021 3545 5,
1035 3490 1044 3532 l
1058 3484 1176 3531 omnibus
1188 3483 1329 3532 ciuitatium
1346 3484 1350 3543 Ι
1368 3490 1489 3531 curaerat

417 3575 434 3620 4
452 3571 610 3635 proferentis
657 3571 681 3630 6,
703 3577 715 3620 l
736 3580 761 3620 et
778 3571 874 3632 legatio
890 3574 894 3633 1
911 3579 965 3619 erat
980 3571 1029 3618 hac
1043 3570 1189 3619 lalsaiturus
1201 3571 1319 3633 princeps
1356 3568 1412 3634 My.
1428 3569 1486 3619 Em.

417 3673 469 3724 514
487 3673 575 3739 (Gryn.
594 3675 629 3722 Et
646 3674 743 3735 legatio
764 3674 849 3722 Rhod.
876 3680 930 3721 erut
954 3689 985 3720 ac
1009 3673 1114 3736 Satyrus
1132 3674 1261 3738 princeps)
1278 3675 1282 3735 Ι
1298 3673 1391 3721 dubius
1409 3688 1487 3736 quem

418 3766 434 3808 2
454 3762 565 3809 ciuitatis
589 3774 690 3821 quoqne
714 3775 761 3808 sua
778 3759 859 3822 persei
876 3758 930 3822 My.
952 3758 1043 3823 (Gryn.
1064 3761 1191 3808 civitatem
1212 3774 1314 3824 quoque
1333 3760 1421 3818 snam)
1459 3758 1486 3820 7,

418 3856 433 3899 2
450 3852 476 3899 in
486 3860 589 3899 senatus
604 3852 728 3913 querebat
760 3851 810 3906 8,1
825 3851 1043 3917 cumlcnntigisset
1053 3849 1121 3899 Dulc.
1149 3856 1164 3899 2
1183 3851 1393 3913 intemperantius
1407 3848 1484 3899 Gron.

418 3942 435 3986 l
461 3937 597 3985 anthiocus
640 3936 670 3995 9,
697 3941 708 3984 l
737 3937 888 4000 popularem
914 3938 1016 4000 quidem
1036 3937 1138 3999 quidem
1158 3939 1283 3998 ingratam
1302 3937 1405 4000 populis
1425 3951 1485 3986 nam

417 4021 473 4087 My.
484 4021 540 4070 Em.
551 4021 603 4070 514
621 4020 710 4087 (Gryn.
724 4023 873 4085 popularem
885 4024 986 4086 quidem
1001 4037 1030 4072 ac
1042 4032 1140 4084 gratam
1155 4025 1255 4087 populis
1267 4025 1336 4072 Asiae
1350 4027 1423 4085 (uam
1435 4024 1484 4086 -)

416 4125 485 4185 10‚3
499 4101 576 4173 fecito
592 4125 596 4189 Ι
612 4126 730 4188 donaque
745 4127 863 4190 cuiquam
880 4126 934 4191 My.
962 4126 1054 4192 (Grya.
1075 4130 1193 4190 donaque
1213 4143 1289 4190 quam
1310 4126 1486 4190 amplissima)

415 4210 477 4269 XV,
496 4211 520 4270 1,
548 4216 650 4274 lquan
669 4214 756 4263 exime
774 4213 886 4263 Muretus
903 4212 992 4279 (Gayn.
1014 4222 1108 4278 quanta
1127 4215 1233 4274 eximia)
1267 4215 1416 4278 aperantis
1456 4213 1483 4274 2,

420 4301 431 4344 l
452 4297 513 4361 ipsoe
