3475 5084
767 557 802 598 lx

254 755 333 806 mus,
370 737 446 794 illins
478 737 631 794 voluminis
662 738 777 813 pagina.
861 738 919 811 (De
959 739 1147 810 Vascosano,
1190 737 1314 798 Curione

254 820 377 894 aliisque
408 821 553 877 veteribus
588 820 744 877 editoribus
783 821 1013 878 emendationum
1052 822 1113 880 fere
1146 823 1312 897 exiguarum

252 903 421 960 auctoribus
461 923 514 959 nos
546 904 715 979 plerumque
747 904 987 960 Drakenborchio
1028 906 1183 962 credidisse
1225 907 1312 962 confi·

252 987 368 1058 tamur.)
402 986 513 1059 Quibus
536 988 656 1045 aliorum
679 988 848 1043 coniecturis
872 989 1006 1044 utendum
1030 1007 1087 1044 non
1109 988 1310 1056 iudicavimus,

253 1089 317 1144 qnae
342 1089 414 1126 sane
435 1070 532 1145 plures
553 1081 633 1135 sunt,
663 1089 713 1126 eas
740 1089 775 1126 ne
795 1070 963 1127 indicandas
991 1071 1104 1144 quidem
1132 1072 1314 1146 putavimuS,

254 1152 332 1226 quod
366 1173 419 1208 nec
456 1155 571 1209 omnino
603 1153 652 1209 illo
686 1153 871 1226 conquirendi
914 1165 943 1210 et
982 1155 1168 1210 enumerandi
1208 1174 1315 1228 genere

253 1236 433 1292 delectamur
459 1247 487 1292 et
509 1238 565 1304 eis,
589 1237 654 1310 qui,
685 1236 753 1310 quid
782 1237 811 1292 in
840 1255 955 1312 qunque
992 1236 1058 1293 loco
1093 1249 1231 1293 tentatum
1269 1238 1315 1306 sit,

253 1337 432 1392 cognoscere
454 1319 583 1393 cupient,
607 1318 786 1376 satisfactum
816 1322 853 1375 ab
877 1320 996 1376 Hermio
1021 1331 1084 1376 erat
1117 1339 1169 1376 nec
1197 1321 1315 1377 videba-

250 1411 299 1459 tur
334 1421 417 1471 esse,
452 1421 503 1458 cur
537 1423 572 1459 ea
601 1403 778 1458 enumeratio
814 1414 999 1475 repeteretur.
1059 1404 1188 1460 Subinde
1220 1415 1316 1463 tannen

254 1485 447 1542 indicavimus
468 1486 496 1541 in
524 1487 711 1542 annotatione
739 1487 916 1559 suspiciones
944 1486 1055 1560 aliquot
1079 1499 1107 1542 et
1135 1486 1255 1542 aliorum
1289 1501 1316 1544 et

255 1580 387 1635 nostras,
423 1587 495 1642 quas
527 1569 556 1625 in
588 1571 652 1643 ipsa
688 1569 819 1626 oratione
851 1569 999 1643 ponendas
1032 1589 1089 1625 non
1123 1571 1315 1644 putabamus,

253 1651 333 1726 qnod
372 1664 423 1707 aut
458 1653 591 1708 mendum
622 1671 679 1707 non
707 1671 826 1726 prorsus
855 1652 1037 1708 manifestum
1068 1666 1144 1710 esset
1172 1666 1222 1708 aut
1253 1671 1316 1710 cor-

252 1734 343 1790 rectio
367 1753 427 1790 non
461 1746 553 1805 certa,
580 1734 630 1818 qed
661 1754 733 1807 quas
764 1748 859 1791 tamen
891 1747 941 1792 aut
963 1736 1136 1809 probabiles
1166 1735 1316 1791 nonnullas

254 1819 371 1891 quidem
403 1818 506 1886 valde,
539 1829 676 1894 aut,non
706 1819 912 1893 improbabiles
941 1818 1149 1876 iudicabamus.
1193 1820 1261 1878 Uno
1289 1829 1317 1874 et

253 1900 346 1958 altero
370 1901 451 1970 loco,
473 1901 526 1956 etsi
548 1921 661 1957 omnem
684 1902 906 1975 disputationem
929 1902 1208 1976 explicationemque
1229 1902 1317 1958 ratio·

252 2003 321 2040 num
346 1985 576 2053 excluseramus,
604 1985 802 2040 brevissimam
826 1985 1048 2040 udmonitionem
1076 1986 1153 2042 reive
1175 1985 1317 2058 significa-

253 2068 362 2124 tionem
390 2068 591 2133 interimimus,
613 2067 749 2123 velutad
772 2068 879 2137 XLll,
904 2071 951 2136 42,
977 2074 985 2124 l
1014 2079 1127 2142 poterat
1149 2069 1218 2124 nihil
1240 2069 1317 2124 alind

254 2169 342 2224 quam
366 2151 493 2206 indicato
516 2151 667 2207 Strabonis
692 2151 757 2206 loco
779 2151 943 2225 significari,
972 2171 1062 2225 preve
1084 2165 1111 2207 et
1132 2151 1181 2207 illo
1203 2152 1267 2206 loco
1290 2163 1318 2208 et

253 2252 277 2290 c.
302 2237 359 2301 67,
385 2237 402 2288 9
432 2253 485 2307 pro
514 2253 549 2289 ea
571 2233 694 2289 nominis
718 2233 823 2303 forma,
846 2253 932 2308 quam
955 2234 1047 2290 codex
1071 2234 1114 2290 bis
1136 2235 1223 2290 habet
1245 2233 1316 2307 (An-

253 2318 366 2390 trones),
388 2337 406 2372 a
428 2315 556 2392 Grynaeo
575 2317 757 2372 substitutam
781 2328 808 2373 et
831 2338 849 2373 a
873 2317 989 2385 ceteris,
1013 2319 1098 2374 etiam
1120 2318 1250 2386 Hertzio,
1272 2337 1317 2374 re·
1402 2345 1407 2354 ·

253 2411 364 2456 tentam
395 2418 459 2456 esse
488 2420 567 2458 eam.
598 2419 661 2473 quae
690 2401 766 2474 apud
790 2401 949 2456 Homerum
973 2413 1001 2456 et
1022 2401 1156 2474 antiquus
1178 2402 1319 2475 reperitur

258 2483 408 2555 (Antron),
441 2483 478 2538 ad
500 2484 608 2550 XLII,
632 2487 680 2552 53,
704 2491 720 2538 b'
744 2485 832 2539 verbo
855 2483 967 2550 caveri,
993 2502 1028 2537 ne
1050 2495 1156 2538 temere
1178 2496 1316 2540 retentum

258 2566 395 2623 ecodice
425 2586 444 2622 a
472 2566 555 2622 nobis
586 2567 685 2639 primis
712 2566 857 2622 videretur
878 2567 1021 2640 Pythoum.
1065 2567 1110 2621 Ex
1134 2566 1183 2634 iis,
1205 2585 1268 2638 quae
1290 2566 1318 2622 in

255 2649 490 2706 emendationum
522 2648 708 2706 Livianarum
742 2649 888 2705 volumine
923 2667 1130 2722 posueramus,
1172 2667 1318 2723 perpauca

255 2743 306 2788 ant
328 2733 452 2788 aliorum
476 2733 585 2788 monitu
608 2744 657 2788 eut
685 2746 784 2788 nostra
806 2745 909 2806 sponte
931 2733 1086 2788 abiecimus
1112 2743 1140 2788 et
1162 2733 1318 2802 omisimus,

257 2834 345 2888 quum
369 2827 421 2871 aut
441 2816 647 2871 dubitationem
672 2835 872 2872 amoveremus
895 2829 959 2884 aut,
985 2817 1109 2872 haerente
1131 2816 1318 2884 dubitatione,

256 2898 421 2972 corrigendi
450 2910 545 2954 tamen
576 2910 709 2954 conatum
741 2919 799 2954 non
830 2900 1018 2972 probaremus
1052 2908 1102 2954 aut
1132 2899 1251 2955 meliora
1281 2900 1318 2956 ab

254 2981 321 3039 aliis
353 2982 535 3038 nobismet-ve
565 2983 635 3056 ipsis
658 2983 776 3037 iuventa
804 2991 907 3038 assent.
954 2981 1067 3048 Cetera,
1090 2981 1168 3054 quod
1192 2993 1268 3038 recte
1291 2994 1319 3038 et

254 3085 325 3122 vere
348 3076 377 3120 et
399 3065 579 3121 considerate
601 3065 708 3139 scripta
730 3065 943 3133 iudicabamus,
966 3065 1117 3132 tenuimus,
1139 3065 1224 3120 etiam
1247 3084 1318 3120 non·

253 3149 346 3218 nulla,
369 3157 471 3202 contra
493 3166 557 3222 quae
582 3150 619 3203 ab
642 3148 704 3203 aliis
726 3168 818 3222 nuper
838 3149 884 3203 vel
907 3148 1010 3203 acriter
1031 3147 1205 3222 disputatum
1222 3147 1317 3202 novis-

253 3251 363 3288 semus.
403 3231 482 3287 Nam
506 3251 593 3304 quum
618 3231 805 3305 complurium
829 3231 975 3287 hominum
992 3249 1044 3285 nec
1059 3241 1167 3286 tantum
1184 3230 1317 3286 iuvenum

253 3315 354 3370 studia
379 3314 417 3370 ad
439 3314 515 3370 Livii
536 3314 673 3370 librorum
695 3314 922 3370 emendationem
939 3313 1103 3369 tentandam
1120 3313 1163 3368 his
1179 3312 1318 3386 proximis

255 3397 342 3454 annis
366 3398 559 3453 commovisse
580 3397 690 3462 videar,
712 3417 810 3452 eorum
833 3397 970 3463 nonnulli,
993 3407 1021 3452 ut
1044 3397 1084 3465 fit,
1106 3395 1234 3450 studiose
1255 3415 1318 3452 eos·

255 3481 322 3537 dem
345 3481 445 3548 locos,
477 3499 550 3554 quos
579 3499 633 3553 ego
655 3491 847 3536 tractaveram
871 3480 1053 3554 primusque,
1084 3479 1151 3552 quid
1180 3479 1319 3536 haberent

255 3563 447 3620 dubitationis
469 3563 714 3637 difficultatisque,
730 3563 921 3629 ostenderam,
936 3563 1134 3619 retractandos
1149 3561 1203 3617 sibi
1219 3580 1320 3636 sump-

256 3657 374 3706 serunt.
406 3647 491 3702 etiam
513 3647 543 3702 in
564 3647 609 3702 his
632 3646 758 3719 quinque
779 3646 867 3702 libris.
912 3645 996 3718 Quod
1020 3656 1051 3700 ut
1073 3645 1224 3718 aliquoties
1247 3646 1319 3702 bene

256 3741 309 3786 ant
331 3729 447 3803 egregie
467 3731 561 3798 cessit,
586 3730 626 3785 ita
648 3748 704 3784 non
727 3748 804 3795 raro,
827 3747 895 3784 vere
917 3741 947 3784 ut
968 3729 1071 3797 dictam,
1094 3728 1161 3783 mihi
1178 3728 1318 3796 videntur,

257 3831 324 3887 quae
345 3826 424 3869 recte
445 3824 547 3868 curata
571 3825 673 3879 essent,
696 3812 839 3867 deteriora
858 3811 969 3867 fecisse.
1006 3812 1109 3884 ltaque
1131 3823 1230 3866 nostra
1251 3811 1319 3866 sim·

256 3895 372 3970 pliciter
394 3895 471 3951 tenui
494 3915 587 3969 neque
610 3914 685 3950 nunc
704 3895 799 3950 multis
821 3895 917 3950 verbis
942 3894 1124 3968 expositurus
1147 3913 1225 3962 sum,
1251 3894 1318 3968 quid

256 3978 328 4034 mibi
351 3997 417 4055 non,
430 3989 507 4035 recte
529 3978 699 4043 obiecerint,
733 3978 801 4051 qnid
823 3977 878 4050 ipsi
901 3987 950 4032 aut
969 3997 987 4032 a
1008 3977 1154 4032 sententiae
1175 3976 1270 4032 forma
1291 3988 1318 4033 et

257 4060 445 4118 inclinatione
459 4080 494 4117 ac
509 4079 662 4136 progressu
679 4071 730 4116 ant
751 4080 769 4116 a
790 4061 943 4117 verborum
961 4073 1040 4116 recto
1065 4079 1117 4115 usu
1138 4072 1166 4114 et
1181 4060 1318 4116 orationis

259 4143 490 4201 conformatione
512 4145 598 4217 (velut
620 4144 650 4199 in
672 4145 824 4198 verborum
842 4143 952 4215 ordine)
978 4155 1027 4198 eut
1049 4161 1067 4197 a
1089 4143 1216 4216 vestigiis
1239 4142 1318 4198 codi-

260 4227 299 4284 cis
321 4247 391 4283 vere
413 4228 606 4283 coniectandis
637 4227 850 4293 aberraverint;
879 4245 965 4281 unum
994 4235 1023 4280 et
1044 4226 1163 4281 alterum
1187 4225 1319 4281 admoni-

261 4311 346 4367 tionis
374 4329 463 4366 causa
492 4311 522 4366 in
548 4322 714 4366 transcursu
736 4308 932 4382 attingendum
959 4308 1028 4376 erit,
1059 4327 1152 4381 neque
1174 4326 1224 4362 cur
1249 4308 1318 4364 alio-
