3475 5084
645 577 702 625 nra.
721 575 961 629 xxva-mx.
1011 544 1013 557 '
1253 580 1286 635 31

273 783 387 824 venerat.
436 774 488 824 Res
510 781 631 848 praeterea
657 790 673 823 a
694 775 728 833 ¹P.
747 773 865 838 Scipione
893 773 920 821 in
939 774 1064 837 Hispania
1090 783 1115 822 et
1137 773 1199 822 aP.
1220 774 1334 837 Sulpicio
1403 814 1405 837 ,

272 875 382 932 praetore
401 868 684 944 adversnsOPhilippum
702 874 729 915 et
748 867 856 916 Achaeos
876 871 962 927 gestas
981 866 1101 915 eontinet.

663 1028 712 1077 EX
732 1027 798 1077 LIB.
817 1027 943 1076 XXVIII.

347 1143 442 1193 Rasin
460 1144 586 1208 Hispania
604 1121 724 1207 prospare
747 1152 826 1205 gestie
844 1118 865 1191 'a
883 1142 972 1193 Silano
990 1142 1116 1208 Scipionis
1142 1145 1228 1208 legato
1251 1156 1276 1196 et
1300 1149 1333 1197 ab
1363 1188 1364 1195 ,

272 1236 305 1285 L,
327 1235 446 1299 Scipione
470 1235 549 1285 fratre
572 1237 691 1286 adversus
709 1237 818 1295 Poenos,
846 1251 862 1284 a
880 1236 993 1299 Sulpicio
1018 1251 1131 1299 procos,
1157 1240 1225 1288 socio
1244 1240 1334 1291 Attalo

272 1344 336 1392 rege
358 1330 433 1387 Asia,
452 1328 573 1378 adversus
587 1327 733 1393 Philippum
752 1342 838 1391 regem
857 1328 1029 1377 Macedonum
1047 1344 1093 1391 pro
1106 1330 1203 1380 AEtolis
1220 1332 1334 1383 referun-

273 1429 325 1472 tur.
359 1422 445 1482 Quum
456 1422 492 1471 M.
506 1422 579 1471 Livio
597 1428 623 1470 et
642 1420 862 1470 Claudianorum
881 1435 945 1470 coss.
965 1406 1107 1485 triumphus
1125 1424 1239 1474 decretus
1258 1435 1332 1487 esset,

272 1515 369 1575 Livius,
390 1516 477 1578 quiin
495 1514 624 1578 provincia
642 1528 689 1562 sua
702 1528 755 1562 rem
768 1522 890 1575 gesserat,
911 1514 1039 1575 quadrigis
1059 1516 1173 1566 invectus
1191 1524 1237 1577 est,
1256 1519 1332 1581 Nero,

272 1609 364 1672 quiin
382 1608 486 1671 collegae
504 1607 669 1671 provinciam,
697 1615 725 1655 ut
742 1607 874 1656 victoriam
894 1606 947 1655 cius
970 1608 1109 1668 adiuvaret,
1132 1619 1243 1671 venerat,
1267 1626 1333 1677 equo

273 1706 378 1751 secutus
396 1707 447 1759 est,
473 1708 498 1749 at
518 1702 545 1749 in
568 1702 618 1750 hoc
635 1700 725 1749 habitu
742 1701 799 1763 plus
818 1700 906 1763 gloria
924 1703 1121 1766 reverentiaeque
1146 1703 1248 1765 habuit;
1272 1720 1332 1755 nam

274 1803 301 1844 et
318 1794 376 1858 plus
396 1794 423 1841 iu
440 1794 510 1842 bello
527 1808 602 1857 quam
621 1794 722 1855 collega
739 1792 841 1842 fecerat.
884 1792 952 1855 Ignis
970 1794 997 1842 iu
1010 1797 1064 1844 ade
1074 1796 1160 1845 Vestae
1178 1798 1334 1860 negligentia

273 1887 391 1949 virginis,
413 1900 469 1950 qute
481 1902 533 1935 non
547 1887 707 1946 custodierat,
725 1887 866 1935 exstinctus
882 1892 933 1945 est3
952 1901 1018 1936 caesa
1036 1896 1074 1937 eat
1086 1888 1174 1950 flagro.
1206 1887 1235 1938 P.
1248 1890 1333 1955 Scipio

273 1984 300 2031 in
309 1981 435 2044 Hispania
452 1994 509 2028 eum
519 1980 606 2029 Poenis
626 1979 865 2043 debellavitquarto
881 1981 979 2028 decimo
998 1994 1065 2029 auno
1085 1981 1138 2031 eius
1157 1982 1226 2039 belli,
1245 1984 1334 2044 quinto

273 2082 333 2139 post
343 2089 420 2132 anno,
439 2088 515 2135 quam
528 2074 600 2132 ierat,
617 2074 799 2138 praeclusisque
818 2073 843 2120 iu
862 2079 943 2123 totum
957 2074 1118 2135 possessione
1128 2074 1265 2137 provinciae
1279 2077 1333 2126 eius

273 2167 391 2216 hostibus
410 2164 546 2228 Hispanias
569 2165 678 2229 recepit;
706 2172 732 2214 et
750 2180 765 2213 a
783 2164 929 2213 Tarracone
952 2165 978 2213 in
995 2164 1112 2215 Africam
1138 2167 1171 2214 ad
1191 2166 1333 2232 Syphacem

275 2254 362 2323 regaiu
385 2258 564 2321 Massyliorum
572 2251 594 2320 ι)
622 2264 779 2306 transvectus
803 2256 887 2305 foedus
910 2257 999 2307 iunxit.
1043 2259 1189 2309 Hasdrubal
1211 2258 1333 2324 Gisgonis

274 2353 311 2403 ibi
331 2367 388 2401 oum
407 2366 437 2400 eo
454 2352 481 2398 iu
500 2351 590 2399 eodem
611 2350 678 2398 lecto
697 2351 805 2399 cenavit.
841 2350 936 2400 Munus
960 2350 1138 2412 gladiatorium
1162 2354 1188 2401 in
1211 2354 1334 2404 honorem

274 2445 355 2510 patris
374 2445 506 2508 patruique
525 2442 675 2505 Carthagini
692 2442 766 2493 Nova
783 2444 870 2503 edidit,
899 2457 950 2491 non
968 2457 1001 2491 ex
1018 2444 1211 2506 gladiatoribus,
1236 2448 1280 2495 sed
1299 2462 1333 2495 ex

274 2538 316 2599 iis,
341 2537 384 2599 qui
403 2545 447 2585 aut
464 2538 490 2585 iu
508 2536 633 2586 honorem
659 2537 730 2585 ducis
757 2545 801 2584 aut
826 2550 859 2583 ex
878 2537 1059 2600 provocatione
1079 2536 1280 2599 descendebaut3
1306 2540 1332 2589 in

273 2646 325 2696 quo
350 2632 432 2693 reguli
455 2630 545 2679 fratres
564 2630 595 2678 de
620 2644 699 2692 regno
726 2628 794 2678 ferro
815 2628 1006 2678 contenderunt.
1047 2627 1130 2688 Quum
1151 2624 1251 2692 etsist)
1273 2632 1332 2681 urbs

273 2731 474 2788 oppugnaretur,
493 2722 614 2786 oppidani
624 2722 718 2771 liberos
733 2728 761 2770 et·
772 2721 894 2783 coniuges
913 2736 976 2784 rogo
996 2731 1124 2772 exstructo
1143 2724 1290 2773 occiderunt
1307 2734 1332 2773 et

272 2831 301 2866 se
319 2817 423 2879 insuper
440 2816 669 2879 praecipitaverunt.
706 2814 764 2879 Ipsa
783 2814 884 2878 Scipio,
910 2816 970 2863 duru
989 2816 1061 2878 gravi
1083 2816 1171 2865 morbo
1195 2817 1332 2880 implicitus

273 2919 321 2969 est,
340 2910 489 2960 seditionem
508 2909 535 2956 in
552 2916 626 2971 parte
643 2909 770 2957 exereitus
789 2914 886 2955 motam
905 2906 1067 2957 confirmatus
1078 2909 1332 2959 discussitrcbellan-

273 3013 363 3067 tesqua
381 3001 511 3065 Hispaniae
529 3001 637 3064 populos
648 3002 731 3061 coegit
750 3001 776 3048 in
794 3000 948 3047 deditionem
967 3001 1059 3060 venire,
1080 3008 1113 3061 et,
1133 3002 1245 3049 amicitia
1263 3001 1332 3051 faeta

273 3112 332 3145 cum
351 3094 487 3144 Masinissa
504 3106 563 3154 rege
574 3091 757 3149 Numidarum,
776 3093 819 3156 qui
837 3091 876 3139 illi
896 3092 1028 3150 auxilinm,
1047 3094 1067 3141 si
1085 3093 1112 3140 in
1122 3092 1238 3142 Africam
1257 3094 1332 3142 traie-

273 3190 359 3247 cisset,
377 3186 553 3250 pollicebatur,
573 3200 629 3232 cum
649 3184 782 3233 Gaditanis
801 3198 901 3247 quoque
914 3190 973 3246 post
982 3184 1120 3233 discessum
1132 3186 1191 3234 iude
1202 3186 1331 3248 Magonis,

273 3279 480 3341 cniCarthagiue
499 3276 620 3341 scriptum
639 3284 700 3338 erat,
724 3284 753 3326 ut
771 3278 796 3325 iu
814 3276 917 3324 Italiam
936 3276 1069 3334 traiiceret‚
1090 3276 1197 3327 R'omam
1216 3294 1331 3329 reversus

272 3374 412 3435 consulque
445 3377 545 3421 creatus
577 3378 618 3418 ast.
665 3368 780 3419 Africam
807 3368 965 3434 provinciam
996 3370 1107 3431 petenti,
1142 3374 1330 3423 contradicente

230 3475 234 3479 '
274 3466 305 3525 Q.
325 3467 408 3515 Fabio
426 3467 556 3529 Maximo,
592 3466 680 3517 Sicilia
707 3466 768 3513 data
789 3470 840 3522 est,
868 3461 1085 3526 permissumque,
1118 3471 1146 3512 ut
1170 3464 1195 3511 in
1214 3464 1329 3514 Africam

271 3559 413 3621 traiiceret,
442 3560 462 3609 si
489 3562 515 3608 id
539 3574 552 3608 e
578 3560 727 3623 republica
751 3572 805 3607 esse
830 3561 952 3603 censeret.
990 3554 1069 3615 Mago
1088 3555 1241 3607 Hamilcaris
1263 3558 1330 3607 filius

272 3668 289 3698 a
305 3652 404 3700 minore
422 3652 524 3701 Baleari
542 3652 633 3710 insula,
652 3653 695 3701 ubi
714 3649 877 3705 hiemaverat,
894 3647 921 3695 iu
939 3645 1038 3695 Italiam
1058 3648 1163 3697 traiecit.

671 3810 721 3860 EX
739 3810 806 3859 LIB.
825 3808 925 3858 XXIX.

341 3919 384 3973 Hx
410 3925 498 3976 Sicilia
522 3925 550 3976 0.
570 3927 663 3975 Laelius
692 3928 719 3975 in
746 3924 862 3975 Africam
890 3940 905 3973 a
933 3924 1052 3988 Scipione
1079 3925 1170 3974 missus
1202 3926 1329 3987 ingentem

270 4020 382 4081 praedam
402 4020 540 4083 reportavit
558 4026 582 4067 et
603 4020 724 4067 mandata
741 4018 883 4067 Masinissa
903 4017 1015 4081 Scipioni
1034 4019 1166 4080 exposuit,
1191 4018 1327 4081 querentis,

271 4110 341 4174 quod
365 4112 477 4159 noudum
498 4104 635 4160 exercitum
661 4112 688 4160 in
709 4111 822 4160 Africam
847 4110 1015 4159 traiecisset·
1039 4109 1140 4158 Bellum
1159 4110 1185 4157 in
1205 4109 1329 4174 Hispania

271 4202 371 4251 finitum
384 4203 478 4251 victore
490 4204 616 4264 Romano,
632 4205 701 4266 quod
711 4203 828 4275 Indibilis
843 4204 1009 4264 excitaverat;
1028 4202 1082 4265 ipae
1100 4203 1126 4251 in
1145 4200 1198 4250 acie
1219 4202 1326 4255 occisus.

328 4402 346 4452 ¹)
361 4403 527 4443 Masnsultornm
542 4407 581 4445 tto.
599 4421 615 4448 ο,
634 4409 665 4446 17.
721 4403 743 4453 'l
759 4403 839 4453 Astapa
854 4407 894 4445 tta.
911 4417 928 4443 c.
946 4406 977 4443 22.
