3475 5084
476 548 514 604 68
895 542 1026 593 Periocha

432 741 548 800 Parthos,
564 740 607 805 qni
626 741 651 788 in
670 740 770 804 Syriam
788 737 1004 801 transcenderant,
1023 741 1123 792 cecidit.
1159 741 1188 789 ln
1205 742 1330 805 petitione
1343 741 1479 790 consulatus

432 833 470 885 M.
490 831 554 883 Cato
573 834 698 896 repulsam
716 832 783 890 tulit,
808 835 900 885 creatis
919 834 1066 883 consulibus
1085 833 1139 883 Ser.
1159 832 1279 897 Sulpicio,
1300 831 1338 884 M.
1357 832 1481 883 Marcello.

433 924 463 978 C.
483 924 568 975 Cusas
585 925 735 974 bellovacus
760 939 817 974 curn
840 926 898 975 aliis
925 924 1059 975 Gallorum
1086 926 1186 989 populis
1210 926 1315 976 domuit.
1363 923 1482 973 Praeterea

433 1019 608 1067 contentiones
629 1018 696 1066 inter
713 1019 830 1067 consules
848 1020 881 1067 de
899 1031 1044 1067 successore
1065 1017 1095 1069 C.
1114 1015 1208 1066 Caesari
1233 1018 1373 1075 mittendo,
1398 1024 1483 1079 agents

431 1111 458 1159 in
477 1118 565 1159 senatu
584 1109 622 1161 M.
632 1109 757 1159 Marcello
775 1124 835 1168 cos,
855 1119 884 1159 ut
899 1110 985 1159 Caesar
1003 1112 1034 1158 ad
1053 1111 1198 1174 petitionem
1217 1111 1367 1159 consulatus
1385 1110 1483 1167 veniret,

431 1218 509 1267 quum
533 1204 555 1252 is
578 1203 634 1264 lege
656 1203 710 1251 lata
735 1204 761 1251 in
784 1209 885 1266 tempus
907 1201 1055 1251 consulatue
1080 1202 1223 1265 provincias
1241 1178 1358 1253 obdne're
1376 1203 1484 1260 deberet,

431 1309 521 1357 resque
539 1310 556 1343 a
573 1295 611 1346 M.
629 1295 722 1345 Bibulo
741 1296 768 1343 in
786 1294 860 1359 Syria
877 1303 962 1357 gestas
981 1294 1102 1345 continet.

846 1466 896 1517 EX
913 1466 982 1519 LIB.
1001 1465 1070 1526 CIX,

671 1601 731 1663 QUI
748 1603 815 1654 EST
833 1600 965 1653 CIVILIS
985 1600 1089 1651 BELLI
1106 1600 1250 1653 PRIMUS.

499 1735 590 1791 causta
612 1740 722 1790 civilium
745 1754 870 1789 armorum
897 1748 923 1789 et
948 1741 1020 1789 initia
1043 1738 1185 1789 referuntur
1208 1738 1440 1801 contentionesque
1457 1738 1485 1785 de

431 1847 575 1885 successore
593 1830 624 1882 C.
638 1831 733 1881 Caesari
752 1834 883 1892 mittendo,
902 1846 979 1895 quum
1000 1846 1027 1881 se
1045 1833 1205 1881 dimissurum
1224 1831 1352 1880 exercitus
1372 1838 1485 1893 negaret,

429 1927 478 1975 nisi
497 1942 513 1975 a
533 1925 655 1988 Pompeio
674 1926 868 1977 dimitterentur.
904 1926 938 1975 Et
950 1924 980 1977 (l.
994 1923 1112 1973 Curionis
1131 1933 1163 1975 tr.
1180 1924 1216 1986 pl.
1234 1924 1346 1986 primum
1364 1925 1485 1971 adversm

432 2019 566 2077 Caesarem,
584 2018 643 2065 dein
661 2032 707 2085 pro
720 2015 821 2067 (lesere
839 2016 952 2067 actiones
972 2019 1093 2069 continet.
1131 2014 1214 2076 Quum
1224 2023 1328 2065 senatus
1338 2014 1484 2063 consultum

429 2109 523 2161 factum
544 2117 618 2169 esset,
637 2089 666 2157 nt
683 2124 815 2171 successor
834 2108 927 2159 Caesari
946 2109 1095 2169 mitteretur,
1115 2108 1151 2160 M.
1165 2109 1279 2157 Antonio
1298 2115 1325 2155 et
1344 2105 1377 2165 Q.
1397 2105 1485 2155 Cassio

429 2211 461 2255 tr.
470 2203 515 2266 pl..
534 2203 653 2264 quonium
672 2195 895 2251 intercessionibus
910 2202 935 2249 id
950 2210 1052 2250 senatus
1067 2201 1210 2251 consultum
1221 2200 1406 2264 impediebant,
1428 2199 1485 2246 urbe

427 2295 516 2359 pulsis,
534 2295 734 2356 mandatumque
752 2308 768 2341 a
785 2304 874 2343 senatu
893 2294 1040 2343 consulibus
1058 2301 1084 2342 et
1102 2290 1149 2344 Cn.
1164 2292 1295 2354 Pompeio,
1315 2300 1344 2340 ut
1362 2292 1484 2348 riderent,

428 2387 540 2449 nequid
559 2401 599 2435 res
616 2386 720 2449 publica
737 2387 881 2435 detrimenti
901 2395 1014 2449 caperet,
1043 2384 1073 2437 C.
1093 2383 1180 2434 Cacsar
1203 2385 1271 2433 bello
1289 2384 1413 2432 inimicos
1431 2398 1484 2447 per·

428 2490 560 2529 secuturus
584 2493 641 2526 cum
666 2479 779 2527 exercitu
802 2480 829 2527 in
846 2478 949 2527 Italiam
973 2480 1056 2537 venit,
1083 2476 1223 2527 Corfinium
1242 2491 1300 2525 cum
1319 2478 1351 2527 L.
1372 2476 1487 2525 Domitio

428 2580 454 2621 et
470 2572 502 2623 P.
520 2571 630 2621 Lentulo
648 2572 716 2634 cepit
733 2585 826 2633 eosque
845 2571 950 2631 dimisit,
969 2570 1018 2623 (ln.
1036 2569 1187 2635 Pompeium
1207 2577 1360 2631 ceterosque
1379 2570 1488 2633 partium

428 2665 482 2713 eius
500 2662 578 2712 Italia
595 2662 702 2725 expulit.

849 2866 900 2917 nx
917 2868 987 2935 nra,
1003 2867 1058 2931 cx,
1144 2871 1151 2935 ἰ

638 3002 699 3065 ent
717 3005 784 3055 usn
804 3004 935 3057 c1vmrs
954 3006 1059 3056 santi
1079 3004 1275 3057 securibus,

495 3141 526 3195 Ο.
546 3142 630 3192 Cesar
647 3141 805 3200 Massiliam,
830 3156 887 3204 qua
905 3153 991 3208 portas
1010 3146 1132 3202 cluserat,
1157 3142 1258 3190 obsedit
1276 3148 1316 3200 et,
1342 3142 1443 3191 relictis
1460 3143 1486 3189 in

425 3236 557 3285 obsidione
580 3235 651 3284 urbis
673 3236 727 3283 eius
752 3234 844 3298 legatis
871 3236 900 3287 C.
923 3237 1052 3287 Trebonio
1079 3245 1103 3283 et
1127 3234 1160 3288 D.
1181 3234 1276 3291 Bruto,
1300 3231 1436 3296 profectus
1460 3232 1485 3279 in

424 3329 576 3392 Hispaniam
593 3328 623 3379 1..
639 3327 774 3376 Afranium
793 3335 818 3375 et
832 3328 870 3379 M.
886 3327 1022 3387 Petreium,
1040 3329 1139 3389 legatos
1153 3326 1199 3377 Cn.
1210 3324 1336 3388 Pompeii,
1356 3340 1417 3375 cum
1432 3324 1485 3374 vn

423 3421 568 3483 legionibus
586 3422 619 3469 ad
637 3420 746 3468 llcrdam
773 3421 799 3467 in
823 3420 978 3469 deditionem
1002 3420 1101 3483 accepit
1120 3430 1259 3479 omnesque
1284 3416 1428 3465 incolumes
1447 3417 1485 3465 di·

423 3512 499 3570 misit,
518 3513 634 3574 Varrone
646 3526 755 3575 qnoque,
773 3512 858 3573 legato
869 3510 992 3575 Pompeii,
1011 3526 1068 3559 cum
1083 3511 1196 3559 exercitu
1206 3509 1232 3556 in
1242 3516 1398 3571 potestatem
1410 3524 1484 3557 suam

423 3605 536 3655 reducto.
580 3604 714 3654 Gaditanis
742 3599 868 3653 civitatem
895 3604 973 3655 dedit.
1017 3604 1190 3652 Massilienses
1217 3602 1317 3650 duobus
1346 3602 1484 3649 navalibus

423 3696 519 3760 proeliis
537 3697 595 3745 victi
613 3706 671 3760 post
688 3697 791 3759 longam
810 3696 968 3768 obsidionem
994 3696 1113 3758 potestati
1133 3694 1238 3745 casaris
1257 3708 1285 3743 se
1302 3694 1485 3755 permiserunt.

425 3788 454 3840 0.
477 3791 604 3838 Antonius
626 3790 726 3851 legatus
751 3786 858 3837 Caesaris
884 3788 950 3837 mule
979 3788 1097 3837 adversus
1122 3786 1293 3849 Pompeianos
1320 3786 1347 3834 in
1376 3785 1483 3849 Illyrico

422 3883 499 3931 rebus
518 3883 596 3945 gestis
616 3891 704 3945 captus
723 3889 775 3942 est;
798 3881 825 3929 in
844 3894 895 3943 quo
913 3880 981 3929 bello
1001 3878 1141 3944 Opitergini
1160 3878 1348 3941 Transpadani,
1371 3878 1483 3927 Caesaris

422 3976 567 4034 auxiliares,
592 3982 646 4023 rate
666 3989 712 4023 suu
731 3974 763 4022 ab
782 3973 917 4022 hostilibus
936 3973 1042 4020 navibus
1061 3971 1139 4028 clusa,
1162 3971 1245 4034 potius
1264 3983 1340 4031 qnam
1360 3970 1388 4019 in
1407 3980 1482 4034 pote·

421 4044 512 4118 statem
530 4068 642 4117 bostium
660 4067 782 4124 venirent,
801 4067 866 4114 inter
885 4080 910 4114 se
930 4072 1109 4113 concurrentes
1129 4064 1312 4113 occubuerunt.
1348 4062 1379 4113 C.
1392 4061 1480 4121 Curio,

420 4160 521 4221 legatus
540 4158 648 4209 Cassiis
666 4160 692 4207 in
710 4158 807 4217 Africa,
832 4173 908 4221 quum
928 4171 1047 4220 prospere
1070 4157 1191 4204 adversus
1210 4155 1318 4213 Varum,
1342 4154 1481 4219 Pompeia·

421 4266 512 4299 narum
529 4252 638 4315 partium
652 4252 750 4311 ducem,
768 4258 915 4317 pugnasset,
935 4264 950 4297 a
966 4248 1030 4296 luba
1042 4262 1101 4311 rege
1115 4246 1281 4296 Mauretania
1293 4262 1351 4295 cum
1364 4248 1479 4297 exercitu

421 4358 500 4393 casus
519 4351 565 4395 est.
601 4342 632 4395 (l.
651 4342 737 4393 Ceasar
754 4342 780 4390 in
799 4340 924 4391 (isacium
943 4341 1051 4394 traiecit.
