<?xml version="1.0" encoding="UTF-8"?>
<!DOCTYPE html PUBLIC "-//W3C//DTD XHTML 1.0 Transitional//EN"
    "http://www.w3.org/TR/xhtml1/DTD/xhtml1-transitional.dtd">
<html xmlns="http://www.w3.org/1999/xhtml" xml:lang="en" lang="en">
 <head>
  <title>
</title>
<meta http-equiv="Content-Type" content="text/html;charset=utf-8" />
  <meta name='ocr-system' content='tesseract 3.04.00' />
  <meta name='ocr-capabilities' content='ocr_page ocr_carea ocr_par ocr_line ocrx_word'/>
</head>
<body>
  <div class='ocr_page' id='page_1' title='image "./titiliviihistor02ussigoog_0012.png"; bbox 0 0 3475 5084; ppageno 0'>
   <div class='ocr_carea' id='block_1_1' title="bbox 933 609 967 650">
    <p class='ocr_par' dir='ltr' id='par_1_1' title="bbox 933 609 967 650">
     <span class='ocr_line' id='line_1_1' title="bbox 933 609 967 650; baseline 0.118 -4"><span class='ocrx_word' id='word_1_1' title='bbox 933 609 967 650; x_wconf 77' lang='lat' dir='ltr'>VI</span> 
     </span>
    </p>
   </div>
   <div class='ocr_carea' id='block_1_2' title="bbox 411 788 1503 1862">
    <p class='ocr_par' dir='ltr' id='par_1_2' title="bbox 411 788 1503 1862">
     <span class='ocr_line' id='line_1_2' title="bbox 418 788 1503 864; baseline -0.004 -17"><span class='ocrx_word' id='word_1_2' title='bbox 418 790 486 848; x_wconf 89' lang='lat' dir='ltr'>dum</span> <span class='ocrx_word' id='word_1_3' title='bbox 515 808 573 846; x_wconf 91' lang='lat' dir='ltr'>non</span> <span class='ocrx_word' id='word_1_4' title='bbox 595 790 841 847; x_wconf 89' lang='lat' dir='ltr'>accommodanda</span> <span class='ocrx_word' id='word_1_5' title='bbox 863 788 990 850; x_wconf 84' lang='lat' dir='ltr'>codicem</span> <span class='ocrx_word' id='word_1_6' title='bbox 1012 792 1102 847; x_wconf 85' lang='lat' dir='ltr'>secuti</span> <span class='ocrx_word' id='word_1_7' title='bbox 1122 809 1238 861; x_wconf 85' lang='lat' dir='ltr'>sumus,</span> <span class='ocrx_word' id='word_1_8' title='bbox 1260 797 1397 864; x_wconf 89' lang='lat' dir='ltr'>quantum</span> <span class='ocrx_word' id='word_1_9' title='bbox 1420 805 1474 862; x_wconf 92' lang='lat' dir='ltr'>po·</span> <span class='ocrx_word' id='word_1_10' title='bbox 1499 847 1503 851; x_wconf 66' lang='grc'>,</span> 
     </span>
     <span class='ocr_line' id='line_1_3' title="bbox 418 871 1475 948; baseline -0.004 -18"><span class='ocrx_word' id='word_1_11' title='bbox 418 873 533 943; x_wconf 88' lang='lat' dir='ltr'>tuimus,</span> <span class='ocrx_word' id='word_1_12' title='bbox 564 882 593 930; x_wconf 89' lang='lat' dir='ltr'>et</span> <span class='ocrx_word' id='word_1_13' title='bbox 621 873 651 928; x_wconf 91' lang='lat' dir='ltr'>in</span> <span class='ocrx_word' id='word_1_14' title='bbox 672 873 774 930; x_wconf 88' lang='lat' dir='ltr'>ceteris</span> <span class='ocrx_word' id='word_1_15' title='bbox 797 873 974 947; x_wconf 66' lang='lat' dir='ltr'><strong>antiquiores</strong></span> <span class='ocrx_word' id='word_1_16' title='bbox 995 872 1123 943; x_wconf 85' lang='lat' dir='ltr'>formas,</span> <span class='ocrx_word' id='word_1_17' title='bbox 1144 892 1208 948; x_wconf 76' lang='lat' dir='ltr'>quas</span> <span class='ocrx_word' id='word_1_18' title='bbox 1233 872 1346 947; x_wconf 92' lang='lat' dir='ltr'>quidem</span> <span class='ocrx_word' id='word_1_19' title='bbox 1375 871 1475 945; x_wconf 80' lang='lat' dir='ltr'>probae</span> 
     </span>
     <span class='ocr_line' id='line_1_4' title="bbox 416 953 1483 1027; baseline -0.002 -16"><span class='ocrx_word' id='word_1_20' title='bbox 416 955 591 1023; x_wconf 87' lang='lat' dir='ltr'>viderentur,</span> <span class='ocrx_word' id='word_1_21' title='bbox 615 966 665 1012; x_wconf 88' lang='lat' dir='ltr'>aut</span> <span class='ocrx_word' id='word_1_22' title='bbox 685 967 857 1024; x_wconf 79' lang='lat' dir='ltr'>constanter,</span> <span class='ocrx_word' id='word_1_23' title='bbox 873 956 999 1012; x_wconf 81' lang='lat' dir='ltr'>codicem</span> <span class='ocrx_word' id='word_1_24' title='bbox 1015 957 1114 1027; x_wconf 89' lang='lat' dir='ltr'>secuti,</span> <span class='ocrx_word' id='word_1_25' title='bbox 1136 957 1278 1013; x_wconf 89' lang='lat' dir='ltr'>tenuimus</span> <span class='ocrx_word' id='word_1_26' title='bbox 1300 956 1342 1026; x_wconf 91' lang='lat' dir='ltr'>(ut</span> <span class='ocrx_word' id='word_1_27' title='bbox 1364 953 1395 1010; x_wconf 90' lang='lat' dir='ltr'>in</span> <span class='ocrx_word' id='word_1_28' title='bbox 1416 955 1483 1010; x_wconf 77' lang='lat' dir='ltr'>obi-¹</span> 
     </span>
     <span class='ocr_line' id='line_1_5' title="bbox 416 1038 1472 1114; baseline -0.003 -18"><span class='ocrx_word' id='word_1_29' title='bbox 416 1057 484 1108; x_wconf 84' lang='lat' dir='ltr'>cere,</span> <span class='ocrx_word' id='word_1_30' title='bbox 507 1039 599 1113; x_wconf 86' lang='lat' dir='ltr'>adque</span> <span class='ocrx_word' id='word_1_31' title='bbox 627 1058 681 1114; x_wconf 90' lang='lat' dir='ltr'>pro</span> <span class='ocrx_word' id='word_1_32' title='bbox 711 1048 807 1113; x_wconf 83' lang='lat' dir='ltr'>etque,</span> <span class='ocrx_word' id='word_1_33' title='bbox 834 1038 911 1109; x_wconf 79' lang='lat' dir='ltr'>aliis)</span> <span class='ocrx_word' id='word_1_34' title='bbox 934 1049 983 1094; x_wconf 88' lang='lat' dir='ltr'>aut</span> <span class='ocrx_word' id='word_1_35' title='bbox 1004 1039 1095 1096; x_wconf 84' lang='lat' dir='ltr'>sicubi</span> <span class='ocrx_word' id='word_1_36' title='bbox 1118 1040 1222 1096; x_wconf 81' lang='lat' dir='ltr'>oblatae</span> <span class='ocrx_word' id='word_1_37' title='bbox 1243 1047 1338 1096; x_wconf 86' lang='lat' dir='ltr'>essent</span> <span class='ocrx_word' id='word_1_38' title='bbox 1358 1039 1402 1104; x_wconf 84' lang='lat' dir='ltr'>(ut</span> <span class='ocrx_word' id='word_1_39' title='bbox 1423 1055 1472 1112; x_wconf 86' lang='lat' dir='ltr'>op·</span> 
     </span>
     <span class='ocr_line' id='line_1_6' title="bbox 417 1122 1473 1197; baseline -0.004 -17"><span class='ocrx_word' id='word_1_40' title='bbox 417 1125 508 1191; x_wconf 82' lang='lat' dir='ltr'>tinere,</span> <span class='ocrx_word' id='word_1_41' title='bbox 532 1131 667 1197; x_wconf 87' lang='lat' dir='ltr'>optumus,</span> <span class='ocrx_word' id='word_1_42' title='bbox 690 1123 770 1191; x_wconf 84' lang='lat' dir='ltr'>baut,</span> <span class='ocrx_word' id='word_1_43' title='bbox 793 1122 914 1192; x_wconf 77' lang='lat' dir='ltr'>reccido,</span> <span class='ocrx_word' id='word_1_44' title='bbox 936 1122 1065 1192; x_wconf 78' lang='lat' dir='ltr'>redduco,</span> <span class='ocrx_word' id='word_1_45' title='bbox 1087 1124 1219 1190; x_wconf 85' lang='lat' dir='ltr'>derectus,</span> <span class='ocrx_word' id='word_1_46' title='bbox 1241 1124 1345 1189; x_wconf 77' lang='lat' dir='ltr'>cuum,</span> <span class='ocrx_word' id='word_1_47' title='bbox 1368 1139 1473 1195; x_wconf 85' lang='lat' dir='ltr'>oequom</span> 
     </span>
     <span class='ocr_line' id='line_1_7' title="bbox 416 1205 1473 1280; baseline -0.004 -18"><span class='ocrx_word' id='word_1_48' title='bbox 416 1216 444 1262; x_wconf 86' lang='lat' dir='ltr'>et</span> <span class='ocrx_word' id='word_1_49' title='bbox 468 1223 561 1274; x_wconf 76' lang='lat' dir='ltr'>oemm,</span> <span class='ocrx_word' id='word_1_50' title='bbox 584 1210 699 1272; x_wconf 82' lang='lat' dir='ltr'>anticus,</span> <span class='ocrx_word' id='word_1_51' title='bbox 721 1208 842 1280; x_wconf 80' lang='lat' dir='ltr'>captiuos</span> <span class='ocrx_word' id='word_1_52' title='bbox 855 1205 1033 1262; x_wconf 89' lang='lat' dir='ltr'>nominativo</span> <span class='ocrx_word' id='word_1_53' title='bbox 1049 1206 1173 1279; x_wconf 87' lang='lat' dir='ltr'>casu)¹),</span> <span class='ocrx_word' id='word_1_54' title='bbox 1196 1205 1267 1274; x_wconf 90' lang='lat' dir='ltr'>alia,</span> <span class='ocrx_word' id='word_1_55' title='bbox 1295 1223 1359 1279; x_wconf 87' lang='lat' dir='ltr'>quae</span> <span class='ocrx_word' id='word_1_56' title='bbox 1381 1221 1473 1278; x_wconf 90' lang='lat' dir='ltr'>quan·</span> 
     </span>
     <span class='ocr_line' id='line_1_8' title="bbox 415 1286 1472 1363; baseline -0.002 -19"><span class='ocrx_word' id='word_1_57' title='bbox 415 1307 502 1363; x_wconf 91' lang='lat' dir='ltr'>quam</span> <span class='ocrx_word' id='word_1_58' title='bbox 525 1289 786 1363; x_wconf 89' lang='lat' dir='ltr'>antiquissimorum</span> <span class='ocrx_word' id='word_1_59' title='bbox 810 1288 939 1345; x_wconf 90' lang='lat' dir='ltr'>codicum</span> <span class='ocrx_word' id='word_1_60' title='bbox 963 1307 1014 1344; x_wconf 91' lang='lat' dir='ltr'>usu</span> <span class='ocrx_word' id='word_1_61' title='bbox 1037 1289 1228 1358; x_wconf 90' lang='lat' dir='ltr'>stabiliuntur,</span> <span class='ocrx_word' id='word_1_62' title='bbox 1250 1301 1346 1345; x_wconf 88' lang='lat' dir='ltr'>tamen</span> <span class='ocrx_word' id='word_1_63' title='bbox 1368 1286 1472 1344; x_wconf 87' lang='lat' dir='ltr'>vitiosa</span> 
     </span>
     <span class='ocr_line' id='line_1_9' title="bbox 414 1368 1470 1446; baseline -0.003 -18"><span class='ocrx_word' id='word_1_64' title='bbox 414 1383 480 1428; x_wconf 89' lang='lat' dir='ltr'>sunt</span> <span class='ocrx_word' id='word_1_65' title='bbox 495 1378 538 1439; x_wconf 89' lang='lat' dir='ltr'>(ut</span> <span class='ocrx_word' id='word_1_66' title='bbox 547 1391 662 1446; x_wconf 84' lang='lat' dir='ltr'>proeces,</span> <span class='ocrx_word' id='word_1_67' title='bbox 677 1372 824 1446; x_wconf 77' lang='lat' dir='ltr'>deprecor,</span> <span class='ocrx_word' id='word_1_68' title='bbox 839 1373 969 1445; x_wconf 75' lang='lat' dir='ltr'>queror),</span> <span class='ocrx_word' id='word_1_69' title='bbox 990 1371 1018 1427; x_wconf 93' lang='lat' dir='ltr'>in</span> <span class='ocrx_word' id='word_1_70' title='bbox 1040 1371 1274 1428; x_wconf 74' lang='lat' dir='ltr'>annotationibus</span> <span class='ocrx_word' id='word_1_71' title='bbox 1295 1368 1470 1444; x_wconf 82' lang='lat' dir='ltr'>reliquimus.</span> 
     </span>
     <span class='ocr_line' id='line_1_10' title="bbox 414 1453 1472 1530; baseline -0.004 -18"><span class='ocrx_word' id='word_1_72' title='bbox 414 1453 581 1513; x_wconf 89' lang='lat' dir='ltr'>Genitivum</span> <span class='ocrx_word' id='word_1_73' title='bbox 610 1455 756 1511; x_wconf 88' lang='lat' dir='ltr'>nominum</span> <span class='ocrx_word' id='word_1_74' title='bbox 780 1455 960 1530; x_wconf 87' lang='lat' dir='ltr'>propriorum</span> <span class='ocrx_word' id='word_1_75' title='bbox 983 1455 1012 1510; x_wconf 93' lang='lat' dir='ltr'>in</span> <span class='ocrx_word' id='word_1_76' title='bbox 1030 1457 1072 1511; x_wconf 82' lang='lat' dir='ltr'>ius</span> <span class='ocrx_word' id='word_1_77' title='bbox 1088 1466 1115 1512; x_wconf 87' lang='lat' dir='ltr'>et</span> <span class='ocrx_word' id='word_1_78' title='bbox 1135 1458 1190 1512; x_wconf 85' lang='lat' dir='ltr'>ium</span> <span class='ocrx_word' id='word_1_79' title='bbox 1212 1454 1374 1511; x_wconf 82' lang='lat' dir='ltr'>exeuntium</span> <span class='ocrx_word' id='word_1_80' title='bbox 1399 1470 1472 1527; x_wconf 93' lang='lat' dir='ltr'>quo·</span> 
     </span>
     <span class='ocr_line' id='line_1_11' title="bbox 413 1536 1471 1611; baseline -0.002 -18"><span class='ocrx_word' id='word_1_81' title='bbox 413 1537 490 1594; x_wconf 92' lang='lat' dir='ltr'>niam</span> <span class='ocrx_word' id='word_1_82' title='bbox 521 1537 614 1593; x_wconf 83' lang='lat' dir='ltr'>codex</span> <span class='ocrx_word' id='word_1_83' title='bbox 642 1548 806 1594; x_wconf 82' lang='lat' dir='ltr'>constanter</span> <span class='ocrx_word' id='word_1_84' title='bbox 832 1557 891 1593; x_wconf 89' lang='lat' dir='ltr'>una</span> <span class='ocrx_word' id='word_1_85' title='bbox 912 1538 1008 1594; x_wconf 88' lang='lat' dir='ltr'>littera</span> <span class='ocrx_word' id='word_1_86' title='bbox 1028 1540 1039 1593; x_wconf 83' lang='lat' dir='ltr'>i</span> <span class='ocrx_word' id='word_1_87' title='bbox 1059 1539 1202 1608; x_wconf 89' lang='lat' dir='ltr'>terminat,</span> <span class='ocrx_word' id='word_1_88' title='bbox 1224 1539 1265 1594; x_wconf 87' lang='lat' dir='ltr'>sic</span> <span class='ocrx_word' id='word_1_89' title='bbox 1289 1536 1471 1611; x_wconf 88' lang='lat' dir='ltr'>scripsimns;</span> 
     </span>
     <span class='ocr_line' id='line_1_12' title="bbox 412 1616 1471 1698; baseline 0 -22"><span class='ocrx_word' id='word_1_90' title='bbox 412 1619 442 1676; x_wconf 90' lang='lat' dir='ltr'>in</span> <span class='ocrx_word' id='word_1_91' title='bbox 464 1616 566 1677; x_wconf 72' lang='lat' dir='ltr'>ceteris</span> <span class='ocrx_word' id='word_1_92' title='bbox 594 1621 758 1677; x_wconf 91' lang='lat' dir='ltr'>nominibus</span> <span class='ocrx_word' id='word_1_93' title='bbox 784 1621 921 1696; x_wconf 90' lang='lat' dir='ltr'>quoniam</span> <span class='ocrx_word' id='word_1_94' title='bbox 945 1632 977 1678; x_wconf 88' lang='lat' dir='ltr'>ut</span> <span class='ocrx_word' id='word_1_95' title='bbox 1002 1639 1059 1677; x_wconf 92' lang='lat' dir='ltr'>non</span> <span class='ocrx_word' id='word_1_96' title='bbox 1080 1641 1148 1678; x_wconf 86' lang='lat' dir='ltr'>raro</span> <span class='ocrx_word' id='word_1_97' title='bbox 1170 1621 1293 1698; x_wconf 88' lang='lat' dir='ltr'>simplex</span> <span class='ocrx_word' id='word_1_98' title='bbox 1314 1623 1332 1687; x_wconf 75' lang='grc' dir='ltr'>ἱ,</span> <span class='ocrx_word' id='word_1_99' title='bbox 1354 1619 1395 1675; x_wconf 88' lang='lat' dir='ltr'>ita</span> <span class='ocrx_word' id='word_1_100' title='bbox 1417 1637 1471 1676; x_wconf 88' lang='lat' dir='ltr'>sae·</span> 
     </span>
     <span class='ocr_line' id='line_1_13' title="bbox 411 1699 1471 1782; baseline -0.002 -22"><span class='ocrx_word' id='word_1_101' title='bbox 411 1704 476 1778; x_wconf 91' lang='lat' dir='ltr'>pius</span> <span class='ocrx_word' id='word_1_102' title='bbox 501 1702 608 1778; x_wconf 88' lang='lat' dir='ltr'>duplex</span> <span class='ocrx_word' id='word_1_103' title='bbox 628 1703 742 1778; x_wconf 84' lang='lat' dir='ltr'>legitur,</span> <span class='ocrx_word' id='word_1_104' title='bbox 763 1723 943 1762; x_wconf 91' lang='lat' dir='ltr'>communem</span> <span class='ocrx_word' id='word_1_105' title='bbox 965 1703 1104 1760; x_wconf 86' lang='lat' dir='ltr'>rationem</span> <span class='ocrx_word' id='word_1_106' title='bbox 1127 1699 1278 1782; x_wconf 83' lang='lat' dir='ltr'>tenuimus,</span> <span class='ocrx_word' id='word_1_107' title='bbox 1300 1703 1471 1776; x_wconf 81' lang='lat' dir='ltr'>antiquiore,</span> 
     </span>
     <span class='ocr_line' id='line_1_14' title="bbox 412 1783 1471 1862; baseline -0.001 -20"><span class='ocrx_word' id='word_1_108' title='bbox 412 1787 461 1849; x_wconf 91' lang='lat' dir='ltr'>ubi</span> <span class='ocrx_word' id='word_1_109' title='bbox 482 1798 599 1843; x_wconf 88' lang='lat' dir='ltr'>servata</span> <span class='ocrx_word' id='word_1_110' title='bbox 619 1798 699 1856; x_wconf 86' lang='lat' dir='ltr'>erat,</span> <span class='ocrx_word' id='word_1_111' title='bbox 731 1783 875 1860; x_wconf 73' lang='lat' dir='ltr'>notara.2)</span> <span class='ocrx_word' id='word_1_112' title='bbox 919 1787 1112 1845; x_wconf 87' lang='lat' dir='ltr'>Accusativos</span> <span class='ocrx_word' id='word_1_113' title='bbox 1134 1807 1250 1862; x_wconf 89' lang='lat' dir='ltr'>quoque</span> <span class='ocrx_word' id='word_1_114' title='bbox 1272 1787 1362 1842; x_wconf 86' lang='lat' dir='ltr'>tertiae</span> <span class='ocrx_word' id='word_1_115' title='bbox 1383 1785 1471 1842; x_wconf 89' lang='lat' dir='ltr'>decli·</span> 
     </span>
    </p>
   </div>
   <div class='ocr_carea' id='block_1_3' title="bbox 403 1951 1474 3277">
    <p class='ocr_par' dir='ltr' id='par_1_3' title="bbox 406 1951 1474 2858">
     <span class='ocr_line' id='line_1_15' title="bbox 410 1951 1470 2012; baseline -0.001 -4"><span class='ocrx_word' id='word_1_116' title='bbox 410 1951 603 2009; x_wconf 87' lang='lat' dir='ltr'>inconstantia</span> <span class='ocrx_word' id='word_1_117' title='bbox 631 1966 660 2009; x_wconf 90' lang='lat' dir='ltr'>et</span> <span class='ocrx_word' id='word_1_118' title='bbox 690 1952 847 2010; x_wconf 85' lang='lat' dir='ltr'>offenderet</span> <span class='ocrx_word' id='word_1_119' title='bbox 877 1952 906 2010; x_wconf 80' lang='lat' dir='ltr'>et</span> <span class='ocrx_word' id='word_1_120' title='bbox 926 1973 1052 2010; x_wconf 87' lang='lat' dir='ltr'>errorem</span> <span class='ocrx_word' id='word_1_121' title='bbox 1075 1955 1212 2012; x_wconf 86' lang='lat' dir='ltr'>obiiceret</span> <span class='ocrx_word' id='word_1_122' title='bbox 1236 1964 1286 2009; x_wconf 87' lang='lat' dir='ltr'>ant</span> <span class='ocrx_word' id='word_1_123' title='bbox 1307 1951 1470 2009; x_wconf 88' lang='lat' dir='ltr'>constantia</span> 
     </span>
     <span class='ocr_line' id='line_1_16' title="bbox 410 2034 1468 2096; baseline 0.001 -5"><span class='ocrx_word' id='word_1_124' title='bbox 410 2034 440 2091; x_wconf 88' lang='lat' dir='ltr'>in</span> <span class='ocrx_word' id='word_1_125' title='bbox 461 2036 511 2092; x_wconf 90' lang='lat' dir='ltr'>illa</span> <span class='ocrx_word' id='word_1_126' title='bbox 532 2035 628 2093; x_wconf 85' lang='lat' dir='ltr'>forma</span> <span class='ocrx_word' id='word_1_127' title='bbox 648 2036 825 2093; x_wconf 88' lang='lat' dir='ltr'>restituenda</span> <span class='ocrx_word' id='word_1_128' title='bbox 856 2037 947 2094; x_wconf 88' lang='lat' dir='ltr'>multo</span> <span class='ocrx_word' id='word_1_129' title='bbox 969 2037 1106 2096; x_wconf 87' lang='lat' dir='ltr'>maiorem</span> <span class='ocrx_word' id='word_1_130' title='bbox 1130 2037 1286 2094; x_wconf 84' lang='lat' dir='ltr'>annotandi</span> <span class='ocrx_word' id='word_1_131' title='bbox 1308 2036 1468 2092; x_wconf 85' lang='lat' dir='ltr'>molestiam</span> 
     </span>
     <span class='ocr_line' id='line_1_17' title="bbox 409 2115 1469 2196; baseline 0 -22"><span class='ocrx_word' id='word_1_132' title='bbox 409 2115 573 2194; x_wconf 54' lang='lat' dir='ltr'>haberetfl)</span> <span class='ocrx_word' id='word_1_133' title='bbox 616 2122 662 2177; x_wconf 90' lang='lat' dir='ltr'>De</span> <span class='ocrx_word' id='word_1_134' title='bbox 684 2120 748 2176; x_wconf 91' lang='lat' dir='ltr'>aliis</span> <span class='ocrx_word' id='word_1_135' title='bbox 769 2139 827 2176; x_wconf 91' lang='lat' dir='ltr'>non</span> <span class='ocrx_word' id='word_1_136' title='bbox 848 2121 970 2196; x_wconf 90' lang='lat' dir='ltr'>receptis</span> <span class='ocrx_word' id='word_1_137' title='bbox 993 2121 1047 2192; x_wconf 80' lang='lat' dir='ltr'>(ati</span> <span class='ocrx_word' id='word_1_138' title='bbox 1067 2138 1120 2193; x_wconf 90' lang='lat' dir='ltr'>pro</span> <span class='ocrx_word' id='word_1_139' title='bbox 1144 2123 1201 2189; x_wconf 86' lang='lat' dir='ltr'>alii,</span> <span class='ocrx_word' id='word_1_140' title='bbox 1225 2123 1297 2192; x_wconf 73' lang='lat' dir='ltr'>repis</span> <span class='ocrx_word' id='word_1_141' title='bbox 1318 2138 1371 2194; x_wconf 88' lang='lat' dir='ltr'>pro</span> <span class='ocrx_word' id='word_1_142' title='bbox 1386 2121 1469 2192; x_wconf 72' lang='lat' dir='ltr'>repitit</span> 
     </span>
     <span class='ocr_line' id='line_1_18' title="bbox 410 2202 1468 2276; baseline 0 -18"><span class='ocrx_word' id='word_1_143' title='bbox 410 2204 488 2274; x_wconf 89' lang='lat' dir='ltr'>cett.)</span> <span class='ocrx_word' id='word_1_144' title='bbox 510 2204 605 2259; x_wconf 90' lang='lat' dir='ltr'>dicere</span> <span class='ocrx_word' id='word_1_145' title='bbox 621 2202 689 2259; x_wconf 87' lang='lat' dir='ltr'>nihil</span> <span class='ocrx_word' id='word_1_146' title='bbox 705 2204 815 2260; x_wconf 77' lang='lat' dir='ltr'>attinet,</span> <span class='ocrx_word' id='word_1_147' title='bbox 858 2204 1004 2260; x_wconf 88' lang='lat' dir='ltr'>Numeros</span> <span class='ocrx_word' id='word_1_148' title='bbox 1019 2203 1095 2258; x_wconf 90' lang='lat' dir='ltr'>notis</span> <span class='ocrx_word' id='word_1_149' title='bbox 1110 2216 1161 2261; x_wconf 88' lang='lat' dir='ltr'>aut</span> <span class='ocrx_word' id='word_1_150' title='bbox 1174 2203 1276 2260; x_wconf 89' lang='lat' dir='ltr'>litteris</span> <span class='ocrx_word' id='word_1_151' title='bbox 1291 2202 1468 2276; x_wconf 76' lang='lat' dir='ltr'>scripsirnuS,</span> 
     </span>
     <span class='ocr_line' id='line_1_19' title="bbox 409 2285 1474 2362; baseline 0.001 -21"><span class='ocrx_word' id='word_1_152' title='bbox 409 2285 488 2341; x_wconf 84' lang='lat' dir='ltr'>utin</span> <span class='ocrx_word' id='word_1_153' title='bbox 510 2287 609 2343; x_wconf 90' lang='lat' dir='ltr'>codice</span> <span class='ocrx_word' id='word_1_154' title='bbox 630 2297 701 2355; x_wconf 90' lang='lat' dir='ltr'>erat,</span> <span class='ocrx_word' id='word_1_155' title='bbox 724 2305 776 2342; x_wconf 92' lang='lat' dir='ltr'>nec</span> <span class='ocrx_word' id='word_1_156' title='bbox 798 2297 895 2343; x_wconf 90' lang='lat' dir='ltr'>tamen</span> <span class='ocrx_word' id='word_1_157' title='bbox 918 2288 948 2343; x_wconf 91' lang='lat' dir='ltr'>ln</span> <span class='ocrx_word' id='word_1_158' title='bbox 969 2286 1042 2344; x_wconf 91' lang='lat' dir='ltr'>libro</span> <span class='ocrx_word' id='word_1_159' title='bbox 1065 2286 1156 2344; x_wconf 86' lang='lat' dir='ltr'>XLII</span> <span class='ocrx_word' id='word_1_160' title='bbox 1178 2287 1209 2359; x_wconf 87' lang='lat' dir='ltr'>(a</span> <span class='ocrx_word' id='word_1_161' title='bbox 1230 2305 1254 2343; x_wconf 91' lang='lat' dir='ltr'>c.</span> <span class='ocrx_word' id='word_1_162' title='bbox 1280 2286 1340 2358; x_wconf 82' lang='lat'>31),</span> <span class='ocrx_word' id='word_1_163' title='bbox 1363 2286 1474 2362; x_wconf 86' lang='lat' dir='ltr'>XLIV¹</span> 
     </span>
     <span class='ocr_line' id='line_1_20' title="bbox 410 2367 1467 2443; baseline -0.001 -19"><span class='ocrx_word' id='word_1_164' title='bbox 410 2367 442 2439; x_wconf 92' lang='lat' dir='ltr'>(a</span> <span class='ocrx_word' id='word_1_165' title='bbox 462 2388 487 2424; x_wconf 92' lang='lat' dir='ltr'>c.</span> <span class='ocrx_word' id='word_1_166' title='bbox 511 2370 570 2443; x_wconf 81' lang='lat'>37),</span> <span class='ocrx_word' id='word_1_167' title='bbox 592 2370 680 2427; x_wconf 87' lang='lat' dir='ltr'>XLV</span> <span class='ocrx_word' id='word_1_168' title='bbox 702 2388 843 2443; x_wconf 86' lang='lat' dir='ltr'>nusquam</span> <span class='ocrx_word' id='word_1_169' title='bbox 872 2371 901 2426; x_wconf 93' lang='lat' dir='ltr'>in</span> <span class='ocrx_word' id='word_1_170' title='bbox 924 2389 958 2427; x_wconf 90' lang='lat' dir='ltr'>ee</span> <span class='ocrx_word' id='word_1_171' title='bbox 980 2389 1012 2426; x_wconf 90' lang='lat' dir='ltr'>re</span> <span class='ocrx_word' id='word_1_172' title='bbox 1033 2389 1052 2426; x_wconf 90' lang='lat' dir='ltr'>a</span> <span class='ocrx_word' id='word_1_173' title='bbox 1080 2371 1179 2426; x_wconf 86' lang='lat' dir='ltr'>codice</span> <span class='ocrx_word' id='word_1_174' title='bbox 1211 2370 1365 2427; x_wconf 85' lang='lat' dir='ltr'>discessum</span> <span class='ocrx_word' id='word_1_175' title='bbox 1394 2387 1467 2443; x_wconf 87' lang='lat' dir='ltr'>prae-</span> 
     </span>
     <span class='ocr_line' id='line_1_21' title="bbox 408 2451 1467 2529; baseline 0.002 -23"><span class='ocrx_word' id='word_1_176' title='bbox 408 2461 532 2519; x_wconf 82' lang='lat' dir='ltr'>stamus3</span> <span class='ocrx_word' id='word_1_177' title='bbox 566 2471 700 2509; x_wconf 89' lang='lat' dir='ltr'>numeros</span> <span class='ocrx_word' id='word_1_178' title='bbox 721 2452 919 2510; x_wconf 78' lang='lat' dir='ltr'>distributivae</span> <span class='ocrx_word' id='word_1_179' title='bbox 943 2471 1056 2529; x_wconf 85' lang='lat' dir='ltr'>semper</span> <span class='ocrx_word' id='word_1_180' title='bbox 1083 2451 1184 2510; x_wconf 91' lang='lat' dir='ltr'>litteris</span> <span class='ocrx_word' id='word_1_181' title='bbox 1206 2453 1385 2527; x_wconf 83' lang='lat' dir='ltr'>scripsimns3</span> <span class='ocrx_word' id='word_1_182' title='bbox 1418 2453 1467 2508; x_wconf 92' lang='lat' dir='ltr'>ubi</span> 
     </span>
     <span class='ocr_line' id='line_1_22' title="bbox 407 2534 1465 2611; baseline 0 -21"><span class='ocrx_word' id='word_1_183' title='bbox 407 2534 583 2592; x_wconf 89' lang='lat' dir='ltr'>millenarius</span> <span class='ocrx_word' id='word_1_184' title='bbox 605 2554 740 2592; x_wconf 91' lang='lat' dir='ltr'>numerus</span> <span class='ocrx_word' id='word_1_185' title='bbox 762 2537 803 2592; x_wconf 88' lang='lat' dir='ltr'>sic</span> <span class='ocrx_word' id='word_1_186' title='bbox 824 2537 947 2611; x_wconf 89' lang='lat' dir='ltr'>scriptus</span> <span class='ocrx_word' id='word_1_187' title='bbox 970 2551 1044 2593; x_wconf 86' lang='lat' dir='ltr'>erat:</span> <span class='ocrx_word' id='word_1_188' title='bbox 1067 2537 1084 2596; x_wconf 77' lang='lat' dir='ltr'>u</span> <span class='ocrx_word' id='word_1_189' title='bbox 1107 2547 1157 2593; x_wconf 90' lang='lat' dir='ltr'>aut</span> <span class='ocrx_word' id='word_1_190' title='bbox 1179 2557 1206 2608; x_wconf 85' lang='lat' dir='ltr'>u,</span> <span class='ocrx_word' id='word_1_191' title='bbox 1233 2536 1347 2592; x_wconf 85' lang='lat' dir='ltr'>Vmilt&#39;a</span> <span class='ocrx_word' id='word_1_192' title='bbox 1368 2535 1465 2610; x_wconf 90' lang='lat' dir='ltr'>posui-</span> 
     </span>
     <span class='ocr_line' id='line_1_23' title="bbox 407 2614 1465 2694; baseline 0.001 -21"><span class='ocrx_word' id='word_1_193' title='bbox 407 2614 511 2692; x_wconf 82' lang='lat' dir='ltr'>mus.⁴)</span> <span class='ocrx_word' id='word_1_194' title='bbox 557 2619 669 2688; x_wconf 90' lang='lat' dir='ltr'>Voces,</span> <span class='ocrx_word' id='word_1_195' title='bbox 698 2620 812 2693; x_wconf 89' lang='lat' dir='ltr'>quaein</span> <span class='ocrx_word' id='word_1_196' title='bbox 834 2620 933 2676; x_wconf 89' lang='lat' dir='ltr'>codice</span> <span class='ocrx_word' id='word_1_197' title='bbox 953 2620 1070 2688; x_wconf 92' lang='lat' dir='ltr'>desunt,</span> <span class='ocrx_word' id='word_1_198' title='bbox 1097 2621 1126 2676; x_wconf 94' lang='lat' dir='ltr'>in</span> <span class='ocrx_word' id='word_1_199' title='bbox 1149 2620 1214 2694; x_wconf 86' lang='lat' dir='ltr'>ipsa</span> <span class='ocrx_word' id='word_1_200' title='bbox 1239 2619 1313 2675; x_wconf 90' lang='lat' dir='ltr'>Livii</span> <span class='ocrx_word' id='word_1_201' title='bbox 1335 2618 1465 2674; x_wconf 89' lang='lat' dir='ltr'>oratione</span> 
     </span>
     <span class='ocr_line' id='line_1_24' title="bbox 406 2701 1465 2769; baseline 0.001 -13"><span class='ocrx_word' id='word_1_202' title='bbox 406 2701 611 2757; x_wconf 83' lang='lat' dir='ltr'>admonitionis</span> <span class='ocrx_word' id='word_1_203' title='bbox 632 2721 721 2758; x_wconf 89' lang='lat' dir='ltr'>causa</span> <span class='ocrx_word' id='word_1_204' title='bbox 743 2703 886 2758; x_wconf 90' lang='lat' dir='ltr'>inclinatis</span> <span class='ocrx_word' id='word_1_205' title='bbox 911 2702 1013 2758; x_wconf 89' lang='lat' dir='ltr'>litteris</span> <span class='ocrx_word' id='word_1_206' title='bbox 1035 2704 1200 2761; x_wconf 89' lang='lat' dir='ltr'>scribendas</span> <span class='ocrx_word' id='word_1_207' title='bbox 1223 2703 1395 2769; x_wconf 85' lang='lat' dir='ltr'>curavimus,</span> <span class='ocrx_word' id='word_1_208' title='bbox 1415 2719 1465 2757; x_wconf 91' lang='lat' dir='ltr'>ne·</span> 
     </span>
     <span class='ocr_line' id='line_1_25' title="bbox 407 2784 1465 2858; baseline 0.002 -19"><span class='ocrx_word' id='word_1_209' title='bbox 407 2802 462 2858; x_wconf 89' lang='lat' dir='ltr'>que</span> <span class='ocrx_word' id='word_1_210' title='bbox 491 2804 525 2840; x_wconf 92' lang='lat' dir='ltr'>eo</span> <span class='ocrx_word' id='word_1_211' title='bbox 554 2785 646 2841; x_wconf 90' lang='lat' dir='ltr'>minus</span> <span class='ocrx_word' id='word_1_212' title='bbox 675 2785 781 2842; x_wconf 87' lang='lat' dir='ltr'>codicis</span> <span class='ocrx_word' id='word_1_213' title='bbox 807 2785 979 2858; x_wconf 88' lang='lat' dir='ltr'>scripturam</span> <span class='ocrx_word' id='word_1_214' title='bbox 1007 2787 1036 2842; x_wconf 93' lang='lat' dir='ltr'>in</span> <span class='ocrx_word' id='word_1_215' title='bbox 1065 2786 1252 2842; x_wconf 87' lang='lat' dir='ltr'>annotatione</span> <span class='ocrx_word' id='word_1_216' title='bbox 1275 2784 1465 2842; x_wconf 77' lang='lat' dir='ltr'>indicavinus</span> 
     </span>
    </p>

    <p class='ocr_par' dir='ltr' id='par_1_4' title="bbox 403 2868 1467 3277">
     <span class='ocr_line' id='line_1_26' title="bbox 491 2868 1466 2944; baseline 0.003 -22"><span class='ocrx_word' id='word_1_217' title='bbox 491 2868 536 2923; x_wconf 91' lang='lat' dir='ltr'>De</span> <span class='ocrx_word' id='word_1_218' title='bbox 557 2868 646 2943; x_wconf 87' lang='lat' dir='ltr'>ipsius</span> <span class='ocrx_word' id='word_1_219' title='bbox 669 2868 775 2924; x_wconf 90' lang='lat' dir='ltr'>codicis</span> <span class='ocrx_word' id='word_1_220' title='bbox 790 2869 895 2925; x_wconf 86' lang='lat' dir='ltr'>saeculo</span> <span class='ocrx_word' id='word_1_221' title='bbox 918 2879 1000 2925; x_wconf 88' lang='lat' dir='ltr'>sexto</span> <span class='ocrx_word' id='word_1_222' title='bbox 1023 2871 1182 2944; x_wconf 84' lang='lat' dir='ltr'>septimove</span> <span class='ocrx_word' id='word_1_223' title='bbox 1200 2869 1299 2944; x_wconf 83' lang='lat' dir='ltr'>scripti</span> <span class='ocrx_word' id='word_1_224' title='bbox 1320 2869 1415 2925; x_wconf 89' lang='lat' dir='ltr'>forma</span> <span class='ocrx_word' id='word_1_225' title='bbox 1437 2879 1466 2925; x_wconf 87' lang='lat' dir='ltr'>et</span> 
     </span>
     <span class='ocr_line' id='line_1_27' title="bbox 405 2949 1465 3027; baseline 0.001 -22"><span class='ocrx_word' id='word_1_226' title='bbox 405 2949 574 3006; x_wconf 90' lang='lat' dir='ltr'>condicione</span> <span class='ocrx_word' id='word_1_227' title='bbox 598 2952 691 3025; x_wconf 91' lang='lat' dir='ltr'>deque</span> <span class='ocrx_word' id='word_1_228' title='bbox 718 2951 886 3008; x_wconf 90' lang='lat' dir='ltr'>mendorum</span> <span class='ocrx_word' id='word_1_229' title='bbox 918 2961 945 3009; x_wconf 86' lang='lat' dir='ltr'>et</span> <span class='ocrx_word' id='word_1_230' title='bbox 975 2971 1105 3010; x_wconf 83' lang='lat' dir='ltr'>errorum</span> <span class='ocrx_word' id='word_1_231' title='bbox 1132 2952 1284 3027; x_wconf 86' lang='lat' dir='ltr'>generibus</span> <span class='ocrx_word' id='word_1_232' title='bbox 1313 2951 1383 3008; x_wconf 90' lang='lat' dir='ltr'>nihil</span> <span class='ocrx_word' id='word_1_233' title='bbox 1412 2961 1465 3021; x_wconf 88' lang='lat' dir='ltr'>est,</span> 
     </span>
     <span class='ocr_line' id='line_1_28' title="bbox 405 3033 1466 3110; baseline 0.002 -22"><span class='ocrx_word' id='word_1_234' title='bbox 405 3049 456 3089; x_wconf 87' lang='lat' dir='ltr'>cur</span> <span class='ocrx_word' id='word_1_235' title='bbox 476 3033 523 3090; x_wconf 88' lang='lat' dir='ltr'>bio</span> <span class='ocrx_word' id='word_1_236' title='bbox 545 3033 686 3108; x_wconf 82' lang='lat' dir='ltr'>disput-ern</span> <span class='ocrx_word' id='word_1_237' title='bbox 710 3046 776 3108; x_wconf 92' lang='lat' dir='ltr'>post</span> <span class='ocrx_word' id='word_1_238' title='bbox 797 3054 841 3101; x_wconf 87' lang='lat' dir='ltr'>ea,</span> <span class='ocrx_word' id='word_1_239' title='bbox 864 3053 928 3108; x_wconf 90' lang='lat' dir='ltr'>quae</span> <span class='ocrx_word' id='word_1_240' title='bbox 950 3037 1071 3110; x_wconf 85' lang='lat' dir='ltr'>exposui</span> <span class='ocrx_word' id='word_1_241' title='bbox 1093 3036 1123 3092; x_wconf 94' lang='lat' dir='ltr'>in</span> <span class='ocrx_word' id='word_1_242' title='bbox 1144 3035 1392 3092; x_wconf 90' lang='lat' dir='ltr'>emendationibus</span> <span class='ocrx_word' id='word_1_243' title='bbox 1415 3034 1466 3091; x_wconf 91' lang='lat' dir='ltr'>Li-</span> 
     </span>
     <span class='ocr_line' id='line_1_29' title="bbox 403 3116 1466 3193; baseline 0.003 -23"><span class='ocrx_word' id='word_1_244' title='bbox 403 3116 496 3172; x_wconf 88' lang='lat' dir='ltr'>vianis</span> <span class='ocrx_word' id='word_1_245' title='bbox 517 3117 547 3172; x_wconf 92' lang='lat' dir='ltr'>in</span> <span class='ocrx_word' id='word_1_246' title='bbox 569 3118 659 3191; x_wconf 88' lang='lat' dir='ltr'>partis</span> <span class='ocrx_word' id='word_1_247' title='bbox 675 3128 785 3192; x_wconf 88' lang='lat' dir='ltr'>quartae</span> <span class='ocrx_word' id='word_1_248' title='bbox 804 3119 946 3193; x_wconf 83' lang='lat' dir='ltr'>prommio</span> <span class='ocrx_word' id='word_1_249' title='bbox 968 3125 1007 3193; x_wconf 87' lang='lat' dir='ltr'>(p.</span> <span class='ocrx_word' id='word_1_250' title='bbox 1026 3119 1210 3192; x_wconf 70' lang='lat' dir='ltr'>est-492),</span> <span class='ocrx_word' id='word_1_251' title='bbox 1233 3137 1297 3193; x_wconf 83' lang='lat' dir='ltr'>quae</span> <span class='ocrx_word' id='word_1_252' title='bbox 1315 3119 1466 3192; x_wconf 86' lang='lat' dir='ltr'>diligenter</span> 
     </span>
     <span class='ocr_line' id='line_1_30' title="bbox 403 3198 1467 3277; baseline 0.002 -22"><span class='ocrx_word' id='word_1_253' title='bbox 403 3198 579 3256; x_wconf 88' lang='lat' dir='ltr'>considerari</span> <span class='ocrx_word' id='word_1_254' title='bbox 600 3201 686 3258; x_wconf 89' lang='lat' dir='ltr'>velim</span> <span class='ocrx_word' id='word_1_255' title='bbox 709 3201 820 3270; x_wconf 87' lang='lat' dir='ltr'>abiis,</span> <span class='ocrx_word' id='word_1_256' title='bbox 852 3201 902 3275; x_wconf 92' lang='lat' dir='ltr'>qui</span> <span class='ocrx_word' id='word_1_257' title='bbox 923 3202 998 3258; x_wconf 88' lang='lat' dir='ltr'>hanc</span> <span class='ocrx_word' id='word_1_258' title='bbox 1021 3203 1095 3259; x_wconf 91' lang='lat' dir='ltr'>Livii</span> <span class='ocrx_word' id='word_1_259' title='bbox 1117 3203 1255 3259; x_wconf 88' lang='lat' dir='ltr'>librorum</span> <span class='ocrx_word' id='word_1_260' title='bbox 1278 3213 1390 3277; x_wconf 85' lang='lat' dir='ltr'>partem</span> <span class='ocrx_word' id='word_1_261' title='bbox 1414 3210 1467 3258; x_wconf 85' lang='lat' dir='ltr'>aut</span> 
     </span>
    </p>
   </div>
   <div class='ocr_carea' id='block_1_4' title="bbox 418 3445 1513 4349">
    <p class='ocr_par' dir='ltr' id='par_1_5' title="bbox 424 3445 1465 3862">
     <span class='ocr_line' id='line_1_31' title="bbox 424 3445 1463 3513; baseline 0.002 -17"><span class='ocrx_word' id='word_1_262' title='bbox 424 3449 450 3509; x_wconf 83' lang='lat'>¹)</span> <span class='ocrx_word' id='word_1_263' title='bbox 471 3449 641 3512; x_wconf 88' lang='lat' dir='ltr'>Reperiuntur</span> <span class='ocrx_word' id='word_1_264' title='bbox 658 3446 750 3506; x_wconf 83' lang='lat' dir='ltr'>cliuum,</span> <span class='ocrx_word' id='word_1_265' title='bbox 769 3445 860 3504; x_wconf 70' lang='lat' dir='ltr'>loeuonu</span> <span class='ocrx_word' id='word_1_266' title='bbox 879 3465 970 3508; x_wconf 85' lang='lat' dir='ltr'>nouom,</span> <span class='ocrx_word' id='word_1_267' title='bbox 986 3465 1098 3513; x_wconf 85' lang='lat' dir='ltr'>paruum,</span> <span class='ocrx_word' id='word_1_268' title='bbox 1116 3448 1216 3508; x_wconf 83' lang='lat' dir='ltr'>saluom,</span> <span class='ocrx_word' id='word_1_269' title='bbox 1234 3451 1343 3498; x_wconf 85' lang='lat' dir='ltr'>statiuom</span> <span class='ocrx_word' id='word_1_270' title='bbox 1357 3450 1463 3511; x_wconf 80' lang='lat' dir='ltr'>[statim-</span> 
     </span>
     <span class='ocr_line' id='line_1_32' title="bbox 473 3518 1465 3584; baseline 0.003 -18"><span class='ocrx_word' id='word_1_271' title='bbox 473 3528 573 3567; x_wconf 88' lang='lat' dir='ltr'>uouerot</span> <span class='ocrx_word' id='word_1_272' title='bbox 595 3533 628 3566; x_wconf 87' lang='lat' dir='ltr'>ex</span> <span class='ocrx_word' id='word_1_273' title='bbox 648 3518 757 3566; x_wconf 85' lang='lat' dir='ltr'>stotiuom</span> <span class='ocrx_word' id='word_1_274' title='bbox 775 3527 828 3566; x_wconf 84' lang='lat' dir='ltr'>erat</span> <span class='ocrx_word' id='word_1_275' title='bbox 845 3519 942 3579; x_wconf 83' lang='lat' dir='ltr'>XLIV,</span> <span class='ocrx_word' id='word_1_276' title='bbox 963 3526 1009 3578; x_wconf 92' lang='grc'>40,</span> <span class='ocrx_word' id='word_1_277' title='bbox 1030 3521 1056 3582; x_wconf 84' lang='grc'>6)</span> <span class='ocrx_word' id='word_1_278' title='bbox 1082 3529 1115 3578; x_wconf 87' lang='lat' dir='ltr'>et,</span> <span class='ocrx_word' id='word_1_279' title='bbox 1139 3521 1297 3582; x_wconf 82' lang='lat' dir='ltr'>praecedente</span> <span class='ocrx_word' id='word_1_280' title='bbox 1320 3537 1347 3584; x_wconf 84' lang='lat' dir='ltr'>q,</span> <span class='ocrx_word' id='word_1_281' title='bbox 1372 3537 1465 3584; x_wconf 74' lang='lat' dir='ltr'>equom</span> 
     </span>
     <span class='ocr_line' id='line_1_33' title="bbox 473 3587 1464 3654; baseline 0.001 -17"><span class='ocrx_word' id='word_1_282' title='bbox 473 3589 573 3650; x_wconf 84' lang='lat' dir='ltr'>(XLII,</span> <span class='ocrx_word' id='word_1_283' title='bbox 592 3593 641 3647; x_wconf 90' lang='grc'>29,</span> <span class='ocrx_word' id='word_1_284' title='bbox 661 3593 692 3644; x_wconf 88' lang='grc'>3;</span> <span class='ocrx_word' id='word_1_285' title='bbox 717 3587 799 3647; x_wconf 85' lang='lat' dir='ltr'>XLV,</span> <span class='ocrx_word' id='word_1_286' title='bbox 829 3594 868 3644; x_wconf 92' lang='grc'>13,</span> <span class='ocrx_word' id='word_1_287' title='bbox 898 3594 927 3637; x_wconf 84' lang='grc'>16</span> <span class='ocrx_word' id='word_1_288' title='bbox 947 3606 1014 3653; x_wconf 84' lang='lat' dir='ltr'>oequo</span> <span class='ocrx_word' id='word_1_289' title='bbox 1032 3606 1077 3653; x_wconf 89' lang='lat' dir='ltr'>pro</span> <span class='ocrx_word' id='word_1_290' title='bbox 1097 3594 1212 3654; x_wconf 82' lang='lat' dir='ltr'>oequom),</span> <span class='ocrx_word' id='word_1_291' title='bbox 1235 3588 1347 3654; x_wconf 86' lang='lat' dir='ltr'>reliquom</span> <span class='ocrx_word' id='word_1_292' title='bbox 1368 3589 1464 3651; x_wconf 86' lang='lat' dir='ltr'>(XLII,</span> 
     </span>
     <span class='ocr_line' id='line_1_34' title="bbox 476 3658 1463 3724; baseline 0.003 -18"><span class='ocrx_word' id='word_1_293' title='bbox 476 3664 515 3721; x_wconf 89' lang='lat'>13,</span> <span class='ocrx_word' id='word_1_294' title='bbox 531 3660 565 3719; x_wconf 91' lang='lat'>1),</span> <span class='ocrx_word' id='word_1_295' title='bbox 584 3660 627 3708; x_wconf 90' lang='lat' dir='ltr'>sed</span> <span class='ocrx_word' id='word_1_296' title='bbox 646 3658 726 3706; x_wconf 84' lang='lat' dir='ltr'>multo</span> <span class='ocrx_word' id='word_1_297' title='bbox 744 3659 836 3720; x_wconf 76' lang='lat' dir='ltr'>sapitis</span> <span class='ocrx_word' id='word_1_298' title='bbox 854 3675 935 3718; x_wconf 82' lang='lat' dir='ltr'>oecum,</span> <span class='ocrx_word' id='word_1_299' title='bbox 950 3659 1099 3724; x_wconf 80' lang='lat' dir='ltr'>propincum,</span> <span class='ocrx_word' id='word_1_300' title='bbox 1118 3658 1213 3708; x_wconf 76' lang='lat' dir='ltr'>relicum</span> <span class='ocrx_word' id='word_1_301' title='bbox 1230 3661 1351 3724; x_wconf 82' lang='lat' dir='ltr'>(relicuum</span> <span class='ocrx_word' id='word_1_302' title='bbox 1363 3659 1463 3718; x_wconf 90' lang='lat' dir='ltr'>XLIV,</span> 
     </span>
     <span class='ocr_line' id='line_1_35' title="bbox 472 3727 1464 3793; baseline 0.002 -16"><span class='ocrx_word' id='word_1_303' title='bbox 472 3733 503 3786; x_wconf 87' lang='grc'>8,</span> <span class='ocrx_word' id='word_1_304' title='bbox 525 3732 549 3786; x_wconf 85' lang='grc'>71</span> <span class='ocrx_word' id='word_1_305' title='bbox 568 3728 675 3792; x_wconf 83' lang='lat' dir='ltr'>captiuos</span> <span class='ocrx_word' id='word_1_306' title='bbox 692 3727 775 3786; x_wconf 89' lang='lat' dir='ltr'>XLV,</span> <span class='ocrx_word' id='word_1_307' title='bbox 794 3733 840 3785; x_wconf 91' lang='grc'>41,</span> <span class='ocrx_word' id='word_1_308' title='bbox 863 3733 908 3787; x_wconf 90' lang='grc'>10,</span> <span class='ocrx_word' id='word_1_309' title='bbox 932 3729 1005 3779; x_wconf 84' lang='lat' dir='ltr'>inicos</span> <span class='ocrx_word' id='word_1_310' title='bbox 1023 3729 1120 3788; x_wconf 87' lang='lat' dir='ltr'>XLIV,</span> <span class='ocrx_word' id='word_1_311' title='bbox 1143 3735 1190 3787; x_wconf 89' lang='lat'>33,</span> <span class='ocrx_word' id='word_1_312' title='bbox 1211 3735 1239 3788; x_wconf 89' lang='grc'>4,</span> <span class='ocrx_word' id='word_1_313' title='bbox 1263 3731 1331 3793; x_wconf 88' lang='lat' dir='ltr'>quod</span> <span class='ocrx_word' id='word_1_314' title='bbox 1351 3731 1464 3779; x_wconf 88' lang='lat' dir='ltr'>debebat</span> 
     </span>
     <span class='ocr_line' id='line_1_36' title="bbox 472 3797 1198 3862; baseline 0.003 -16"><span class='ocrx_word' id='word_1_315' title='bbox 472 3810 517 3846; x_wconf 84' lang='lat' dir='ltr'>aut</span> <span class='ocrx_word' id='word_1_316' title='bbox 535 3798 627 3862; x_wconf 83' lang='lat' dir='ltr'>uniquos</span> <span class='ocrx_word' id='word_1_317' title='bbox 646 3808 690 3846; x_wconf 85' lang='lat' dir='ltr'>aut</span> <span class='ocrx_word' id='word_1_318' title='bbox 708 3797 783 3846; x_wconf 74' lang='lat' dir='ltr'>inicus</span> <span class='ocrx_word' id='word_1_319' title='bbox 800 3812 864 3857; x_wconf 86' lang='lat' dir='ltr'>esse,</span> <span class='ocrx_word' id='word_1_320' title='bbox 884 3799 977 3848; x_wconf 78' lang='lat' dir='ltr'>anticus</span> <span class='ocrx_word' id='word_1_321' title='bbox 995 3799 1092 3858; x_wconf 93' lang='lat' dir='ltr'>XLIII,</span> <span class='ocrx_word' id='word_1_322' title='bbox 1115 3804 1154 3858; x_wconf 86' lang='lat'>13,</span> <span class='ocrx_word' id='word_1_323' title='bbox 1174 3805 1198 3848; x_wconf 90' lang='grc'>2.</span> 
     </span>
    </p>

    <p class='ocr_par' dir='ltr' id='par_1_6' title="bbox 419 3859 1513 4072">
     <span class='ocr_line' id='line_1_37' title="bbox 419 3859 1464 3934; baseline 0.002 -19"><span class='ocrx_word' id='word_1_324' title='bbox 419 3859 444 3927; x_wconf 63' lang='grc'>’1</span> <span class='ocrx_word' id='word_1_325' title='bbox 468 3868 499 3915; x_wconf 93' lang='lat' dir='ltr'>In</span> <span class='ocrx_word' id='word_1_326' title='bbox 517 3869 588 3920; x_wconf 85' lang='lat' dir='ltr'>libro¹</span> <span class='ocrx_word' id='word_1_327' title='bbox 603 3868 678 3916; x_wconf 88' lang='lat' dir='ltr'>XLII</span> <span class='ocrx_word' id='word_1_328' title='bbox 696 3869 750 3916; x_wconf 83' lang='lat' dir='ltr'>haec</span> <span class='ocrx_word' id='word_1_329' title='bbox 767 3867 933 3917; x_wconf 72' lang='lat' dir='ltr'>&#39;animadverti</span> <span class='ocrx_word' id='word_1_330' title='bbox 951 3871 976 3917; x_wconf 89' lang='lat' dir='ltr'>in</span> <span class='ocrx_word' id='word_1_331' title='bbox 996 3871 1142 3918; x_wconf 87' lang='lat' dir='ltr'>nominibus</span> <span class='ocrx_word' id='word_1_332' title='bbox 1162 3868 1322 3934; x_wconf 75' lang='lat' dir='ltr'>appellatinis</span> <span class='ocrx_word' id='word_1_333' title='bbox 1336 3869 1464 3918; x_wconf 76' lang='lat' dir='ltr'>brevioris</span> 
     </span>
     <span class='ocr_line' id='line_1_38' title="bbox 471 3931 1513 4002; baseline -0.001 -15"><span class='ocrx_word' id='word_1_334' title='bbox 471 3937 559 3987; x_wconf 77' lang='lat' dir='ltr'>forma</span> <span class='ocrx_word' id='word_1_335' title='bbox 578 3939 709 4002; x_wconf 84' lang='lat' dir='ltr'>exempla:</span> <span class='ocrx_word' id='word_1_336' title='bbox 737 3943 766 3996; x_wconf 93' lang='lat' dir='ltr'>l,</span> <span class='ocrx_word' id='word_1_337' title='bbox 788 3941 801 3986; x_wconf 82' lang='lat'><strong>7</strong></span> <span class='ocrx_word' id='word_1_338' title='bbox 820 3939 940 4000; x_wconf 79' lang='lat' dir='ltr'>sacrifici,</span> <span class='ocrx_word' id='word_1_339' title='bbox 964 3943 1003 3998; x_wconf 84' lang='grc'>17,</span> <span class='ocrx_word' id='word_1_340' title='bbox 1022 3947 1036 3988; x_wconf 88' lang='grc'>2</span> <span class='ocrx_word' id='word_1_341' title='bbox 1056 3938 1144 3996; x_wconf 83' lang='lat' dir='ltr'>indici,</span> <span class='ocrx_word' id='word_1_342' title='bbox 1164 3945 1206 3998; x_wconf 90' lang='grc'>20,</span> <span class='ocrx_word' id='word_1_343' title='bbox 1227 3945 1241 3986; x_wconf 87' lang='grc'>2</span> <span class='ocrx_word' id='word_1_344' title='bbox 1256 3936 1363 4002; x_wconf 79' lang='lat' dir='ltr'>prodipi,</span> <span class='ocrx_word' id='word_1_345' title='bbox 1383 3943 1424 3997; x_wconf 88' lang='grc'>29,</span> <span class='ocrx_word' id='word_1_346' title='bbox 1446 3942 1460 3986; x_wconf 88' lang='grc'>7</span> <span class='ocrx_word' id='word_1_347' title='bbox 1507 3931 1513 3944; x_wconf 88' lang='grc'><strong>”</strong></span> 
     </span>
     <span class='ocr_line' id='line_1_39' title="bbox 470 4007 1380 4072; baseline 0 -16"><span class='ocrx_word' id='word_1_348' title='bbox 470 4008 562 4060; x_wconf 75' lang='lat' dir='ltr'>arbitri.</span> <span class='ocrx_word' id='word_1_349' title='bbox 581 4013 623 4064; x_wconf 92' lang='grc'>30,</span> <span class='ocrx_word' id='word_1_350' title='bbox 642 4015 657 4055; x_wconf 88' lang='grc'>3</span> <span class='ocrx_word' id='word_1_351' title='bbox 676 4008 768 4072; x_wconf 83' lang='lat' dir='ltr'>imperi,</span> <span class='ocrx_word' id='word_1_352' title='bbox 787 4013 829 4065; x_wconf 83' lang='lat'>38,</span> <span class='ocrx_word' id='word_1_353' title='bbox 841 4014 864 4057; x_wconf 74' lang='lat'>3</span> <span class='ocrx_word' id='word_1_354' title='bbox 885 4008 979 4072; x_wconf 78' lang='lat' dir='ltr'>hospiti,</span> <span class='ocrx_word' id='word_1_355' title='bbox 1000 4016 1041 4068; x_wconf 89' lang='grc'>43,</span> <span class='ocrx_word' id='word_1_356' title='bbox 1062 4015 1076 4058; x_wconf 84' lang='grc'>5</span> <span class='ocrx_word' id='word_1_357' title='bbox 1097 4007 1187 4067; x_wconf 83' lang='lat' dir='ltr'>consili,</span> <span class='ocrx_word' id='word_1_358' title='bbox 1209 4013 1250 4066; x_wconf 88' lang='grc'>49,</span> <span class='ocrx_word' id='word_1_359' title='bbox 1270 4014 1285 4057; x_wconf 90' lang='grc'>3</span> <span class='ocrx_word' id='word_1_360' title='bbox 1305 4007 1380 4072; x_wconf 80' lang='lat' dir='ltr'>offici.</span> 
     </span>
    </p>

    <p class='ocr_par' dir='ltr' id='par_1_7' title="bbox 419 4070 1463 4206">
     <span class='ocr_line' id='line_1_40' title="bbox 419 4070 1463 4144; baseline 0.003 -18"><span class='ocrx_word' id='word_1_361' title='bbox 419 4070 445 4138; x_wconf 83' lang='lat'>³)</span> <span class='ocrx_word' id='word_1_362' title='bbox 470 4079 511 4126; x_wconf 88' lang='lat' dir='ltr'>Ex</span> <span class='ocrx_word' id='word_1_363' title='bbox 528 4079 577 4127; x_wconf 88' lang='lat' dir='ltr'>bac</span> <span class='ocrx_word' id='word_1_364' title='bbox 595 4076 676 4125; x_wconf 85' lang='lat' dir='ltr'>forma</span> <span class='ocrx_word' id='word_1_365' title='bbox 694 4087 754 4126; x_wconf 87' lang='lat' dir='ltr'>nata</span> <span class='ocrx_word' id='word_1_366' title='bbox 772 4077 973 4143; x_wconf 76' lang='lat' dir='ltr'>conqredienribus</span> <span class='ocrx_word' id='word_1_367' title='bbox 996 4089 1021 4128; x_wconf 88' lang='lat' dir='ltr'>et</span> <span class='ocrx_word' id='word_1_368' title='bbox 1039 4079 1200 4128; x_wconf 81' lang='lat' dir='ltr'>cunctantibus</span> <span class='ocrx_word' id='word_1_369' title='bbox 1220 4094 1267 4144; x_wconf 88' lang='lat' dir='ltr'>pro</span> <span class='ocrx_word' id='word_1_370' title='bbox 1286 4076 1463 4142; x_wconf 65' lang='lat' dir='ltr'>concredientes</span> 
     </span>
     <span class='ocr_line' id='line_1_41' title="bbox 471 4147 936 4206; baseline 0.009 -12"><span class='ocrx_word' id='word_1_371' title='bbox 471 4158 497 4195; x_wconf 89' lang='lat' dir='ltr'>et</span> <span class='ocrx_word' id='word_1_372' title='bbox 514 4156 649 4196; x_wconf 81' lang='lat' dir='ltr'>cunctantes</span> <span class='ocrx_word' id='word_1_373' title='bbox 667 4147 749 4205; x_wconf 90' lang='lat' dir='ltr'>XLII,</span> <span class='ocrx_word' id='word_1_374' title='bbox 772 4153 847 4206; x_wconf 82' lang='lat'>33,·3</span> <span class='ocrx_word' id='word_1_375' title='bbox 867 4157 893 4196; x_wconf 87' lang='lat' dir='ltr'>et</span> <span class='ocrx_word' id='word_1_376' title='bbox 913 4155 936 4199; x_wconf 82' lang='lat'>5.</span> 
     </span>
    </p>

    <p class='ocr_par' dir='ltr' id='par_1_8' title="bbox 418 4211 1462 4349">
     <span class='ocr_line' id='line_1_42' title="bbox 418 4211 1462 4281; baseline 0.001 -15"><span class='ocrx_word' id='word_1_377' title='bbox 418 4211 444 4272; x_wconf 77' lang='lat'>⁴)</span> <span class='ocrx_word' id='word_1_378' title='bbox 471 4217 590 4267; x_wconf 86' lang='lat' dir='ltr'>Datirum</span> <span class='ocrx_word' id='word_1_379' title='bbox 608 4217 704 4276; x_wconf 83' lang='lat' dir='ltr'>Persei,</span> <span class='ocrx_word' id='word_1_380' title='bbox 723 4232 798 4281; x_wconf 89' lang='lat' dir='ltr'>quem</span> <span class='ocrx_word' id='word_1_381' title='bbox 813 4218 929 4268; x_wconf 71' lang='lat' dir='ltr'>Heraios</span> <span class='ocrx_word' id='word_1_382' title='bbox 950 4219 1048 4267; x_wconf 85' lang='lat' dir='ltr'>incuria</span> <span class='ocrx_word' id='word_1_383' title='bbox 1066 4218 1181 4280; x_wconf 85' lang='lat' dir='ltr'>neglexit</span> <span class='ocrx_word' id='word_1_384' title='bbox 1198 4216 1282 4279; x_wconf 90' lang='lat' dir='ltr'>XLII,</span> <span class='ocrx_word' id='word_1_385' title='bbox 1297 4222 1338 4276; x_wconf 89' lang='grc'>49,</span> <span class='ocrx_word' id='word_1_386' title='bbox 1353 4221 1366 4266; x_wconf 81' lang='lat'><strong>7</strong></span> <span class='ocrx_word' id='word_1_387' title='bbox 1387 4219 1462 4280; x_wconf 84' lang='lat' dir='ltr'>(alibi</span> 
     </span>
     <span class='ocr_line' id='line_1_43' title="bbox 470 4285 1462 4349; baseline 0.003 -14"><span class='ocrx_word' id='word_1_388' title='bbox 470 4289 538 4336; x_wconf 92' lang='lat' dir='ltr'>enim</span> <span class='ocrx_word' id='word_1_389' title='bbox 555 4288 691 4349; x_wconf 86' lang='lat' dir='ltr'>restituit),</span> <span class='ocrx_word' id='word_1_390' title='bbox 711 4287 806 4336; x_wconf 87' lang='lat' dir='ltr'>restitui</span> <span class='ocrx_word' id='word_1_391' title='bbox 826 4288 903 4336; x_wconf 84' lang='lat' dir='ltr'>etiarn</span> <span class='ocrx_word' id='word_1_392' title='bbox 921 4288 1004 4346; x_wconf 89' lang='lat' dir='ltr'>XLII,</span> <span class='ocrx_word' id='word_1_393' title='bbox 1025 4294 1066 4342; x_wconf 83' lang='lat'>33,</span> <span class='ocrx_word' id='word_1_394' title='bbox 1086 4297 1110 4344; x_wconf 85' lang='grc'>4,</span> <span class='ocrx_word' id='word_1_395' title='bbox 1129 4287 1172 4336; x_wconf 90' lang='lat' dir='ltr'>ubi</span> <span class='ocrx_word' id='word_1_396' title='bbox 1191 4301 1272 4336; x_wconf 88' lang='lat' dir='ltr'>exeo</span> <span class='ocrx_word' id='word_1_397' title='bbox 1290 4285 1387 4336; x_wconf 84' lang='lat' dir='ltr'>lectum</span> <span class='ocrx_word' id='word_1_398' title='bbox 1405 4301 1462 4338; x_wconf 85' lang='lat' dir='ltr'>eret</span> 
     </span>
    </p>
   </div>
   <div class='ocr_carea' id='block_1_5' title="bbox 468 4358 682 4423">
    <p class='ocr_par' dir='ltr' id='par_1_9' title="bbox 468 4358 682 4423">
     <span class='ocr_line' id='line_1_44' title="bbox 468 4358 682 4423; baseline 0.005 -16"><span class='ocrx_word' id='word_1_399' title='bbox 468 4359 568 4423; x_wconf 81' lang='lat' dir='ltr'>perseio.</span> <span class='ocrx_word' id='word_1_400' title='bbox 596 4378 599 4382; x_wconf 40' lang='lat'>⁸</span> <span class='ocrx_word' id='word_1_401' title='bbox 680 4358 682 4375; x_wconf 92' lang='lat'>&#39;</span> 
     </span>
    </p>
   </div>
   <div class='ocr_carea' id='block_1_6' title="bbox 0 0 1742 5084">
    <p class='ocr_par' dir='ltr' id='par_1_10' title="bbox 0 0 1742 5084">
     <span class='ocr_line' id='line_1_45' title="bbox 0 0 1742 5084; baseline 0 8"><span class='ocrx_word' id='word_1_402' title='bbox 0 0 1742 5084; x_wconf 95' lang='lat' dir='ltr'> </span> 
     </span>
    </p>
   </div>
  </div>
 </body>
</html>
