3475 5084
463 453 525 510 2³0
719 450 797 499 Liber
815 450 899 500 XLV.
949 449 995 515 (Δ.
1016 466 1041 500 ιι.
1061 465 1083 499 c.
1105 448 1178 513 ⁵8⁷.)

421 637 555 693 Romano
566 634 682 711 regibus
692 634 793 694 fuisset
806 638 875 709 suis,
895 638 1002 695 exitum
1020 638 1080 695 cius
1096 637 1247 695 victoriam
1258 635 1406 705 Romanis,
1423 635 1475 693 sibi

383 742 400 796 3
421 742 583 800 libertatern
602 743 773 801 adlaturum.
809 742 922 801 Metalli
941 761 1057 818 quoque
1073 741 1264 813 Macedonici,
1283 740 1360 815 quod
1376 741 1476 816 ingens

421 848 546 923 vectigal
554 858 625 918 erat,
634 848 1073 927 locationesproeterpraediorum
1083 848 1256 906 rusticorum
1265 847 1326 904 tolli
1337 846 1477 923 placebat.

381 951 399 1004 4
422 953 500 1011 Nam
517 972 611 1030 neque
627 952 688 1011 sine
698 955 851 1030 publicano
868 955 997 1013 exerceri
1006 964 1140 1030 possset,
1152 955 1201 1011 ubi
1213 952 1383 1029 publicanos
1395 962 1477 1021 esset,

383 1056 400 1110 5
422 1058 462 1116 ibi
475 1068 526 1116 ant
541 1059 585 1115 ius
602 1060 747 1135 publicum
764 1080 871 1119 vanum
889 1070 939 1119 aut
949 1061 1111 1118 libertatem
1122 1060 1208 1117 sociis
1218 1060 1327 1117 nullam
1339 1076 1411 1118 esse.
1432 1059 1479 1117 Ne

420 1164 500 1239 ipsos
517 1166 632 1239 quidem
642 1166 819 1224 Macedonas
836 1168 867 1223 id
882 1178 1017 1223 'exercere
1033 1184 1128 1241 posse.
1150 1166 1210 1225 Ubi
1223 1165 1253 1221 in
1268 1164 1363 1222 medio
1377 1164 1477 1239 praeda

422 1269 687 1329 administrantibus
701 1282 786 1344 esset,
805 1275 846 1332 ibi
860 1290 1018 1346 numquam
1033 1290 1137 1330 causas
1153 1271 1326 1329 seditionum
1341 1280 1370 1327 et
1383 1278 1480 1327 certa-

382 1374 399 1427 6
422 1376 506 1432 minis
526 1374 634 1433 defore.
667 1375 827 1437 Commune
848 1376 999 1436 concilium
1021 1378 1113 1453 gentis
1127 1386 1207 1447 esse,
1228 1376 1425 1451 inprobatnm,
1446 1395 1480 1433 nc

422 1480 501 1557 volgi
515 1482 683 1540 adsentator
696 1483 852 1559 aliquando
866 1484 1028 1541 libertatem
1043 1484 1152 1541 salubri
1167 1482 1365 1541 moderatione
1378 1482 1479 1539 datam

383 1583 399 1635 7
422 1587 460 1643 ad
474 1587 617 1645 licentiam
634 1589 812 1664 pestilentem
826 1593 963 1649 traheret.
1004 1591 1040 1647 In
1056 1598 1193 1664 quattuor
1210 1587 1345 1662 regiones
1359 1588 1484 1645 describi

421 1693 641 1765 Macedoniam,
672 1703 703 1751 ut
729 1713 813 1753 sunm
835 1714 957 1770 quaeque
984 1694 1134 1753 concilium
1160 1696 1295 1764 haberet,
1324 1693 1434 1768 placuit
1455 1704 1485 1751 et

422 1799 570 1856 dimidium
591 1800 699 1870 tributi,
721 1820 807 1875 quam
829 1803 906 1875 quod
928 1801 1043 1877 regibus
1064 1799 1140 1858 ferre
1161 1799 1238 1857 soliti
1260 1808 1351 1867 erant,
1372 1799 1484 1874 populo

320 1951 326 1971 ,
383 1899 556 1963 SRomano
578 1905 710 1980 pendere.
744 1906 857 1965 Similia
877 1907 922 1965 his
937 1916 966 1963 et
984 1909 1011 1963 ia
1033 1904 1179 1982 Illyricum
1201 1906 1348 1964 mandata.
1377 1903 1486 1961 Cetera

422 2010 492 2086 ipsis
510 2010 734 2087 imperatoribus
755 2011 915 2088 legatisque
937 2011 1050 2083 relicte,
1078 2011 1108 2068 in
1130 2011 1233 2085 quibus
1254 2028 1381 2086 praesens
1407 2020 1485 2067 trao-

423 2116 495 2173 tatio
516 2135 612 2174 rerum
634 2119 757 2176 certiora
778 2119 943 2177 subiectura
964 2128 1028 2175 eret
1048 2116 1176 2174 consilia.

342 2208 380 2279 19
505 2223 585 2280 Inter
614 2224 719 2282 multas
747 2242 848 2299 regum
868 2223 1056 2299 gentiumque
1077 2231 1106 2279 et
1128 2220 1301 2297 populorum
1324 2220 1486 2295 legationes
1541 2290 1542 2301 χ

422 2328 551 2399 Attalus,
572 2328 663 2387 frater
684 2332 760 2407 regis
774 2330 921 2398 Eumenis,
944 2330 1069 2387 maxime
1090 2326 1230 2385 convertit
1250 2326 1280 2383 in
1301 2344 1334 2383 se
1355 2326 1486 2383 omnium

382 2425 522 2491 2ocu10s
544 2436 722 2510 animosque.
765 2437 913 2512 Exceptus
942 2436 1016 2493 enim
1047 2443 1090 2491 est
1117 2434 1154 2489 ab
1182 2432 1233 2502 iis,
1263 2432 1313 2507 qui
1341 2432 1430 2489 simul
1451 2451 1487 2489 eo

421 2531 497 2597 bello
527 2539 734 2611 militaverant,
768 2542 840 2599 haut
872 2542 960 2617 paulo
990 2540 1155 2615 benignius,
1183 2558 1269 2616 quam
1299 2539 1324 2595 si
1346 2538 1410 2614 ipse
1433 2556 1489 2595 rex

382 2638 399 2692 3
422 2647 566 2703 Eumenes
588 2647 722 2707 venisset.
765 2648 959 2705 Adduxerent
983 2666 1047 2705 eum
1071 2646 1135 2703 duae
1155 2646 1185 2703 in
1208 2644 1332 2721 speciem
1354 2645 1489 2701 honestae

421 2770 478 2821 res,
498 2750 732 2826 congratulatio,
753 2754 925 2810 conveniens
947 2753 976 2809 in
998 2771 1033 2810 ea
1053 2753 1184 2823 victorie,
1206 2769 1292 2825 quam
1315 2750 1378 2824 ipse
1401 2750 1488 2806 adiu·

422 2857 525 2929 visset,
553 2859 645 2915 altera
673 2860 853 2934 querimonia
882 2858 988 2917 Gallici
1018 2858 1156 2915 tumultus
1178 2865 1362 2931 acceptaque
1383 2855 1489 2920 cladis,

381 2956 400 3011 4
424 2982 482 3038 qua
503 2983 622 3039 regnum
651 2965 680 3021 in
709 2966 825 3023 dubium
856 2965 1011 3021 adductum
1037 2972 1121 3021 esset.
1169 2963 1294 3022 Suberat
1319 2971 1348 3019 et
1371 2970 1490 3019 secreta

422 3131 533 3183 eluisse
557 3134 561 3195 Ι
581 3132 694 3182 romanis
716 3132 860 3179 adlaturum
886 3130 1018 3179 crederent
1035 3129 1084 3178 sibi
1103 3128 1246 3178 adlaturum
1266 3128 1316 3176 sibi
1333 3127 1488 3176 libertatem

421 3220 518 3269 mctalli
541 3220 630 3284 (Geyer.
651 3220 736 3278 Rom,
759 3218 807 3267 sibi
825 3218 869 3267 lib.
890 3217 966 3265 adlat.
994 3218 1134 3265 crederent.
1162 3215 1261 3264 Metalli
1280 3211 1376 3263 Sustuli
1392 3215 1489 3263 crede-

422 3314 478 3355 rent
494 3306 550 3355 Em.
573 3304 630 3355 600
648 3305 683 3368 n.)
732 3304 969 3367 3,1qu0ingens
1007 3302 1231 3366 2locationesque
1249 3302 1404 3366 prediorum
1429 3300 1487 3365 My.

421 3392 477 3442 Em.
499 3390 553 3442 599
588 3390 613 3450 4,
632 3397 642 3440 l
664 3392 815 3455 publicanus
834 3399 873 3440 est
890 3390 1029 3455 Rarinyius
1065 3389 1134 3439 sibi
1154 3391 1251 3438 auctius
1273 3388 1278 3450 Ι
1298 3389 1395 3437 nullam
1416 3398 1490 3437 esset

422 3478 447 3537 5,
459 3485 474 3527 2
486 3479 636 3527 macedones
648 3477 652 3541 1
662 3479 730 3527 idem
745 3476 822 3537 Creu,
831 3477 888 3527 Em.
899 3475 953 3526 599
965 3476 968 3542 l
980 3476 1092 3541 predam
1134 3482 1149 3525 3
1163 3476 1318 3541 unusquam!
1329 3474 1489 3524 seditionem

421 3566 530 3614 adeone
564 3564 588 3623 6,
609 3570 620 3613 1
643 3565 776 3614 consilinm
789 3562 873 3629 Sipoa.
891 3566 896 3626 l
912 3565 995 3627 gentis
1013 3570 1080 3613 esset
1097 3563 1232 3627 inprobum
1251 3562 1323 3624 uulgi
1341 3563 1490 3610 adsentator

423 3651 477 3717 My.
497 3650 552 3700 Em.
575 3650 631 3701 600
649 3649 736 3717 (Gryn.
756 3652 839 3714 gentis
859 3660 941 3710 esset,
968 3665 1000 3699 ne
1018 3650 1160 3714 improbum
1179 3650 1270 3711 vulgus
1290 3664 1305 3697 a
1324 3658 1415 3698 senatu
1439 3648 1489 3697 ali·

422 3737 534 3803 quaudo)
553 3744 568 3786 2
578 3740 746 3788 moderationi
755 3738 845 3788 Editor
854 3739 931 3787 meio
940 3738 993 3801 ques
1021 3737 1045 3796 7,
1059 3743 1069 3785 l
1080 3744 1199 3799 quattuor
1209 3737 1361 3785 macedones
1371 3736 1490 3785 describi

422 3826 595 3875 macedoniam
606 3827 687 3875 uisum
698 3840 803 3890 quaque
814 3825 947 3875 consilium
957 3824 1105 3888 (concilium
1117 3821 1216 3888 Sipon.)
1245 3823 1373 3871 shabere
1401 3828 1418 3870 3
1442 3823 1490 3871 tri·

422 3913 527 3976 butique
544 3928 621 3977 qnam
639 3913 708 3975 quod
723 3911 728 3975 Ι
742 3912 802 3962 ferri
835 3912 861 3970 8,
877 3918 889 3961 l
910 3920 936 3960 et
951 3912 1075 3974 illyricum
1092 3911 1096 3973 Ι
1112 3913 1233 3960 mandata
1244 3911 1300 3974 ipsa
1312 3910 1404 3958 ceteris
1418 3908 1489 3971 ipsis

421 3999 499 4060 XIX,
526 4000 557 4059 2,
586 4006 596 4050 l
625 3999 666 4048 his
685 3998 784 4065 Kreyas.
835 4006 850 4049 2
876 3999 1049 4049 militauerunt
1074 3994 1179 4047 Clericus
1194 3999 1198 4059 1
1214 3996 1489 4061 autlbenigniusque

423 4102 499 4150 quam
537 4086 703 4135 :euenissent
738 4087 843 4146 3,2in
861 4101 905 4136 eas
923 4087 1031 4137 uictoria
1066 4086 1267 4148 3quaerimonia
1285 4083 1419 4147 gallique}
1439 4082 1489 4131 ad·

423 4182 549 4236 ueraeque
568 4171 660 4235 gladiis
679 4186 735 4234 qne
760 4172 883 4225 Wolcbias
902 4174 1027 4237 [acceptu
1046 4172 1140 4239 cladis)
1158 4180 1181 4220 et
1198 4169 1298 4236 Kreyss.
1319 4169 1407 4236 (Gryn.
1427 4170 1489 4218 Ad·

422 4262 549 4322 vaneque
568 4258 660 4321 gladiis
678 4273 784 4321 regnum
804 4286 835 4295 -
854 4246 993 4309 adductum
1013 4257 1082 4322 ease)
1140 4305 1145 4314 ,
