3475 5084
493 396 531 451 22
913 395 1044 443 Periocha·

452 604 541 639 novam
548 584 579 652 ¹),
593 605 670 655 quum
680 598 756 640 anua
765 594 883 656 quaterni
893 593 1006 643 luissent.
1037 592 1093 643 Lex
1105 593 1137 641 de
1148 594 1329 656 provocatione
1343 594 1373 643 ad
1383 596 1485 659 populun

451 698 467 731 a
486 676 623 748 Murenff)
650 684 753 733 consule
777 686 851 736 tertia
875 692 936 736 tunc
962 686 1015 735 lata
1041 693 1087 734 est.
1123 685 1189 735 Duae
1208 685 1288 735 tribus
1307 686 1412 734 adiecta
1433 696 1485 745 sunt,

450 776 572 825 Aniensis
592 784 618 825 at
635 776 782 826 Terentina.
819 778 977 828 Samnitibus
1001 777 1096 826 bellum
1122 776 1246 826 indictum
1271 784 1310 826 est
1337 786 1363 826 et
1385 778 1486 828 adsersus

450 883 495 919 cos
513 883 580 933 sepe
598 884 719 934 prospere
736 878 877 934 pugnatum
897 879 941 921 est
982 868 1065 929 Quum
1086 872 1208 919 adversus
1225 870 1363 929 Etruscos,
1387 870 1487 929 Umbros,

450 961 585 1023 Samnites,
604 960 694 1011 Gallos
713 962 741 1012 P.
756 964 836 1013 Decio
855 972 881 1013 ct
900 962 930 1023 Q.
940 963 1022 1013 Fabio
1042 962 1148 1012 ducibus
1166 938 1323 1027 pugnaretur
1341 964 1488 1013 etRomams

449 1056 573 1104 exereitus
590 1056 618 1103 in
636 1056 750 1105 maximo
768 1056 911 1106 discrimine
935 1064 1018 1118 esset,
1047 1056 1077 1105 P.
1096 1055 1207 1114 Decius,
1235 1062 1338 1105 secutus
1365 1056 1489 1119 exemplum

448 1148 539 1210 patris,
569 1148 671 1197 devovit
695 1163 786 1213 aspro
812 1151 926 1200 exercitu
950 1157 975 1197 et
992 1155 1075 1197 morte
1100 1162 1147 1196 sna
1174 1148 1305 1197 victoriam
1335 1147 1391 1197 eius
1414 1163 1490 1212 pugna

448 1238 543 1303 populo
569 1240 687 1289 Romano
713 1241 789 1290 dedit.
836 1242 953 1305 Papirius
979 1241 1073 1290 Cursor
1101 1240 1253 1291 Samnitium
1282 1242 1436 1299 exercitum,
1459 1242 1490 1303 qui

448 1329 627 1382 iureiurando
646 1334 794 1396 obstrietus,
821 1349 872 1398 quo
898 1335 993 1383 maiore
1013 1336 1155 1383 constantia
1181 1335 1283 1383 rimatis
1309 1343 1449 1397 pugnaret,
1472 1335 1490 1381 in

448 1423 531 1472 aelam
548 1425 724 1484 descenderat,
744 1425 816 1475 ludit.
857 1425 954 1477 Census
973 1433 1104 1484 natusest,
1123 1426 1232 1475 lustrum
1245 1427 1388 1476 eonditum.
1423 1423 1492 1474 Causa

737 1504 862 1511 —---.——

448 1523 508 1564 aaut
525 1517 618 1566 civium
639 1520 724 1582 capita
742 1506 887 1569 ccuxxsl
906 1530 931 1569 et
947 1514 1105 1583 CCCXP)

875 1657 924 1707 EX
943 1658 1009 1709 LIB.
1028 1657 1076 1707 XI.

519 1767 601 1828 Quum
620 1772 718 1822 Fabius
737 1771 836 1835 Gurges
856 1787 910 1822 cos.
936 1772 1001 1821 male
1025 1773 1146 1822 adversus
1168 1772 1296 1823 Samnites
1319 1780 1456 1835 pugnasset
1475 1780 1494 1817 et

448 1870 551 1913 senatus
576 1866 606 1913 de
630 1867 783 1914 removendo
802 1881 832 1914 so
855 1866 888 1915 ab
909 1866 1022 1913 exercitu
1041 1873 1142 1927 ageret,
1165 1864 1260 1913 Fabius
1281 1864 1414 1912 Maximus
1436 1870 1494 1927 pater

447 1956 597 2019 deprecatus
622 1958 689 2006 bano
713 1957 759 2006 filii
786 1958 950 2021 ignominiam
980 1972 1011 2005 eo
1038 1958 1148 2005 maxime
1174 1966 1290 2006 senatum
1318 1958 1413 2019 movit,
1440 1955 1492 2019 quod

447 2049 539 2096 iturum
564 2063 591 2098 se
616 2049 669 2098 filio
688 2049 802 2112 legatum
825 2050 954 2114 pollicitus
978 2058 1028 2109 est,
1055 2049 1130 2112 idque
1148 2049 1273 2112 preastitit.
1310 2048 1378 2099 Eius
1398 2048 1493 2098 consiliis

448 2149 474 2187 et
490 2155 568 2203 opera
591 2141 659 2191 iilius
684 2142 773 2191 consul
799 2143 901 2193 adiutus
920 2144 989 2193 caesis
1008 2140 1166 2194 Samnitibus
1185 2141 1367 2204 triumphavit,
1393 2142 1421 2193 C.
1438 2141 1493 2188 Pou—

447 2234 509 2281 tium
534 2234 713 2298 imperatorem
732 2235 897 2295 Samnitium,
923 2238 1024 2285 ductum
1050 2235 1076 2283 iu
1102 2233 1244 2297 triumpho,
1272 2235 1359 2283 securi
1378 2231 1493 2298 percussit

448 2321 531 2382 Quum
549 2327 694 2389 pestilentia
711 2327 799 2376 civitas
816 2328 960 2387 laboraret,
983 2326 1053 2376 missi
1072 2327 1163 2389 legati,
1195 2334 1223 2374 nt
1239 2326 1391 2391 AEscnlapii
1408 2326 1492 2387 signum

446 2417 553 2467 Remum
577 2420 608 2468 ab
625 2419 755 2485 Epidauro
779 2420 957 2482 transferrent,
989 2434 1112 2483 anguem,
1141 2420 1183 2481 qui
1210 2432 1238 2468 se
1260 2419 1288 2467 in
1307 2433 1402 2467 navem
1422 2430 1494 2465 eornm

447 2510 596 2571 contulerat,
622 2512 650 2561 iu
668 2528 719 2576 quo
738 2513 819 2577 ipsum
838 2528 932 2563 numen
951 2527 1007 2562 esse
1025 2512 1167 2570 constabat,
1187 2512 1403 2575 deportaverunt,
1429 2522 1494 2571 eoque

446 2601 474 2649 in
492 2602 599 2653 insulam
621 2605 719 2654 Tiberis
737 2620 847 2667 egresso,
865 2607 954 2656 eodem
972 2606 1030 2655 loco
1049 2605 1116 2653 aedes
1133 2603 1283 2667 AEseulapio
1303 2605 1444 2653 constituta
1460 2608 1494 2647 est.

446 2695 477 2743 L.
495 2694 641 2747 Postumius
668 2699 823 2762 consularis,
851 2698 985 2763 quoniam,
1014 2712 1090 2761 quum
1117 2696 1238 2746 exercitui
1262 2705 1402 2759 praeesset,
1432 2707 1494 2757 opera

446 2786 555 2837 militum
573 2791 600 2838 in
618 2804 681 2853 agro
700 2807 746 2841 suo
765 2807 824 2841 usus
843 2800 906 2853 erat,
925 2793 1060 2840 damnatus
1077 2798 1123 2839 est.
1159 2789 1252 2839 Pacem
1271 2787 1422 2852 petentibus
1436 2784 1495 2834 Sam·

446 2879 621 2931 adsbusloedna
634 2891 725 2945 quarto
739 2892 887 2933 renovatum
901 2893 946 2935 ast.
985 2882 1077 2933 Curius
1086 2882 1214 2931 Dentatus
1229 2883 1331 2942 consul,
1352 2880 1494 2931 Samnitibus

446 2974 518 3023 casis
537 2982 563 3023 et
580 2975 694 3035 Sabinis,
720 2978 763 3040 qni
788 2976 987 3033 rebellaverant,
1013 2977 1086 3025 vietis
1109 2983 1135 3023 et
1156 2975 1182 3021 in
1207 2974 1367 3023 deditionem
1388 2970 1493 3035 acceptis

447 3066 486 3115 bis
505 3067 533 3115 in
550 3068 641 3117 eodem
656 3070 807 3131 magistratu
825 3069 997 3133 triumphavit.
1040 3067 1155 3119 Colonia
1173 3068 1288 3116 deducta
1308 3074 1369 3116 sunt
1382 3066 1493 3115 Castrum.

445 3158 529 3220 Sena,
551 3159 658 3211 Hadria.
703 3162 838 3212 Triumviri
862 3162 984 3227 capitales
1008 3171 1069 3211 tunc
1085 3162 1194 3226 primum
1213 3161 1290 3209 creati
1318 3167 1388 3209 aunt.
1423 3156 1493 3206 Consu

445 3259 503 3301 acto
520 3251 627 3303 lustrum
646 3256 773 3304 conditum
787 3264 831 3305 est
870 3254 1127 3304 Geusasuutoivium
1142 3234 1397 3317 capitae—ciffi.
1429 3250 1493 3300 Plebs

445 3354 546 3408 propter
571 3361 605 3396 aes
624 3348 735 3397 alienum
760 3356 820 3413 post
843 3363 932 3411 graves
958 3356 984 3397 et
1005 3347 1096 3409 longas
1122 3345 1258 3395 seditiones
1276 3345 1310 3393 ad
1328 3345 1448 3394 ultimum
1464 3356 1493 3391 se

445 3437 523 3487 cessit
539 3438 566 3487 in
585 3439 735 3501 Ianiculum,
753 3442 821 3490 unde
839 3457 855 3489 a
876 3438 905 3500 Q,
924 3440 1062 3491 Hortensio
1080 3439 1204 3487 dictatore
1223 3438 1335 3485 deducta
1355 3445 1409 3497 est3
1434 3438 1493 3497 isque

445 3530 545 3595 inipso
563 3534 712 3595 magistratu
731 3534 848 3583 decessit.
888 3534 940 3583 Res
965 3539 1088 3596 praterea
1112 3539 1200 3581 contra
1219 3528 1399 3579 Vulsinienses
1423 3536 1493 3591 gestas

446 3624 567 3684 eontinet,
591 3625 652 3675 item
671 3627 791 3675 adversm
809 3627 936 3685 Lucanos,
963 3632 1050 3673 contre
1072 3639 1136 3686 quos
1155 3623 1278 3672 auxilium
1298 3622 1424 3671 Thurinis
1440 3621 1492 3670 ferre

444 3716 583 3779 placuerat.

865 3787 915 3836 EX
933 3786 999 3836 LIB.
1019 3786 1079 3835 XII.

516 3899 599 3959 Quum
627 3903 705 3966 legati
732 3904 907 3954 Romanorum
934 3920 951 3952 a
977 3901 1058 3953 Gallis
1083 3900 1227 3951 Senonibus
1254 3900 1384 3949 interfecti
1412 3904 1491 3953 essent,

444 3993 512 4043 bello
531 3996 564 4043 ob
582 3996 608 4043 id
627 3993 709 4046 Gallis
727 3997 837 4057 indicto,
862 3997 893 4046 L.
912 3994 1029 4045 Catilius
1055 4003 1148 4059 praetor
1170 3994 1202 4043 ab
1225 3994 1261 4042 eia
1280 4008 1339 4041 cum
1358 3990 1490 4056 legionibus

500 4148 519 4201 ¹)
534 4156 631 4193 Forum
646 4155 766 4193 nudarunt
780 4154 824 4197 rara
838 4157 894 4195 iae:
910 4154 961 4192 item
975 4151 1106 4201 pontificum,
1122 4152 1146 4190 ut
1161 4152 1230 4189 essent
1248 4154 1303 4190 octo.
1333 4150 1355 4199 ’l
1371 4150 1401 4189 M.
1416 4147 1489 4187 Valerio

444 4224 486 4263 aa.
501 4236 518 4262 ι.
534 4226 552 4261 s.
596 4222 620 4276 ⁸)
637 4222 731 4263 ccuxu
746 4222 812 4262 muru
826 4223 929 4264 eccam
944 4226 985 4265 ra.
1001 4238 1018 4263 a.
1033 4227 1065 4263 rr.
