3475 5084
478 510 536 567 tst
735 506 814 555 atuor
831 504 928 555 xnrv.
967 504 1014 567 (a.
1035 520 1060 554 u.
1082 518 1104 555 ο.
1125 504 1198 565 aso.)

393 689 570 751 anement
602 690 651 747 Ad
667 688 809 748 Scodram
826 690 895 746 inde
915 698 1033 747 ventum
1055 696 1108 760 est,
1131 688 1210 762 quod
1232 688 1301 748 balli
1321 696 1412 763 caput
1430 694 1492 753 erat,
1549 682 1550 705 ³

433 814 493 853 non
511 812 547 852 eo
569 792 672 864 solum,
695 794 775 868 quod
796 793 921 853 Gentius
951 812 1016 851 eam
1039 792 1094 851 sibi
1115 801 1233 869 ceperat
1252 792 1333 850 velut
1353 788 1436 865 regni
1454 797 1493 847 to·

390 906 405 927 ¹
433 900 491 957 tius
512 916 618 968 arcem,
639 900 691 955 sed
705 900 793 956 etiam
809 900 888 973 quod
910 899 1083 957 Labeatium
1099 898 1193 974 gentis
1208 895 1495 968 munitissimalonge

394 1010 411 1065 3
434 1014 479 1063 est
504 1013 534 1060 et
561 1002 687 1061 difficilis
714 1002 804 1061 aditu.
847 1002 916 1061 Duo
944 1004 1063 1085 cingunt
1084 1003 1306 1088 condamina,
1337 998 1495 1059 Clausala

433 1108 525 1167 latere
543 1106 639 1178 urbia,
661 1110 740 1182 quod
760 1109 790 1166 iu
813 1109 952 1167 orientem
973 1120 1071 1185 patet,
1094 1110 1261 1184 prefluens,
1282 1107 1445 1163 Barbanna
1463 1104 1495 1159 ab

394 1214 552 1289 tragicae
565 1212 732 1284 occidentis,
754 1232 791 1271 ex
805 1214 968 1273 Labeatide
988 1215 1095 1290 palude
1116 1214 1220 1271 omens.
1263 1212 1305 1271 Hi
1328 1212 1389 1269 duo
1406 1226 1497 1266 amnes
1551 1258 1552 1267 ι

434 1320 611 1377 confluentes
637 1318 769 1376 incidunt
789 1318 914 1377 Oriundi
941 1319 1066 1390 flumini,
1094 1320 1189 1393 quod,
1216 1328 1311 1375 ortum
1344 1334 1386 1373 ex
1409 1324 1497 1371 monte

375 1433 378 1443 ’
435 1424 558 1494 Scordo,
578 1424 675 1480 multis
695 1434 725 1480 et
746 1424 811 1481 aliis
832 1433 948 1482 anctum
972 1425 1065 1498 aquis,
1087 1422 1162 1480 mari
1176 1422 1351 1480 Hadriatico
1372 1419 1498 1478 infertur.

394 1528 411 1580 5
434 1530 521 1586 Mons
537 1527 674 1598 Scordus,
688 1528 775 1604 longe
789 1529 947 1587 altissimus
961 1528 1088 1605 regionis
1109 1528 1180 1599 eius,
1202 1528 1240 1585 ab
1260 1526 1374 1584 oriente
1389 1524 1499 1582 Darda·

433 1633 512 1690 niam
528 1633 687 1691 subiectam
703 1633 801 1704 babet,
816 1652 835 1690 a
849 1634 970 1691 meridie
987 1634 1201 1703 Macedoniarn,
1224 1633 1262 1691 ab
1284 1649 1395 1689 occasu
1411 1629 1497 1704 Illyri·

394 1739 411 1789 6
434 1756 510 1798 cum.
532 1737 719 1813 Quamquam
733 1737 874 1794 munitum
885 1739 942 1799 situ
957 1739 1083 1797 naturali
1098 1738 1237 1813 oppidum
1253 1745 1316 1794 erat
1330 1754 1462 1811 gensque
1474 1732 1498 1791 id

433 1854 498 1902 tota
518 1844 684 1919 Illyriorum
707 1852 737 1899 et
756 1861 810 1900 rex
832 1843 897 1919 ipse
915 1845 1066 1915 tuebatur,
1094 1853 1191 1901 tamen
1213 1853 1322 1918 prator
1342 1843 1499 1905 Romanus,

434 1949 503 2023 qnia
526 1949 621 2023 prima
634 1958 833 2006 successerant
849 1968 998 2026 prospere,
1019 1946 1166 2006 fortunam
1188 1948 1277 2005 totius
1298 1947 1341 2003 rei
1363 1944 1501 2022 principia

433 2060 597 2109 secuturam
626 2070 690 2110 esse
715 2063 797 2111 ratus
824 2063 853 2113 et
883 2053 1063 2127 repentinum
1091 2053 1248 2110 valiturum
1275 2064 1438 2120 terrorem,
1462 2050 1499 2119 iu·
1554 2086 1555 2129 ι

395 2160 544 2215 7structo
579 2160 708 2216 exercitu
738 2160 777 2217 ad
806 2159 914 2218 moenie
935 2159 1071 2218 succedit.
1121 2156 1208 2230 Quod
1230 2159 1255 2213 si
1276 2158 1390 2214 clausis
1415 2156 1499 2232 portis

434 2278 534 2320 muros
555 2271 765 2339 portarumque
784 2266 881 2321 turres
903 2263 1036 2339 dispositi
1060 2262 1165 2319 armati
1186 2262 1404 2333 defendissent,
1431 2280 1500 2319 vano

394 2368 500 2424 8cum
534 2368 650 2444 incepto
686 2370 830 2428 moenibns
864 2367 1043 2445 pepulissent
1073 2370 1241 2438 Romanos3
1285 2386 1381 2439 nunc,
1421 2378 1501 2443 porta
1555 2430 1556 2433 Ἴ

436 2472 559 2549 egressi,
583 2475 717 2549 proelium
738 2476 804 2534 loco
826 2493 909 2550 nequo
933 2474 1043 2531 maiore
1065 2474 1162 2531 auimo
1185 2474 1395 2531 commiserunt
1420 2490 1499 2548 quan

395 2580 412 2634 9
435 2579 640 2637 sustinuerant.
681 2581 763 2639 Pulsi
785 2580 861 2639 enim
884 2590 913 2638 et
933 2579 1005 2655 fuga
1023 2580 1200 2654 ‹tonglobati¹
1222 2597 1287 2636 cum
1308 2578 1361 2637 CO
1383 2579 1500 2654 amplius

435 2685 466 2740 in
486 2684 558 2759 ipsis
579 2684 712 2741 faucibus
727 2694 819 2759 portae
840 2685 1019 2756 cecidissent,
1041 2693 1151 2741 tantum
1174 2684 1333 2742 intulerunt
1353 2692 1500 2747 terrorem,
1556 2726 1557 2735 ,

436 2797 469 2844 ut
490 2796 621 2845 oratores
645 2789 791 2863 extemplo
813 2791 850 2846 ad
874 2799 1028 2865 praetorem
1053 2788 1179 2846 mitteret
1201 2788 1326 2847 Gentius
1349 2789 1499 2845 Teuticum

438 2901 466 2948 et
483 2892 607 2976 Beuum,
629 2894 773 2969 principes
795 2896 898 2969 gentis,
920 2914 974 2969 per
995 2912 1068 2969 quos
1089 2893 1216 2951 indutias
1237 2901 1358 2969 peteret,
1381 2900 1413 2949 ut
1437 2892 1500 2948 deli·

380 3006 413 3053 10
437 3000 539 3055 berane
569 2998 604 3055 de
630 3008 707 3056 statu
728 3019 823 3057 rerum
854 3018 973 3057 suerum
1004 3008 1112 3074 posset.
1155 2994 1267 3056 Triduo
1295 2996 1325 3053 in
1347 2998 1404 3053 boc
1429 2998 1501 3063 dato,

436 3122 502 3161 cum
524 3113 621 3161 castra
634 3106 771 3162 Romana
793 3105 965 3179 quingentos
986 3104 1078 3161 ferme
1092 3122 1196 3179 passus
1219 3104 1256 3160 ab
1272 3102 1344 3159 urbe
1360 3103 1500 3159 abessent

436 3226 541 3266 navem
576 3210 743 3267 conscendit
782 3219 811 3266 et
842 3210 960 3267 flumine
992 3210 1151 3266 Barbanna
1186 3208 1307 3282 navigat
1347 3207 1377 3263 in
1407 3206 1499 3265 lacum

436 3412 668 3423 -ι--ι--ι-ι.

436 3539 461 3599 2,
483 3545 494 3589 1
514 3541 650 3588 scoudram
667 3539 671 3601 Ι
687 3540 720 3589 ad
739 3540 807 3602 quod
826 3540 1038 3603 bellicapotuerat
1058 3538 1131 3605 Gryn.
1162 3538 1202 3601 (id
1221 3539 1290 3600 quod
1308 3539 1334 3587 b.
1355 3554 1377 3588 c.
1397 3537 1500 3600 fuerat),

436 3624 519 3674 Drak.
540 3626 634 3686 (erat),
655 3624 755 3691 Kreyas.
776 3626 833 3687 (om.
853 3627 899 3687 ad)
942 3632 957 3674 2
978 3632 1097 3689 coeperat
1143 3631 1158 3674 3
1178 3624 1255 3673 etium
1274 3642 1352 3689 supra
1375 3626 1466 3689 scripto
1488 3640 1501 3671 s

437 3711 462 3769 3,
483 3717 494 3760 1
517 3712 566 3773 ea!
585 3712 658 3777 Gryn.
678 3722 702 3761 ct
718 3713 789 3761 ceteri
808 3712 1026 3762 clausalalatere
1074 3718 1089 3760 2
1119 3710 1196 3777 Gryn.
1221 3711 1343 3759 Barbana
1380 3712 1500 3761 tlaboe·

437 3798 502 3847 tisde
541 3796 591 3856 4‚1
612 3798 649 3846 bii
685 3801 813 3848 ascodra
829 3797 913 3848 Druk.
934 3799 1025 3863 (Gryu.
1046 3798 1159 3861 Scodra)
1209 3796 1239 3857 5,
1262 3803 1273 3846 l
1294 3798 1401 3846 scodrus
1419 3797 1499 3847 Drui.

437 3901 566 3951 altissimis
587 3900 593 3967 Ι
612 3903 730 3970 eiusteius
751 3905 756 3965 Ι
778 3902 943 3952 dardanicam
967 3884 1125 3953 subeiectam
1174 3901 1199 3961 6,
1221 3907 1232 3951 l
1253 3879 1336 3949 nauali
1351 3901 1357 3967 Ι
1373 3915 1500 3965 gensque·

437 3989 509 4037 idota
564 3995 717 4039 essentum
734 4004 776 4038 ese
794 3988 869 4038 altero
888 4005 900 4038 s
919 4006 994 4053 supra
1007 3990 1094 4055 εσνίριο
1149 3988 1174 4048 7,
1199 3994 1210 4037 l
1234 3996 1322 4052 portus
1366 3988 1499 4049 tturrisl

437 4076 561 4139 disposita
578 4075 671 4124 mmeti
690 4074 745 4138 My.
764 4073 888 4125 amosa
907 4077 998 4141 (Grpe.
1019 4077 1148 4140 dispositis
1168 4074 1283 4137 armatis)
1314 4080 1329 4123 3
1348 4076 1499 4140 pepulissem

435 4177 575 4236 &alona
599 4178 603 4239 Ι
627 4177 714 4226 animo
732 4191 808 4238 quam
828 4180 1011 4229 commiserunt
1029 4194 1107 4242 quam
1154 4179 1180 4239 9,
1200 4184 1215 4227 2
1233 4162 1337 4241 iuiipsis
1377 4185 1499 4245 aptato·

436 4262 604 4331 resemitteret
639 4288 654 4330 4
673 4263 811 4345 etpbellnm
848 4281 891 4342 10,
907 4288 922 4331 3
941 4283 1045 4332 babano
1064 4285 1187 4347 uantgent
