3475 5084
540 519 617 569 Idbsr
634 518 731 568 XLIII.
768 518 815 582 (Δ.
833 515 896 569 cnr.
913 517 983 585 169.)
1192 522 1249 581 143

237 706 332 763 Tertio
364 705 412 763 dis
441 724 507 764 cum
537 706 716 781 pervenisset
743 590 1082 783 ad,montem,
1115 705 1166 761 vix
1197 712 1292 761 mane·
1316 708 1332 761 7

235 828 347 886 mamus
368 818 488 886 propter
508 810 689 867 altitudinem
709 810 804 880 nivis,
833 808 929 869 Iocum
953 828 1069 884 quoque
1091 809 1195 867 castris
1217 827 1293 884 segre

235 916 347 972 invenit,
405 914 561 973 Profectus
592 915 675 984 inde,
706 915 801 990 magis
829 916 899 991 quia
929 933 1048 973 manere
1077 931 1137 971 non
1169 922 1293 989 poterat,
1317 918 1335 974 8

235 1021 415 1096 quaequod
438 1020 598 1078 tolerabilis
629 1028 680 1076 ant
710 1020 760 1075 via
781 1029 833 1076 aut
852 1028 1011 1096 tempestas
1042 1028 1133 1088 esset,
1162 1036 1227 1077 cum
1249 1019 1292 1075 in·

234 1125 306 1201 genti
328 1125 487 1183 vexatione
507 1124 652 1200 praecipue
673 1123 888 1194 iumentorum,
915 1125 1007 1183 altero
1026 1123 1073 1181 die
1095 1123 1133 1180 ud
1154 1122 1292 1197 templum

234 1231 319 1302 Iovis,
340 1229 476 1288 Nicaeum
505 1247 591 1304 quem
616 1237 741 1300 vocent,
769 1230 868 1304 poenit
897 1238 1003 1289 castra.
1061 1229 1111 1286 Ad
1135 1228 1293 1286 Aratthum
1316 1235 1335 1289 9

232 1336 294 1393 inde
315 1336 436 1405 iinmcn,
457 1333 560 1391 itinere
582 1333 693 1407 ingenti
716 1353 843 1403 emenso,
876 1342 1005 1393 retentus
1026 1322 1186 1391 altitudine
1200 1331 1292 1389 amnis

232 1442 345 1498 mansit.
394 1440 462 1513 Quo
484 1438 580 1514 spatio
602 1439 740 1515 temporis
762 1449 851 1515 ponte
872 1438 1018 1515 perfecto,
1040 1438 1180 1497 traductis
1202 1436 1293 1512 copiis

230 1546 283 1603 diei
304 1564 481 1623 progressus
501 1545 565 1613 iter,
587 1543 706 1601 obvium
713 1545 924 1602 Archidamum
945 1544 1104 1620 principem
1115 1542 1293 1611 AEtolorum,

230 1670 279 1726 per
295 1670 387 1725 quem
408 1650 436 1708 ei
459 1649 574 1709 Stratus
594 1649 773 1720 tradebatur,
797 1650 909 1707 habuit.

230 1750 234 1755 ’
310 1758 361 1814 Eo
386 1755 434 1812 die
455 1754 494 1811 ad
515 1755 601 1810 finem
623 1753 824 1827 agriAEtoliei
846 1762 943 1811 cestra
964 1754 1069 1829 posita.
1106 1751 1179 1810 Inde
1200 1750 1292 1809 altero
1337 1746 1380 1815 22

229 1860 335 1917 dicad
361 1859 494 1919 Stratum
517 1866 706 1934 perventum
741 1858 806 1929 ubi,
832 1876 927 1934 propa
945 1860 1086 1916 Inachum
1107 1874 1223 1913 amnem
1246 1874 1294 1914 cu·
1318 1859 1335 1914 2

230 1966 293 2022 stris
312 1966 433 2040 positia,
454 1982 520 2021 cum
541 1964 709 2038 expectaret
727 1960 836 2021 effusos
857 1963 991 2021 omnibus
1012 1964 1104 2038 portis
1125 1962 1245 2021 AEtolos
1265 1962 1295 2019 in

229 2070 313 2128 iidem
335 2088 425 2127 suam
453 2077 609 2137 venturos,
641 2068 756 2125 clausas
788 2075 889 2143 portas
920 2068 1016 2142 adque
1048 2068 1113 2143 ipsa
1143 2086 1179 2125 ea
1201 2076 1295 2137 nocte,

232 2194 288 2249 qua
309 2181 453 2244 venerat,
481 2182 630 2247 receptum
655 2174 822 2231 &manum
845 2173 1011 2247 praesidium
1035 2192 1100 2230 cum
1123 2171 1158 2231 C.
1174 2172 1295 2247 ¹Popilio

230 2280 326 2355 legato
351 2278 475 2337 invenit.
527 2278 696 2353 Principes,
728 2278 778 2351 qui
800 2278 950 2353 prasentia
971 2275 1143 2335 Archidami
1170 2276 1295 2333 auctori·
1318 2275 1336 2330 3

232 2392 289 2441 tate
310 2383 448 2459 conpulsi
469 2401 569 2458 regem
590 2382 798 2453 arcessieram,
828 2382 946 2439 obviam
975 2398 1092 2455 egresso
1115 2378 1296 2437 Archidamo

230 2491 381 2565 segniores
401 2488 483 2559 facti,
504 2487 601 2545 locum
624 2488 754 2545 adversae
775 2486 896 2545 factioni
925 2486 1064 2543 dederant
1090 2485 1128 2541 ad
1149 2482 1295 2559 Popilium

229 2613 293 2652 cum
313 2594 396 2652 mille
423 2594 569 2669 peditibus
598 2594 637 2651 ab
658 2592 821 2650 Ambracia
847 2588 1061 2649 accersendum.
1109 2590 1297 2664 intempore
1319 2592 1335 2644 t

229 2710 257 2756 et
277 2700 465 2768 Dinarchus,
493 2696 648 2773 praefectus
675 2698 803 2771 equitum
826 2696 921 2773 gentis
941 2693 1127 2763 AEtolorum,
1155 2696 1219 2749 cum
1242 2691 1297 2749 DC

230 2805 378 2879 peditibus
400 2813 430 2860 et
449 2802 595 2877 equitibus
616 2811 721 2859 centum
741 2805 821 2859 uenit.
854 2801 933 2861 Satis
956 2800 1118 2867 constabat,
1140 2816 1205 2855 eum
1222 2806 1296 2855 tam·
1320 2803 1339 2855 5

231 2928 317 2983 quam
349 2909 389 2966 ad
415 2909 527 2965 Persea
553 2908 715 2965 tendentem
738 2907 869 2967 Stratum
897 2905 1025 2973 venisse,
1056 2914 1168 2961 mutato
1195 2903 1298 2960 deinde

230 3032 294 3070 cum
323 3013 448 3071 fortuna
469 3014 577 3082 animo,
597 3012 739 3070 Romanis
760 3009 801 3081 se,
821 3012 963 3069 adversus
975 3028 1049 3084 quos
1064 3008 1297 3079 veneratjiunx-

231 3119 296 3179 isse.
347 3120 413 3177 Nec
433 3119 567 3194 Popilius
587 3117 731 3187 securior,
764 3134 852 3190 quam
875 3116 1000 3173 debebat
1030 3132 1109 3181 esse,
1141 3113 1216 3168 inter
1237 3122 1296 3169 tum
1320 3115 1340 3169 6

231 3225 354 3281 mobilia
375 3223 492 3299 ingenia
512 3230 585 3281 erat.
631 3218 738 3279 Clavee
767 3230 918 3296 portarum
952 3218 1172 3291 custodiamque
1199 3234 1297 3273 muro·

230 3348 293 3385 rum
318 3346 382 3385 suae
401 3326 549 3402 extemplo
570 3328 722 3401 potestatis
743 3326 824 3395 fecit;
848 3325 1029 3382 Dinarchum
1042 3322 1219 3395 AEtoloaque
1233 3338 1296 3377 cum
1322 3326 1339 3379 7

231 3561 254 3622 i,
276 3568 287 3612 l
308 3570 382 3611 certo
397 3562 438 3609 die
454 3561 459 3625 Ι
475 3557 765 3623 transgressiedaorpm.
803 3562 818 3605 2
837 3555 971 3605 altitudine
1006 3554 1057 3613 8‚l
1078 3559 1178 3617 poterat
1195 3554 1263 3617 quod
1283 3559 1297 3601 2

232 3649 305 3697 uiant
322 3657 464 3711 tempestas
482 3654 569 3695 essent
603 3645 738 3695 tuiceum
758 3642 849 3708 (Grya.
871 3657 944 3704 quem
963 3640 1072 3690 Nireum
1089 3639 1194 3705 vocant)
1231 3639 1261 3697 9,
1285 3646 1295 3688 1

233 3743 347 3785 arratum
366 3733 450 3785 Hertz.
477 3741 535 3797 post
556 3730 702 3781 Kromemm
720 3728 756 3778 ad
774 3727 856 3779 Sbub.
884 3727 949 3788 VII,
982 3726 1037 3777 325
1065 3734 1088 3775 et
1113 3724 1175 3775 ulios
1206 3726 1297 3790 (Gryu.

233 3822 412 3883 Arachthum)
449 3820 566 3869 uitineri
600 3818 697 3868 aare
720 3818 812 3866 mansit
830 3815 972 3865 Perizonius
991 3814 1057 3863 diem
1080 3811 1118 3861 vel
1135 3813 1241 3861 biduum
1258 3828 1300 3861 ex·

232 3907 319 3958 cidisse
339 3907 476 3971 auspicatus
493 3914 534 3955 eet.
577 3914 593 3953 4
618 3904 681 3953 itero
700 3904 803 3953 obuium
822 3904 980 3952 arcidamum
1025 3904 1039 3949 5
1065 3914 1141 3964 quent
1159 3906 1298 3949 restratus·

234 3996 403 4063 duadebatur
454 4010 542 4070 XXII,
561 4008 586 4068 1,
607 4014 619 4057 1
639 4008 847 4069 agricoliseaatra
864 4006 920 4072 Mp.
948 4004 1038 4069 (Grpe.
1058 4003 1114 4065 agri
1132 4000 1226 4064 AEtoli)
1272 4001 1299 4060 2,

237 4099 341 4165 lGan.
361 4095 635 4156 Acheloumicastris
653 4109 712 4142 oum
749 4094 902 4150 uomaibm
918 4092 1009 4156 positis
1037 4084 1260 4151 secuturaslipss
1282 4091 1298 4133 b

232 4188 330 4249 legatio
358 4182 681 4249 3,larcidamiauctori1te
690 4180 820 4245 conpulsis
845 4180 999 4229 tarcidamo
1025 4173 1238 4227 ercamberta
1271 4171 1299 4233 4,

235 4289 395 4340 udinachue
415 4269 476 4351 piu.
496 4286 609 4347 equitum
638 4290 722 4335 2.ao.
751 4262 978 4345 aerequitibusi.
998 4280 1059 4329 aar·
1095 4277 1120 4338 5,
1141 4284 1153 4328 1
1171 4276 1302 4327 consulta-

233 4395 280 4442 bat
315 4378 454 4443 adanimo
500 4388 525 4448 6,
546 4394 557 4437 l
578 4368 707 4451 puopilina
742 4392 824 4435 seua
860 4384 885 4444 7,
907 4390 917 4433 i
939 4384 1070 4433 dinacrum
1133 4404 1137 4416 ·
