3475 5084
528 542 607 591 nuo
624 518 708 591 xnrr.
746 542 792 605 (a.
812 541 874 591 cnr.
898 541 968 603 171.)
1213 544 1251 601 ts

227 725 291 781 tatis
312 744 435 784 munero
454 726 526 798 fuir,
559 736 589 787 et
608 728 729 804 legatia,
762 727 841 802 quod
873 735 901 783 et
925 724 1055 801 Philippi
1079 725 1159 801 prius
1178 732 1207 783 et
1227 734 1295 800 post

228 830 364 887 Antiochi
388 831 463 889 bello
485 833 570 891 enixe
591 834 684 891 adiuti
705 852 723 891 a
744 841 830 908 gente
851 829 1059 889 Thessalorum
1084 838 1189 889 essent.
1228 830 1294 888 Huc
1318 834 1334 887 7

229 944 324 992 mutua
344 938 625 997 commemoratione
645 938 814 996 meritorum
846 936 961 994 accensi
990 934 1079 992 animi
1102 932 1293 991 multitudinis

228 1039 259 1094 ud
281 1040 385 1098 omnia
405 1040 605 1114 decernenda,
638 1062 702 1119 quae
724 1041 850 1101 Romani
872 1041 986 1099 vellent.
1047 1039 1212 1097 Secundum
1233 1039 1289 1096 hoc
1313 1042 1330 1098 8

227 1144 376 1201 concilium
398 1145 488 1221 legati
510 1165 528 1203 a
549 1148 661 1205 Perseo
682 1165 752 1223 rege
771 1155 931 1215 uenerunt,
953 1143 1063 1221 privati
1086 1144 1214 1201 maximo
1236 1144 1292 1200 ho-

227 1248 299 1322 spitii
317 1250 438 1318 fiducia,
462 1252 541 1325 quod
563 1252 590 1309 ei
610 1261 763 1327 paternum
785 1270 850 1311 cum
872 1244 986 1308 Marcio
1009 1253 1103 1306 erat·
1136 1250 1187 1306 Ab
1208 1249 1292 1307 buius

225 1353 441 1413 necessitudinis
464 1358 740 1415 commemoratione
760 1357 829 1426 orsi,
850 1356 995 1431 petierunt
1016 1354 1121 1428 legati,
1143 1353 1172 1410 in
1194 1354 1292 1410 conlo·

227 1459 319 1531 quium
341 1460 481 1518 veniendi
508 1462 570 1538 regi
592 1471 766 1539 potestatem
787 1462 907 1519 faceret.
955 1459 1084 1517 Marcius
1105 1467 1134 1515 et
1157 1474 1189 1515 se
1211 1457 1254 1514 ita
1275 1476 1293 1513 a
1315 1457 1333 1512 9

225 1573 302 1638 petre
324 1584 383 1623 suo
404 1568 552 1643 accepisse
573 1568 656 1637 dixit,
678 1566 834 1625 amicitiam
845 1563 1062 1640 hospitiumque
1076 1581 1141 1621 oum
1154 1562 1292 1637 Philippo

225 1668 326 1740 luisse,
359 1680 389 1727 et
416 1672 534 1729 minime
563 1672 762 1729 immemorem
783 1670 1003 1728 necessitudinis
1035 1669 1096 1726 eius
1117 1668 1291 1743 legationem

226 1790 285 1830 cam
307 1775 483 1849 suscepisse.
535 1774 739 1849 Conloquium‚
761 1776 786 1833 si
807 1775 879 1832 satis
900 1774 1053 1831 commode
1075 1773 1202 1845 valeret,
1233 1791 1292 1830 non
1318 1772 1353 1827 10

225 1876 309 1935 fuisse
333 1896 368 1936 se
390 1879 563 1947 dilaturum3
595 1896 689 1949 nunc,
722 1878 772 1935 ubi
801 1879 927 1953 primum
950 1888 1067 1954 posset,
1101 1878 1139 1935 ud
1160 1878 1290 1934 Peneum

226 1983 336 2055 flumen,
360 2000 421 2057 qua
441 1983 580 2040 transitus
603 1985 641 2041 ab
663 1984 803 2041 Homolio
825 1984 915 2041 Dium
938 1991 1023 2053 esset,
1044 1982 1221 2058 praemissis,
1243 1981 1292 2055 qui

225 2088 390 2145 nuntiarent
409 2088 481 2162 regi,
502 2096 651 2145 venturos.

302 2193 344 2250 Et
370 2202 430 2250 tum
453 2191 570 2265 quidem
587 2194 624 2250 ab
642 2193 702 2250 Dio
720 2194 846 2251 Perseus
866 2193 897 2249 in
918 2192 1056 2249 interiora
1078 2190 1159 2265 regni
1181 2190 1289 2265 recepit
1334 2183 1375 2254 39

225 2314 268 2366 se,
296 2298 356 2355 levi
389 2316 463 2354 aura
487 2298 550 2372 spei
579 2299 711 2370 obiecta,
744 2299 822 2373 qnod
843 2296 973 2355 Marcius
1001 2296 1092 2370 ipsius
1116 2312 1207 2352 causa
1227 2310 1290 2351 sus·

227 2402 331 2475 cepisse
353 2420 388 2459 se
407 2403 581 2478 legationem
604 2402 741 2473 dixisset3
773 2411 840 2477 post
867 2402 929 2458 dies
960 2416 1069 2474 paucos
1092 2398 1129 2455 ad
1152 2399 1290 2456 constitu·

226 2514 279 2564 tum
313 2507 414 2565 locum
449 2517 598 2565 venerunt.
653 2508 779 2582 Magnus
811 2506 965 2564 comitatus
997 2504 1052 2562 luit
1080 2502 1192 2578 regius,
1222 2520 1286 2560 cum
1310 2504 1327 2559 2

227 2610 382 2668 anticorum
405 2619 465 2669 tum
486 2612 641 2670 satellitum
664 2614 750 2671 turba
770 2613 906 2686 stipante.
948 2610 1018 2668 Non
1039 2606 1151 2665 minore
1173 2606 1287 2681 agmine

226 2712 306 2788 legati
328 2725 490 2785 venerunt,
525 2723 554 2773 et
580 2719 619 2774 ab
641 2716 747 2774 Larisa
773 2717 871 2774 multis
893 2712 1135 2792 prosequentibus
1158 2720 1186 2768 et
1207 2711 1287 2785 lega·

226 2816 345 2877 tionibus
370 2820 548 2891 eivitatium,
581 2840 645 2895 quae
674 2830 871 2879 convenerant
901 2820 1035 2878 Larisam
1066 2825 1095 2874 et
1123 2816 1288 2874 renuntiare

227 2922 337 2982 domum
368 2933 464 2995 certa,
496 2943 560 3000 quae
587 2925 749 2996 audissent,
778 2926 926 2983 volebant.
975 2925 1075 2981 Inerat
1101 2940 1172 2980 oure
1201 2920 1328 2980 insitall

228 3031 394 3088 mortalibus
426 3030 543 3087 videndi
574 3031 793 3105 congredientes
826 3030 953 3087 nobilem
990 3046 1089 3103 regem
1127 3034 1156 3083 et
1188 3026 1287 3102 populi

227 3133 360 3210 principis
377 3144 521 3192 terrarum
540 3136 669 3193 omnium
687 3136 811 3210 legatos.
848 3134 937 3192 Utin
960 3140 1115 3207 conspectu
1137 3140 1286 3200 steterunt,
1310 3132 1328 3185 4

228 3237 374 3297 dirimente
404 3240 500 3311 amni,
532 3240 681 3315 paulisper
703 3239 939 3297 internuntiando
962 3236 1107 3295 cunctatio
1130 3235 1198 3306 fuit,
1231 3235 1288 3292 utri

228 3345 502 3419 transgrederentur.
553 3344 676 3419 Aliquid
698 3345 739 3401 illi
760 3346 848 3421 regiae
869 3343 1031 3411 maiestati,
1054 3340 1162 3415 aliquid
1186 3340 1216 3397 bi
1234 3358 1287 3415 po-

229 3447 281 3518 puli
289 3450 416 3507 Romani
427 3449 546 3520 nomini,
564 3467 628 3507 cum
645 3451 804 3525 praesertim
814 3452 939 3508 Perseus
954 3448 1072 3524 petisset
1093 3446 1287 3520 conloquium,

229 3550 438 3610 existumabant
466 3554 573 3611 deberi.
628 3555 700 3612 Ioco
729 3555 815 3611 etiarn
837 3554 968 3612 Marcius
997 3560 1165 3609 cunctantes
1187 3551 1286 3609 movit.
1310 3554 1328 3607 t

229 3698 455 3713 -η--ι-ι-ιι

231 3792 353 3841 tautioei
369 3792 374 3852 Ι
389 3806 406 3840 a
424 3790 627 3852 gentessalorum
665 3788 690 3848 7,
713 3794 723 3838 l
746 3796 791 3837 aut
809 3797 898 3838 mutue
914 3788 939 3850 8,
959 3796 974 3839 2
993 3791 1121 3854 priuatum
1137 3792 1143 3855 Ι
1158 3792 1251 3855 hospiti
1271 3796 1286 3839 3

232 3877 290 3936 quod
303 3885 328 3927 et
343 3886 479 3942 paternum
505 3874 647 3936 9,³luisse
664 3875 799 3924 minimum
818 3890 956 3926 memorem
972 3877 1055 3930 Weiss.
1075 3887 1101 3927 et
1119 3875 1180 3927 odd.
1208 3877 1251 3942 10,
1274 3884 1284 3925 l

236 3957 302 4026 Grpe.
321 3979 373 4013 non
392 3962 472 4013 fuisse
491 3963 630 4012 dilaturum
680 3963 915 4011 8abomonodium
960 3962 1093 4022 XXXIX,
1118 3964 1142 4022 1,
1166 3969 1175 4011 l
1198 3963 1288 4027 recipit

235 4046 341 4115 Anonym.
379 4050 405 4109 2,
428 4055 437 4097 l
460 4049 589 4111 cogitatus
626 4048 749 4098 aturbas
769 4055 784 4097 ³
806 4046 881 4115 Gryn.
900 4050 1004 4100 Larissa
1021 4052 1095 4100 etsie
1113 4050 1198 4114 ubique
1227 4049 1285 4108 3,1

233 4131 323 4184 inerant
351 4136 492 4184 tuiucndi
511 4135 735 4197 congredientibus
771 4136 903 4199 elegeras
918 4139 944 4186 in
961 4145 1098 4201 conspeetu
1111 4135 1166 4200 My.
1195 4132 1287 4198 (Gryn.

235 4215 365 4284 Postqnem
386 4222 413 4270 in
428 4220 532 4283 consp.)
560 4220 614 4280 Μ
633 4218 768 4283 dirimens!
779 4220 854 4287 Gryn.
875 4238 949 4272 amns
964 4223 969 4289 1
985 4222 1033 4273 luit
1042 4224 1080 4272 uti
1107 4221 1229 4283 saliquid
1239 4206 1287 4284 p.—r

234 4303 256 4363 b,
277 4313 286 4355 1
304 4309 362 4358 loco
378 4309 384 4372 Ι
400 4308 578 4356 cunctantibus
