3475 5084
483 502 540 559 180
741 496 821 549 Liber
836 493 935 547 mv,
978 493 1024 557 (Δ.
1043 497 1110 543 uso.
1131 493 1203 557 tte.)

439 664 655 758 necquicquam
662 680 756 752 aliud3
767 679 819 738 sed
828 697 896 737 cum
908 680 1031 737 suadere
1041 698 1094 736 non
1108 677 1270 736 consulenti
1280 694 1367 733 nemo
1380 674 1498 732 auderet,

440 786 594 847 remittitur
614 786 801 861 Antigonus,
833 784 885 858 qui
906 784 1061 853 nuntiaret,
1094 783 1222 857 quinque
1243 781 1356 839 milium
1380 777 1500 853 equitum

402 896 420 951 2
443 910 533 967 opere
553 899 665 948 tantum
687 890 729 947 uti
749 907 859 964 regem,
880 906 939 945 non
953 896 1051 946 tenere
1064 888 1276 946 multitudinem
1294 886 1395 944 eliam.
1424 882 1502 956 Quod

340 1038 345 1047 .
441 993 492 1051 ubi
519 992 658 1050 audivere
678 994 814 1062 barbari,
845 1000 1006 1051 ceterorum
1029 993 1146 1067 quidem
1163 988 1309 1051 'fremitus'
1322 991 1396 1059 fuit,
1416 986 1502 1061 indig-

441 1098 573 1155 nantium
594 1116 628 1156 ae
647 1098 757 1157 frustra
778 1097 889 1156 excitos
919 1099 1036 1157 sedibus
1059 1100 1134 1170 suis;
1166 1098 1325 1158 Clondicus
1346 1111 1449 1153 rursus
1467 1092 1503 1147 iu·

418 1284 421 1290 ¹
443 1213 588 1278 terrogat,
614 1203 719 1278 ecquid
738 1203 810 1280 ipsis
830 1203 957 1277 quinque
984 1204 1114 1275 milibus,
1143 1204 1222 1279 quod
1243 1199 1441 1268 convenisset,
1460 1212 1503 1252 nu·

403 1312 421 1367 3
445 1309 591 1367 mereret?
621 1308 695 1368 Cum
717 1310 858 1367 edversm
885 1308 914 1365 id
936 1326 1053 1383 quoque
1073 1310 1188 1369 misceri
1209 1310 1352 1383 ambages
1375 1310 1505 1368 cerneret,

444 1414 586 1471 inviolato
607 1413 706 1473 fallaci
726 1414 845 1483 nautio,
876 1413 955 1487 quod
977 1414 1028 1471 vix
1056 1422 1226 1491 speraverat
1246 1414 1311 1490 ipse
1332 1428 1425 1487 possa
1445 1425 1506 1464 cou-

446 1518 566 1593 tiugere,
588 1527 666 1576 retro
688 1520 728 1576 ed
748 1519 898 1588 Histrum,
928 1518 1113 1594 perpopulati
1134 1518 1307 1587 Threciam,
1338 1535 1402 1591 qua
1422 1512 1507 1570 vicine

407 1630 424 1683 4
448 1601 513 1681 erat
528 1622 593 1695 vie,
607 1624 770 1692 redierunt3
792 1642 857 1698 que
874 1639 987 1693 manus,
1005 1624 1104 1698 quieto
1120 1624 1238 1681 sedente
1252 1642 1323 1698 rege
1340 1623 1381 1679 ad
1394 1620 1507 1694 Elpeum

448 1728 588 1787 edversue
608 1728 770 1796 munuca,
790 1728 966 1786 Perrhebiee
987 1729 1093 1787 saltum
1114 1729 1145 1785 in
1163 1730 1350 1787 Thessaliam
1373 1726 1508 1789 neducu,

447 1853 507 1891 uon
528 1851 616 1908 agros
637 1842 750 1891 tentum
770 1832 883 1890 nudare
902 1833 1071 1909 populando
1092 1834 1196 1909 potuit,
1217 1852 1255 1891 ne
1277 1851 1354 1908 quos
1374 1831 1447 1888 inde
1460 1831 1509 1886 Bo·

409 1946 426 1997 5
448 1939 528 1995 mani
546 1946 725 1996 commeatus
744 1946 940 2013 expectarent,
957 1938 1009 1995 aod
1024 1937 1103 2013 ipses
1121 1938 1274 1997 excindere
1290 1940 1391 2009 urbes,
1408 1940 1510 1994 tenente

450 2042 488 2099 ed
509 2042 634 2117 Elpeum
659 2042 769 2101 Perseo
789 2044 958 2113 Romanos,
979 2062 1017 2101 ne
1039 2044 1159 2102 urbibus
1180 2044 1268 2101 sociis
1290 2041 1435 2119 opitulari
1454 2055 1509 2115 pos·

411 2154 428 2206 6
450 2134 539 2206 sent*
556 2148 634 2224 Ipsis
655 2165 774 2221 quoque
793 2148 935 2205 Romanis
956 2148 994 2206 de
1014 2165 1046 2205 se
1062 2149 1248 2224 cogitandum
1263 2148 1378 2218 fuisset,
1404 2144 1511 2221 quando

450 2272 545 2329 neque
564 2272 699 2324 manere,
720 2253 830 2310 amissa
851 2252 1016 2322 Thessalia,
1038 2253 1114 2309 uude
1135 2254 1279 2311 exercitus
1302 2252 1451 2320 alebatur,
1470 2266 1513 2323 po·

451 2359 589 2429 tuissent,
614 2376 709 2432 neque
729 2357 882 2433 progredi,
909 2376 974 2415 cum
997 2377 1034 2415 ex
1056 2358 1181 2415 adverso
1203 2366 1301 2415 cestra
1323 2358 1512 2417 Macedonum

413 2470 428 2521 7
452 2457 514 2534 **,
545 2462 597 2537 qui
630 2480 666 2519 ea
697 2463 895 2537 pependerant
925 2481 994 2539 spe,
1025 2464 1104 2521 heud
1134 2463 1320 2521 mahom-iter
1351 2458 1512 2519 debilitavit

413 2574 431 2628 8
453 2568 567 2627 Eodem
589 2565 715 2623 aranda
728 2565 868 2626 Gentium
889 2587 987 2645 regem
1010 2567 1066 2627 sibi
1081 2567 1228 2625 alienavit.
1258 2568 1350 2637 Nam,
1366 2584 1436 2623 cum
1452 2560 1514 2623 CCC

453 2672 565 2729 talanta
574 2669 664 2728 Pellae
680 2669 775 2729 missis
793 2688 812 2727 a
828 2671 938 2732 Gentio
952 2683 1143 2744 numerasset,
1160 2673 1278 2747 signare
1295 2688 1348 2729 eos
1370 2670 1513 2747 pecuniam

413 2786 431 2840 9
454 2777 634 2853 pesenacum
653 2773 721 2832 inde
741 2776 776 2833 X
795 2776 908 2835 teleuta
931 2778 970 2835 ad
984 2765 1187 2837 Pantauchum
1213 2777 1312 2845 missa,
1335 2792 1436 2851 ecque
1455 2790 1515 2849 prm

455 2881 550 2939 sentia
570 2881 635 2939 dari
650 2881 713 2956 regi
727 2880 826 2951 iussit;
846 2882 989 2957 reliquam
1008 2882 1171 2959 pecuniam,
1193 2882 1338 2958 signatam
1356 2880 1516 2956 Illyriorum

456 2987 550 3061 siguo,
578 2986 762 3063 portantibus
790 2986 851 3044 auia
883 2988 1022 3064 precipit,
1053 2987 1154 3063 parvis
1186 2986 1338 3045 itineribus
1372 2987 1517 3044 veherent:

458 3297 473 3340 2
487 3305 520 3341 ue
532 3291 670 3355 quicquam
680 3292 684 3358 Ι
694 3292 803 3342 euadere
818 3293 954 3343 consulent
964 3290 1053 3359 (Grpe.
1072 3290 1228 3354 consulenti)
1241 3303 1318 3339 nemo
1329 3286 1388 3353 Mo.
1401 3286 1461 3339 Em.
1474 3281 1518 3335 579

459 3394 640 3461 denuntiarent}
651 3395 722 3461 milie
739 3400 814 3445 tnon
820 3379 950 3459 temnere(
954 3394 1029 3461 Gryn.
1038 3394 1213 3458 contemnere)
1224 3392 1288 3458 lalia
1304 3392 1330 3453 2,
1339 3373 1518 3455 tindignamn·

458 3482 522 3531 tium
550 3481 681 3530 Sexcitus
696 3481 701 3542 1
718 3480 878 3544 ·c·longicue
903 3483 1019 3545 tctquid
1054 3483 1079 3542 3,
1093 3488 1104 3531 l
1120 3490 1234 3533 cerneret
1245 3480 1344 3530 uiolato
1376 3479 1518 3529 chiantim

459 3567 641 3633 perpostulatie
659 3568 764 3616 trecium
818 3568 848 3628 4,
880 3575 892 3619 l
918 3568 952 3617 ud
978 3569 1097 3634 enipeum
1117 3568 1173 3635 My.
1199 3566 1295 3633 (Prone
1310 3564 1422 3631 plenique
1442 3578 1518 3615 comat

460 3663 516 3704 cute
534 3655 653 3703 adversus
668 3663 768 3717 ponant,
787 3655 895 3705 omittunt
907 3662 963 3721 post
973 3654 1128 3720 Romanos.)
1165 3653 1477 3719 tparrebiaeltessaliam
1507 3652 1517 3695 3

460 3740 609 3806 populanda
661 3739 686 3799 5,
709 3746 720 3789 l
750 3748 865 3791 tenentes
914 3742 1067 3806 anelpeum
1085 3741 1140 3806 My.
1156 3738 1247 3807 (ὕψη.
1265 3739 1409 3804 Enipeum)
1468 3738 1516 3795 6‚1

461 3844 541 3894 fuisse
580 3843 721 3893 ttesselia
755 3829 946 3895 uerenduereo
983 3843 1035 3906 7,1
1057 3844 1186 3895 Lacunam
1208 3842 1283 3908 Grpe.
1303 3842 1419 3907 opposito
1437 3835 1519 3891 »utut

462 3931 561 3980 notovit.
603 3929 747 3990 Omriscorum
764 3930 827 3981 dunc
837 3932 919 3996 samse
936 3932 1073 3982 centetttium
1091 3939 1208 3996 apparat:
1226 3937 1318 3979 essem.
1357 3928 1416 3978 Hoc
1436 3928 1519 3977 emim

463 4018 561 4067 auxilio
584 4017 695 4067 Perseus
719 4018 819 4067 animos
844 4018 1018 4069 Macedonum
1042 4027 1101 4078 oct,
1135 4014 1301 4081 omdmodique
1324 4030 1425 4064 mmor»
1452 4026 1521 4064 nouo

463 4102 629 4155 Macedonum
646 4103 682 4153 bic
696 4104 807 4168 positam
849 4105 876 4165 8,
896 4110 911 4153 2
929 4106 996 4169 pelle
1014 4106 1094 4156 mista
1113 4104 1200 4167 gentio
1218 4108 1382 4153 numerasset
1400 4098 1477 4151 Frob.
1491 4095 1519 4148 Π.

454 4191 489 4251 ’9,
511 4196 521 4240 l
542 4206 632 4254 passus
649 4191 709 4240 inde
724 4189 799 4240 Frob.
817 4188 855 4241 Π.
876 4190 964 4252 (Gron.
984 4206 1093 4255 pessus,
1118 4190 1179 4239 inde
1198 4214 1228 4227 -
1249 4190 1283 4238 ed
1301 4188 1332 4238 P.
1349 4186 1434 4250 misit)
1451 4188 1456 4249 Ι
1472 4198 1521 4251 pen·

464 4285 569 4327 trucum
607 4277 843 4340 spectantibueuis
