3475 5084
480 534 517 590 78
743 509 821 580 litter
837 530 922 579 XLII.
962 529 1010 593 (A.
1030 544 1054 577 u.
1075 544 1095 578 c.
1116 530 1190 593 583.)

438 712 638 791 [Macedonis]
668 713 797 790 Philippi
829 716 906 773 bello
934 709 1035 773 hostes
1062 714 1184 774 fuissent
1215 723 1244 771 ot
1273 732 1327 788 pro
1356 713 1505 770 Antiocho

396 813 413 869 9
436 827 539 893 postea
560 836 643 875 arma
664 819 804 877 adversus
827 820 968 896 populum
990 821 1155 878 Romanum
1178 818 1310 876 tulissent
1334 834 1383 888 ac,
1410 835 1506 892 nuper

436 924 465 981 in
497 924 660 981 Achaicum
689 926 845 984 contributi
877 924 1043 994 concilium,
1076 924 1156 981 velut
1188 922 1338 1000 praemium
1371 921 1438 979 belli
1472 940 1506 978 se

435 1029 594 1087 victoribus
615 1029 733 1087 Achaeis
755 1030 832 1087 tradi
855 1039 1053 1105 quererentur.

353 1120 394 1191 tt
520 1134 650 1191 Muretus
672 1142 701 1190 a
721 1133 831 1192 nutrius
854 1134 892 1192 no
914 1134 1049 1204 Gitanas,
1071 1134 1154 1209 apta
1176 1132 1333 1208 oppidum,
1369 1132 1400 1187 x
1423 1130 1504 1187 mila

435 1258 455 1294 a
482 1240 557 1295 mari
587 1257 652 1295 cum
675 1239 877 1309 escenderent,
913 1240 1035 1297 concilio
1063 1240 1251 1313 Epirotarum
1287 1234 1404 1305 habito,
1437 1252 1503 1291 cum
1564 1278 1565 1317 3

435 1362 544 1419 magno
557 1343 685 1401 omnium
707 1344 832 1401 adsensu
847 1345 938 1402 auditi
955 1352 1033 1417 sunt,
1056 1352 1085 1401 et
1099 1341 1327 1416 quadringentos
1346 1339 1505 1397 iuventutis

435 1466 535 1506 eorum
557 1448 587 1504 in
599 1446 734 1517 Orestas,
756 1456 789 1505 ut
809 1448 944 1523 prasidio
967 1456 1062 1505 essent
1081 1447 1211 1505 liberatis
1233 1448 1271 1503 ab
1283 1443 1504 1512 Macedonibus,

395 1548 412 1604 2
436 1553 584 1610 miserunt.
642 1552 715 1609 Inde
744 1553 774 1609 in
796 1554 939 1611 AEtoliam
971 1552 1117 1628 progressi
1147 1570 1182 1609 ac
1203 1568 1314 1626 paucos
1335 1550 1376 1607 ibi
1397 1549 1504 1605 morati

435 1659 512 1728 dies,
546 1659 615 1716 dum
645 1659 676 1715 in
704 1658 838 1733 praetoris
862 1659 970 1715 mortui
991 1659 1086 1715 locum
1115 1657 1189 1714 alius
1211 1655 1407 1725 sufficeretur,
1444 1652 1503 1731 [et]

435 1762 559 1838 Lycisco
581 1770 706 1836 praetore
735 1762 833 1834 facto,
856 1781 943 1837 quem
967 1764 1166 1821 Romanorum
1199 1760 1301 1819 favere
1321 1762 1409 1818 rebus
1432 1762 1504 1818 satis

435 1874 603 1941 conpertum
627 1876 703 1936 arat,
728 1868 904 1924 transierunt
924 1868 954 1925 in
976 1868 1170 1926 Thessaliam.
1227 1866 1273 1924 Eo
1294 1865 1384 1940 legati
1405 1866 1505 1923 Acar·

395 1970 524 2026 bnanes
556 1979 585 2026 et
614 1971 784 2028 Boeotorum
819 1973 919 2029 exules
957 1983 1106 2030 venerunt.
1165 1975 1338 2030 Acarnanes
1368 1970 1505 2028 nuntiare

434 2074 522 2144 iussi,
556 2092 621 2149 quus
643 2076 771 2151 Philippi
799 2078 942 2152 primum,
974 2077 1112 2137 Antiochi
1139 2077 1243 2135 deinde
1264 2076 1358 2163 bello,
1390 2075 1503 2150 decepti

434 2178 690 2254 pollicitationibus
712 2181 816 2256 regiis,
839 2182 980 2240 adversus
1002 2184 1140 2258 populum
1152 2184 1316 2241 Romanum
1337 2182 1504 2239 commisis-

394 2292 412 2345 t
435 2292 507 2355 sent,
529 2303 565 2341 aa
587 2286 751 2360 corrIgendi
777 2288 958 2345 occasionem
980 2288 1037 2345 illis
1059 2287 1197 2345 oblatam.
1255 2288 1289 2347 Si
1310 2287 1388 2343 male
1408 2285 1503 2343 meriti

396 2402 399 2409 '
435 2390 615 2447 clementiam
628 2392 727 2466 populi
737 2393 862 2450 Romani
874 2393 985 2467 experti
1008 2401 1112 2463 assent,
1129 2394 1203 2449 bene
1215 2393 1352 2449 merendo
1374 2391 1503 2448 liberali·
1566 2422 1567 2425 ¹

392 2502 521 2557 litatem
558 2496 767 2570 experirentur.
826 2497 938 2555 Boeotis
980 2499 1205 2572 exprobratum,
1248 2497 1416 2580 societatem
1452 2514 1503 2553 eos
1537 2502 1547 2523 ·

433 2618 498 2658 cum
520 2602 631 2658 Perseo
651 2601 790 2661 iunxisse.
850 2600 924 2660 (lum
949 2602 1063 2677 culpam
1085 2604 1116 2660 in
1137 2602 1304 2673 Ismeniam,
1339 2602 1500 2677 principem

433 2705 551 2762 alterius
574 2705 676 2779 partis,
698 2703 862 2762 conferrent
884 2715 913 2762 et
936 2709 1077 2781 quasdam
1100 2709 1232 2765 civitates
1249 2707 1451 2765 dissentientes
1473 2704 1501 2760 in

432 2826 551 2866 causam
573 2809 712 2867 deductus
734 2811 870 2880 dicerent,
902 2812 1103 2886 appariturum
1129 2814 1160 2871 id
1190 2830 1268 2882 esse,
1301 2812 1433 2869 Marcius
1456 2826 1501 2866 re-

353 2937 361 2948 *
432 2914 562 2988 spondit3
592 2914 712 2990 siugulis
734 2915 810 2974 enim
833 2916 1000 2975 civitatibus
1023 2919 1059 2975 de
1080 2936 1112 2975 se
1133 2918 1204 2993 ipsis
1228 2915 1396 2974 consulendi
1418 2922 1501 2989 pote·

392 3020 537 3077 dstatem
558 3017 698 3076 facturos.
745 3019 955 3079 Thessalorum
979 3022 1090 3079 Larisae
1116 3022 1171 3080 fuit
1192 3020 1355 3079 concilium.
1404 3018 1452 3075 Ibi
1474 3026 1502 3074 at

432 3123 583 3183 Thessalis
611 3123 736 3199 benIgna
762 3126 886 3183 materia
911 3125 1021 3202 gratias
1051 3126 1155 3202 agendi
1176 3125 1317 3183 Romanis
1336 3142 1391 3198 pro
1412 3122 1501 3179 liber·

431 3256 665 3272 αο-Ι-υ--ι

431 3344 513 3396 codice
530 3364 577 3396 noa
595 3364 644 3396 ease
661 3344 787 3404 crederem,
806 3361 836 3393 aa
853 3344 964 3395 fuissent
973 3341 1118 3408 faciendum
1133 3342 1223 3407 putaui
1238 3341 1367 3392 favissent.
1417 3342 1501 3392 Utrum

431 3434 582 3484 Macedonis
600 3431 728 3483 tollendam
745 3432 777 3480 eit
794 3446 826 3478 on
849 3427 997 3479 scribendum
1017 3428 1185 3477 Macedonico
1208 3428 1291 3488 bello,
1320 3429 1433 3479 incertum
1458 3438 1501 3479 eet·

439 3517 531 3569 Vahlen
548 3520 624 3585 psam
642 3526 732 3583 postea
749 3516 774 3564 in
792 3514 909 3564 codeces
926 3514 1027 3579 sentit.)
1063 3513 1217 3574 XXXVIII,
1234 3513 1259 3574 1,
1282 3518 1292 3563 l
1314 3530 1348 3563 m.
1369 3524 1395 3563 et
1413 3516 1501 3565 atilius

431 3606 465 3654 ad
483 3608 586 3669 mtanao
605 3605 668 3669 oripi
708 3600 739 3650 In
762 3601 892 3662 adgitanuo
909 3616 995 3649 nomen.
1010 3599 1096 3664 oppidi
1110 3600 1161 3650 sine
1167 3600 1338 3665 propositione
1353 3600 1428 3651 lutere
1440 3611 1502 3651 reete

430 3689 525 3741 iudicat
540 3690 595 3741 Iac.
610 3688 685 3741 Gron.
702 3687 707 3751 Ι
722 3702 741 3734 x
759 3686 824 3735 mari
858 3690 873 3733 2
897 3683 971 3750 Gryu.
986 3684 1227 3751 ascenderent(0ur
1238 3703 1284 3735 non
1295 3688 1501 3751 ascendissentl)

431 3784 481 3827 tle
505 3777 705 3839 quadringentos
753 3779 769 3820 4
794 3772 827 3820 ab
853 3786 879 3820 se
904 3772 1088 3823 macedonibus
1135 3772 1262 3823 Drolceub.
1287 3773 1354 3837 (Em.
1381 3773 1439 3823 532
1462 3774 1502 3837 a.)

396 3845 400 3850 ⁵
429 3863 455 3922 2,
476 3868 488 3911 l
517 3874 614 3924 paucos
641 3860 691 3910 sibi
734 3864 749 3907 2
771 3865 798 3907 et
819 3858 915 3921 lycisco
934 3856 990 3924 My.
1008 3858 1065 3909 Em,
1085 3858 1149 3909 532.
1198 3858 1321 3909 afauore
1339 3861 1416 3910 rebus
1436 3862 1503 3911 datis

431 3955 447 3996 4
465 3946 595 3997 tesealiam
611 3947 616 4009 Ι
631 3945 766 3995 acarnania
777 3942 832 4007 Mo.
847 3940 937 4008 (Gryn.
956 3944 1137 4010 Acarnanum)
1177 3946 1201 4005 3,
1218 3951 1234 3994 2
1254 3946 1367 3995 anthioci
1402 3948 1502 4010 bregis

431 4032 525 4084 Duker.
578 4032 609 4092 5,
638 4036 649 4081 l
676 4031 887 4095 exprobramtum
936 4036 951 4079 2
977 4031 1092 4082 iunxisse
1116 4047 1160 4082 eos
1185 4046 1242 4081 cum
1268 4032 1368 4096 culpam
1397 4032 1501 4099 Kreyes.

431 4117 521 4187 (Gran.
541 4119 663 4168 iunxisse.
681 4119 714 4169 iis
732 4116 801 4181 cum)
842 4120 858 4164 3
878 4116 1012 4168 conferent
1026 4116 1032 4183 Ι
1048 4119 1220 4169 dissentientis
1263 4119 1422 4169 tdeductas
1442 4134 1502 4184 apa·

431 4207 539 4256 ulturum
558 4204 614 4272 My.
636 4204 693 4255 Em.
714 4203 779 4255 532.
816 4204 1005 4268 (appariturum
1024 4202 1115 4271 Gran.)
1151 4205 1176 4266 6,
1198 4210 1208 4255 l
1231 4206 1382 4256 tessalorum
1399 4207 1404 4268 Ι
1424 4204 1502 4272 Gryn.

430 4292 560 4354 Larissai
576 4292 612 4342 ibi
630 4291 733 4343 tessaliu
768 4297 783 4339 2
802 4290 966 4340 libertatibus
