3475 5084
472 493 508 546 50
744 486 823 536 Liber
840 485 925 534 XLII.
964 485 1011 547 (A.
1026 500 1050 534 u.
1065 499 1087 534 c.
1103 485 1176 547 582.)

428 680 488 728 tum
508 688 688 747 preparare,
722 677 755 726 ut
783 668 929 726 abstinere
951 676 980 725 et
1001 685 1054 725 suo
1075 676 1104 725 et
1126 668 1251 726 hostium
1274 686 1346 743 agro
1369 666 1501 725 frumen·

391 776 407 832 9
430 775 511 833 tandi
532 793 622 832 causa
646 775 747 850 possit.
791 775 856 831 Iam
880 773 1031 849 pecuniam
1054 783 1165 830 tantam
1190 775 1313 844 habere,
1343 783 1376 830 ut
1398 773 1501 830 decem

427 881 545 938 milibus
576 881 820 938 mercenariorum
853 880 990 949 militum,
1027 889 1132 955 prater
1158 879 1353 936 Macedonum
1388 879 1501 953 copias,

428 986 601 1061 stipendium
624 986 653 1042 iu
675 986 793 1042 totidem
817 1003 910 1041 annos
937 996 1131 1059 praeparatum
1161 984 1282 1055 habeat,
1316 992 1422 1058 praeter
1448 1002 1502 1040 au·

371 1092 407 1147 10
430 1109 536 1161 nuum,
570 1091 648 1165 quod
676 1110 713 1147 ex
736 1089 859 1147 metallis
881 1090 968 1164 regiis
990 1089 1107 1164 capiat,
1139 1089 1273 1164 vectigal.
1333 1089 1430 1146 Arma
1453 1089 1503 1146 vel

430 1197 523 1253 tribus
545 1197 633 1253 tantis
658 1196 832 1253 exercitibus
852 1195 883 1252 in
905 1194 1132 1279 armamentaria
1154 1195 1349 1270 congessisse
1391 1195 1502 1252 Iuven-

430 1310 530 1371 tutem,
552 1311 584 1357 ut
604 1301 663 1358 iam
689 1300 863 1358 Macedonia
885 1300 1009 1371 deficiat,
1031 1300 1111 1357 velut
1132 1319 1170 1358 ex
1190 1301 1309 1375 perenni
1326 1299 1408 1358 fonte
1422 1301 1502 1357 unde

430 1407 556 1478 hauriat,
580 1406 735 1464 Threciam
757 1406 916 1462 subiectam
939 1412 1030 1464 esse.“

350 1504 389 1575 13
515 1511 668 1586 Reliquom
686 1511 825 1568 orationis
843 1510 1009 1568 adhortatio
1026 1510 1088 1571 fuit.
1113 1511 1200 1579 ,Non
1217 1529 1273 1586 ego
1292 1511 1372 1566 hato“
1397 1511 1502 1584 inquit,

434 1617 569 1686 „incertis
590 1617 700 1674 iactat-a
720 1617 885 1674 rumoribus
908 1625 935 1672 et
954 1617 1086 1691 cupidius
1109 1617 1228 1684 credita,
1253 1617 1322 1690 quia
1343 1634 1415 1673 vera
1436 1635 1503 1674 esse

432 1724 469 1779 de
488 1723 606 1780 inimico
628 1721 750 1778 crimina
768 1721 914 1790 volebam,
936 1720 1037 1778 adfero
1061 1722 1099 1778 ad
1120 1741 1190 1792 vos,
1213 1732 1311 1796 patres
1333 1723 1503 1798 conscripti,

432 1828 484 1884 sed
515 1837 664 1902 comperta
691 1836 720 1883 et
748 1826 916 1900 explorata,
948 1828 1026 1884 haud
1054 1845 1137 1884 secus
1167 1845 1254 1900 quam
1283 1828 1308 1884 si
1334 1827 1504 1902 speculator

393 1933 410 1987 2
435 1931 539 1988 missus
561 1951 579 1988 a
600 1932 684 1989 vobis
706 1931 838 1989 subiecta
858 1932 949 1988 oculis
969 1933 1116 1993 referrem.
1150 1933 1263 2007 Neque,
1285 1933 1387 1989 relicto
1409 1949 1502 2007 regno

433 2056 516 2107 meo,
551 2038 629 2111 quod
661 2036 789 2112 amplum
816 2047 844 2094 et
873 2038 1021 2112 egregium
1047 2056 1101 2095 vos
1128 2036 1252 2107 fecistis,
1285 2057 1366 2094 mare
1388 2047 1501 2094 tantum

432 2142 620 2214 traiecissem,
642 2153 674 2200 ut-
696 2163 773 2200 vana
795 2144 833 2199 ad
860 2161 914 2199 vos
936 2142 1094 2200 adferendo
1116 2143 1201 2199 fidem
1225 2144 1398 2217 abrogarem
1423 2141 1502 2199 mihi.

394 2250 411 2304 3
434 2246 597 2306 Cernebam
616 2249 811 2305 nobilissimas
825 2248 907 2306 Asiae
929 2258 956 2304 et
973 2248 1096 2306 Graeciae
1117 2249 1248 2305 civitates
1270 2249 1300 2304 in
1322 2248 1385 2304 dies
1408 2248 1503 2322 magis

434 2354 611 2410 denudantes
632 2355 740 2411 iudicia
761 2373 824 2421 sua,
848 2372 926 2421 mox,
950 2354 974 2409 si
996 2354 1219 2428 permitteretur,
1243 2373 1278 2411 eo
1302 2371 1502 2428 processuras,

394 2463 412 2514 4
435 2459 511 2516 unde
527 2469 674 2535 receptum
696 2459 732 2514 ad
751 2458 943 2533 paenitendum
958 2476 1016 2514 non
1035 2459 1184 2519 haberent.
1215 2458 1379 2516 Cernebem
1392 2459 1503 2516 Persea

434 2583 493 2621 non
515 2567 706 2622 continentem
729 2582 761 2620 se
783 2563 964 2621 Macedonia
985 2582 1085 2638 regno,
1110 2563 1169 2621 aliu
1191 2565 1278 2621 armis
1300 2578 1503 2638 occupantem,

434 2669 508 2738 alia,
538 2687 603 2742 quae
629 2669 659 2724 vi
680 2668 776 2742 subigi
796 2687 855 2723 non
877 2677 1005 2742 possent,
1034 2667 1138 2726 favore
1158 2687 1193 2726 ac
1215 2670 1412 2727 benivolentia
1436 2689 1503 2726 con-

396 2773 615 2847 bpleetentem.
660 2772 821 2842 Videbam,
844 2791 932 2846 quam
954 2772 1040 2847 inpar
1061 2785 1137 2832 esset
1158 2793 1238 2846 sors,
1261 2793 1324 2832 cum
1348 2775 1397 2832 ille
1420 2776 1504 2834 vobis

436 2878 541 2935 bellom
559 2886 686 2954 pararet,
708 2895 761 2932 vos
784 2877 810 2933 ei
831 2896 962 2934 securam
985 2897 1087 2953 pacem
1109 2881 1300 2954 praestaretis3
1323 2899 1504 2956 quamquam

436 2984 506 3040 mihi
534 2985 649 3058 quidem
680 3000 739 3037 non
767 3001 882 3057 parare,
911 2984 961 3040 sed
983 3001 1083 3058 gerere
1107 3004 1187 3060 paene
1209 2986 1314 3042 bellum
1338 2985 1504 3046 videbatur.

396 3089 627 3164 bAbrupolim,
661 3087 771 3144 socium
802 3089 898 3162 adque
931 3089 1054 3146 amicum
1086 3101 1228 3160 vestrum,
1263 3109 1353 3166 regno
1382 3093 1503 3168 expulit

436 3193 646 3250 Arthetaurum
668 3192 810 3268 Illyrium,
832 3193 902 3266 quia
923 3194 1032 3269 scripta
1055 3195 1093 3252 ab
1115 3215 1150 3252 eo
1173 3197 1305 3271 quaedam
1327 3199 1412 3255 vobis
1435 3217 1504 3257 con-

437 3440 454 3482 4
479 3433 571 3500 Vahlen
590 3447 759 3501 preparatum
778 3439 888 3500 habere3
912 3440 988 3490 Hertz
1011 3456 1173 3504 preparasse.
1232 3443 1262 3501 9,
1290 3449 1300 3492 1
1322 3445 1411 3493 decem
1431 3446 1506 3494 milia

437 3525 669 3574 mercennariorum
692 3523 767 3575 Gron.
805 3532 935 3574 bannum
965 3530 1060 3590 tregia
1098 3527 1139 3586 10,
1160 3533 1175 3575 2
1196 3530 1277 3578 tribus
1296 3537 1395 3580 tantum
1418 3530 1503 3597 Siqua.

439 3605 677 3691 larmamentariam
726 3618 741 3659 4
770 3614 877 3661 theriam
911 3616 961 3676 (op.
981 3613 1057 3662 Hertz
1083 3614 1221 3676 therciam3
1253 3614 1328 3682 Grpn.
1351 3617 1503 3679 Thraciam)

436 3711 565 3772 x111,1,
595 3720 605 3761 l
628 3714 717 3778 inquid
762 3721 777 3763 3
801 3715 900 3764 adduos
926 3697 965 3780 pc.
1013 3718 1117 3766 thaud
1141 3734 1227 3768 secum
1252 3735 1327 3784 quam
1364 3719 1433 3770 Inter
1460 3739 1503 3772 ex·

434 3799 538 3862 plorata
556 3808 578 3846 et
595 3799 663 3846 haud
682 3801 706 3848 iu
725 3799 801 3850 medio
820 3818 890 3850 vora
910 3802 1013 3864 spatium
1031 3820 1132 3853 vacuum
1151 3803 1165 3854 7
1183 3805 1314 3856 litterarum
1333 3817 1367 3856 eat
1383 3809 1436 3857 aius
1456 3809 1505 3860 ullo

436 3883 781 3937 raaoroautdamnochortm
818 3887 871 3948 23
887 3889 920 3936 ad
938 3904 985 3938 uos
1001 3889 1098 3940 fecistis
1117 3891 1258 3943 adserendo
1274 3895 1278 3958 Ι
1295 3896 1450 3957 adrogarem
1480 3897 1504 3956 3,

439 3981 450 4024 l
481 3976 674 4040 nouilissimasl
690 3979 783 4039 gracie
827 3984 842 4027 2
868 3980 1003 4031 denudatis
1057 3987 1072 4030 3
1101 3985 1266 4047 penitendum
1298 4002 1350 4035 non
1380 3987 1504 4038 haberem

436 4066 463 4126 4,
483 4073 498 4116 3
518 4068 602 4132 suuigi
625 4069 629 4130 Ι
651 4079 759 4132 possunt
776 4069 908 4134 Rupertiua
932 4081 954 4122 et
979 4073 1034 4138 My.
1052 4076 1056 4136 Ι
1076 4073 1150 4142 Grpe.
1171 4077 1288 4129 benevol.
1326 4077 1350 4139 5,
1371 4085 1385 4127 2
1407 4080 1504 4130 bellum

437 4173 484 4209 uos
505 4157 580 4210 Grou.
618 4166 740 4225 sperare
776 4161 802 4225 6,
823 4169 838 4212 2
857 4164 1013 4215 arthetarum
1032 4165 1133 4234 Kreyar.
1155 4168 1248 4236 (Gryu.
1270 4172 1434 4236 Artetarum)
