3475 5084
555 511 726 578 nrmsxnv.
759 514 806 576 (a.
822 511 883 563 cnr.
901 515 973 577 ror.)
1198 520 1255 577 261

229 708 283 757 aut
311 699 452 757 maiorem
478 697 683 773 imperatorem
717 700 881 775 triumphus
914 698 1010 757 faciet.
1056 698 1182 757 Militum
1205 702 1299 777 magis

228 805 259 861 in
287 804 346 860 hoc
374 803 554 877 universique
583 806 684 880 populi
708 806 834 864 Romani
864 804 946 863 fama
973 804 1083 880 agilum
1108 805 1243 879 primum,
1265 810 1342 863 nell

228 908 349 965 invidiae
370 920 398 965 et
419 908 526 983 ingrati
547 910 637 966 animi
659 912 799 969 adversus
821 910 1013 967 clarissimum
1041 928 1185 984 quemque
1207 911 1300 971 civem

229 1014 398 1089 opinionem
431 1016 540 1072 habeat
571 1025 600 1072 et
627 1016 735 1074 imitari
769 1016 798 1073 in
825 1018 882 1074 hoe
914 1015 1053 1092 populum
1081 1015 1299 1089 Atheniensem,

226 1116 409 1175 lacerantem
435 1119 546 1176 invidia
575 1120 720 1196 principes
748 1139 833 1192 suos,
855 1120 996 1178 videatur.
1047 1118 1126 1178 Satis
1147 1132 1298 1195 peccatum
1323 1128 1338 1180 7

226 1224 257 1279 in
284 1223 409 1282 Camillo
431 1243 449 1281 a
470 1223 630 1283 maioribus
652 1226 755 1284 vestris
770 1237 823 1296 est,
846 1244 932 1301 quem
947 1234 1045 1283 tamen
1065 1234 1132 1281 ante
1152 1238 1298 1301 receptam

225 1348 285 1405 per
311 1348 379 1386 eum
408 1348 427 1385 a
454 1328 552 1388 Gallie
580 1333 679 1408 urbem
700 1333 861 1403 violarunt,
893 1330 965 1389 satis
996 1348 1089 1405 nuper
1120 1348 1139 1386 a
1165 1330 1249 1388 vobis
1271 1330 1300 1389 iu

226 1435 264 1491 P.
289 1423 443 1494 Africano.
493 1437 605 1493 Literni
627 1431 815 1528 domicilium
841 1445 871 1493 at
896 1438 994 1494 sedem
1028 1434 1117 1493 luisse
1146 1435 1299 1494 domitoris

226 1519 360 1610 Africae,
390 1541 500 1598 Literni
527 1541 689 1616 sepulcrum
721 1542 843 1611 ostendi,
872 1538 1084 1599 erubescamus.
1133 1540 1237 1599 Gloria
1262 1541 1300 1599 sit
1323 1546 1340 1602 8

225 1662 287 1719 par
309 1645 366 1701 illis
387 1645 456 1701 viris
484 1647 519 1709 L.
541 1646 666 1717 Paulus,
692 1646 797 1703 iniuria
825 1658 924 1702 vestra
951 1664 984 1702 ne
1005 1656 1181 1720 exaequetur.
1227 1648 1300 1705 Haec

226 1749 321 1825 igitur
342 1751 466 1826 primum
489 1751 611 1809 infamia
633 1752 772 1821 deleatur,
793 1750 873 1809 foeda
895 1760 966 1825 aput
988 1750 1061 1808 alise
1082 1762 1192 1825 gentes,
1214 1752 1298 1808 dnm·

226 1874 306 1913 nosa
328 1865 398 1931 aput
419 1868 543 1915 nostram.
594 1858 668 1931 Quis
689 1857 765 1913 euim
787 1865 839 1913 aut
859 1855 995 1913 Africani
1017 1867 1068 1913 aut
1089 1856 1175 1915 Pauli
1197 1856 1298 1914 similis
1321 1865 1338 1920 9

228 1979 296 2017 esse
322 1960 353 2017 in
378 1962 493 2036 ingrata
524 1971 553 2019 et
580 1963 697 2020 inimica
723 1962 807 2020 bouis
836 1962 953 2018 civitate
981 1961 1070 2019 velit?
1112 1962 1144 2021 Si
1178 1961 1299 2020 infamia
1326 1969 1360 2023 10

226 2065 312 2122 nulla
338 2077 416 2122 esset
443 2077 472 2123 et
501 2068 537 2123 de
564 2068 660 2143 gloria
686 2077 798 2125 tantum
821 2078 965 2141 ageretur,
988 2068 1038 2142 qui
1058 2068 1173 2125 tandem
1197 2068 1297 2123 triurn-

225 2172 306 2246 phus
329 2190 387 2227 non
408 2189 590 2229 communem
612 2173 736 2229 nominis
755 2172 882 2231 Romani
903 2172 1026 2247 gloriam
1049 2173 1158 2231 habet?
1180 2174 1241 2231 Tot
1263 2172 1300 2227 da
1325 2180 1357 2233 ll

227 2274 329 2334 Gallis
350 2275 496 2352 triumphi,
519 2287 562 2335 tot
580 2279 617 2335 de
636 2279 787 2355 Hispanis,
812 2287 856 2335 tot
876 2278 913 2334 de
927 2279 1026 2336 Poenis
1041 2278 1171 2353 ipsorum
1187 2286 1299 2334 tantum

226 2381 440 2456 imperatorum
463 2401 500 2439 an
535 2384 635 2459 populi
657 2384 783 2442 Romani
798 2382 951 2441 dicuntur?
974 2381 1226 2455 Quemadmodum
1242 2398 1300 2437 non

227 2486 268 2542 de
290 2488 406 2562 Pyrrho
431 2489 518 2546 modo
547 2508 601 2545 nec
622 2488 659 2544 de
679 2488 862 2558 Hannibale,
891 2487 943 2545 sed
965 2488 1000 2544 de
1021 2488 1151 2562 Epirotis
1176 2485 1300 2545 Cartha·

226 2593 468 2669 giniensibueqne
488 2594 627 2670 triumphi
647 2594 704 2651 acti
726 2603 809 2663 sunt,
841 2594 884 2650 sic
910 2611 968 2649 non
990 2593 1040 2651 Μ’.
1062 2590 1166 2649 Curius
1188 2599 1300 2647 tantum

227 2717 285 2755 nec
307 2701 342 2757 P.
365 2698 527 2771 Cornelius,
549 2700 600 2757 sed
621 2699 748 2757 Romani
769 2699 992 2773 triumpharunt.
1036 2697 1161 2754 Militum
1185 2695 1301 2769 quidem
1328 2699 1363 2754 12

228 2805 353 2880 propria
375 2814 419 2862 est
439 2823 538 2875 causa,
559 2806 609 2880 qui
631 2816 659 2861 et
680 2804 736 2880 ipsi
755 2804 879 2861 laureati
897 2814 926 2860 et
942 2803 1064 2877 quisque
1080 2801 1174 2887 donis,
1197 2800 1301 2875 quibus

231 2909 335 2966 donati
356 2918 432 2979 sunt,
452 2910 580 2985 insignes
601 2910 777 2985 triumphum
793 2910 911 2967 nomine
925 2909 1032 2965 cientes
1053 2925 1180 2981 suasque
1199 2912 1228 2963 et
1248 2906 1301 2962 im·

229 3014 377 3091 paratoria
398 3013 498 3071 laudes
520 3025 656 3071 canentes
677 3034 730 3089 per
751 3016 851 3072 urbem
873 3014 1017 3072 incedunt.
1050 3012 1082 3071 Si
1105 3012 1221 3085 quando
1243 3029 1302 3067 non
1327 3015 1363 3070 13

231 3119 382 3195 deportati
404 3138 442 3177 ex
462 3119 614 3195 provincia
632 3119 737 3177 milites
759 3119 798 3177 ad
819 3120 995 3195 triumphum
1014 3126 1090 3187 sunt,
1111 3116 1252 3185 fremunt;
1274 3122 1303 3171 et

232 3435 260 3494 5,
281 3440 297 3482 3
318 3434 430 3482 universi
444 3414 502 3495 p]-
537 3432 562 3490 6,
582 3437 598 3479 4
617 3431 773 3479 lacerantem
791 3430 916 3479 inuidiam
954 3427 977 3489 7,
998 3434 1012 3477 2
1032 3410 1090 3477 acin
1110 3425 1213 3475 camillo
1238 3423 1303 3485 lre-

234 3530 339 3585 captam
390 3526 405 3569 3
434 3519 553 3568 uolarunt
577 3520 581 3580 Ι
606 3520 710 3581 insuper
737 3518 810 3567 uobis
828 3516 884 3581 My.
919 3519 948 3580 (a
978 3513 1113 3565 addiderat
1141 3511 1232 3574 Gron.)
1287 3514 1303 3558 4

235 3607 369 3657 domicilio
389 3614 415 3654 et
433 3620 460 3655 se
478 3620 529 3654 non
548 3605 636 3654 luissae
691 3610 705 3652 5
725 3604 836 3653 ostendit
888 3603 940 3662 8,l
962 3602 1045 3665 gloria
1062 3602 1099 3651 sic
1117 3615 1164 3663 per
1183 3596 1301 3663 MpAEnr.

238 3693 299 3745 620
343 3700 358 3742 2
377 3700 462 3744 uestra
480 3700 636 3756 exaequetur
654 3691 709 3756 Mp.
729 3689 745 3740 l.
760 3708 780 3740 o.
801 3690 890 3755 (Gryn.
904 3690 1012 3739 ostendi.
1031 3689 1226 3743 Erubescamus,
1246 3683 1304 3746 glu-

235 3782 276 3830 ria
295 3781 317 3829 si
335 3796 381 3843 par
398 3781 416 3828 i.
435 3796 458 3828 v.
478 3780 508 3829 L.
527 3780 568 3839 P„
595 3780 689 3827 iniuria
705 3787 790 3827 vestra
809 3778 971 3839 exsequetur)
1022 3773 1188 3824 siniamiam
1241 3770 1303 3830 9,2

240 3867 318 3933 Gryn.
345 3882 399 3916 asae
416 3866 519 3929 ingrata
536 3865 583 3929 (H.
603 3865 679 3914 omitti
695 3864 720 3912 in
738 3862 792 3925 cod.
812 3878 868 3914 esee
886 3864 912 3911 in
930 3861 1027 3923 scribit3
1046 3860 1104 3909 milri
1120 3876 1167 3907 non
1186 3856 1304 3920 notatur.)

237 3955 282 4015 10,
305 3960 316 4003 l
337 3955 357 4003 si
375 3954 402 4001 in
419 3952 519 4001 familia
538 3952 609 4000 nulla
646 3952 688 4012 11,
708 3958 722 3999 2
743 3952 850 4015 hypanis
888 3955 904 3999 4
922 3964 998 4013 pyrro
1015 3950 1019 4010 Ι
1036 3944 1306 4007 carthagiensibusque

237 4050 265 4091 et
292 4042 477 4091 macedonibus
507 4037 539 4089 si
555 4056 615 4088 vero
631 4047 667 4088 eet
681 4038 810 4102 scripturo,
836 4045 891 4085 ante
914 4032 1062 4084 semiramiam
1079 4048 1128 4081 sess
1154 4046 1202 4080 nec
1221 4031 1253 4078 da
1271 4030 1305 4079 H.

237 4144 289 4179 nec
308 4130 340 4177 de
358 4127 478 4190 Philippo
496 4136 519 4177 et
532 4136 589 4191 post
607 4142 653 4175 nec
666 4125 696 4174 P.
710 4125 844 4174 Cornelius
859 4137 908 4171 nec
920 4122 952 4171 T.
964 4120 1109 4181 Quinctius,
1123 4116 1225 4183 Kreyss.
1237 4114 1306 4165 vidit.

238 4216 284 4275 12,
304 4222 319 4264 ³
339 4216 408 4263 cient
425 4228 535 4277 suasque
555 4213 610 4278 My.
630 4212 686 4261 Em.
709 4210 904 4274 62010timp.
925 4208 987 4271 (sic)
1026 4212 1041 4255 4
1059 4206 1200 4255 incendunt
1233 4203 1308 4265 13,2

239 4305 293 4353 sint
312 4302 368 4367 My.
387 4300 443 4351 Em.
466 4301 517 4352 621
