3475 5084
791 525 794 550 Ι
812 547 816 560 l

634 609 691 657 Lib.
715 609 837 657 v-vn.
1186 617 1220 671 19

220 805 303 853 famem
311 806 431 854 Romanis
448 822 475 855 eo
493 806 654 866 descendere,
672 812 701 854 ut
718 806 786 855 mille
804 807 889 870 pondo
907 798 963 855 ariri
978 808 1067 855 darent
1080 816 1105 856 et
1116 809 1165 857 hoc
1183 812 1264 873 pretio

219 898 287 945 finem
302 898 441 948 obsidionis
454 905 573 958 emerent,
591 899 683 948 Furius
695 898 827 957 Camillus,
846 900 956 949 dictator
968 900 1060 949 absens
1073 910 1181 961 creatus,
1199 904 1264 955 inter

219 990 292 1053 ipsum
311 990 478 1052 colloquium,
498 1005 548 1053 quo
567 992 599 1038 de
616 992 687 1054 pacis
706 992 898 1043 condicionibus
916 992 1052 1055 agebatur,
1077 1007 1132 1042 cum
1151 998 1262 1046 exercitu

218 1083 278 1130 venit
301 1090 326 1131 et
344 1082 433 1133 Gallos
451 1092 509 1149 post
527 1092 626 1133 sextum
645 1098 757 1133 mensem
776 1086 840 1135 urbe
859 1084 956 1148 expulit
974 1085 1123 1162 ceciditque.
1159 1088 1262 1138 Dictum

219 1181 251 1221 est
268 1174 298 1222 ad
307 1175 386 1223 Veios
406 1176 565 1237 migrandum
584 1190 639 1226 esse
653 1185 757 1241 propter
774 1179 905 1227 incensam
918 1186 944 1225 et
958 1178 1066 1227 dirutam
1081 1180 1176 1233 urbem.
1196 1184 1262 1245 quod

218 1266 344 1315 consilium
356 1266 465 1315 Camillo
483 1276 586 1317 auctore
604 1269 749 1318 discussum
768 1277 813 1319 est.
850 1268 932 1318 Movit
943 1270 1065 1334 populum
1078 1273 1148 1321 vocis
1163 1286 1263 1335 quoque

218 1372 283 1407 omen
302 1374 335 1407 ex
354 1361 502 1409 centurione
516 1361 617 1421 auditae,
636 1363 679 1425 qui
697 1376 773 1425 quum
786 1363 813 1411 in
827 1360 909 1411 forum
928 1362 1045 1422 venisset,
1064 1365 1263 1427 manipularibus

217 1450 262 1498 suis
276 1452 386 1500 dixerat:
402 1451 464 1516 „Sta
475 1454 557 1513 miles,
570 1454 613 1502 bic
628 1454 722 1518 optime
735 1432 924 1503 manebimus.”'
936 1454 1017 1504 AEdes
1026 1454 1080 1504 Iovi
1091 1456 1234 1520 Capitolino
1241 1454 1262 1524 ¹)

216 1542 277 1592 lacta
294 1553 340 1605 est,
364 1547 432 1608 quod
450 1554 509 1595 aute
527 1546 616 1595 urbem
635 1555 735 1611 captam
756 1562 803 1597 vox
821 1547 908 1596 audita
927 1555 989 1607 erat,
1008 1548 1145 1598 adventare
1165 1549 1262 1600 Gallos.

635 1707 685 1757 EX
703 1708 769 1758 LIB.
788 1709 834 1758 VI.

276 1822 326 1871 Res
349 1824 469 1872 adversus
492 1823 602 1873 Volscos
627 1831 652 1872 et
676 1823 776 1887 AEquos
798 1832 824 1872 et
841 1824 1012 1874 Praenestinos
1034 1841 1153 1890 prospere
1178 1836 1262 1889 gestas

217 1914 328 1965 continet.
368 1913 494 1974 Quattuor
519 1916 599 1965 tribus
624 1916 741 1976 adiecta,
768 1916 916 1978 Stellatina,
937 1919 1113 1979 Tromentina,
1133 1920 1263 1982 Sabatina,

215 2004 351 2061 Arniensis.
387 2009 424 2058 M.
448 2010 573 2070 Manlius,
602 2009 645 2072 qui
672 2009 825 2072 Capitolium
850 2026 866 2058 a
891 2010 972 2061 Gallis
998 2010 1157 2073 defenderat,
1186 2028 1262 2077 quum

216 2097 342 2150 obstrictos
372 2116 421 2150 aare
448 2104 531 2151 alieno
557 2103 689 2164 liberaret,
720 2118 799 2152 nexos
829 2104 986 2163 exsolveret,
1019 2100 1123 2171 c'rirpine
1152 2106 1263 2157 affectati

215 2193 281 2254 regni
297 2194 432 2243 damnatus
450 2196 482 2243 de
499 2210 562 2244 saxo
580 2196 694 2244 deiectus
713 2204 759 2244 est.
795 2196 826 2244 In
842 2196 914 2246 cuius
929 2204 1015 2245 notum
1031 2196 1080 2247 SC.
1100 2198 1198 2249 iactum
1216 2209 1262 2261 ast,

215 2297 242 2330 ue
259 2288 298 2335 cui
316 2288 349 2336 dc
359 2288 459 2337 Manlia
477 2296 552 2350 geute
563 2287 651 2337 Marco
668 2303 761 2337 nomen
779 2268 853 2338 esset
895 2286 924 2336 (l.
936 2287 1050 2340 Licinius
1071 2298 1096 2340 et
1114 2293 1143 2341 L.
1162 2293 1264 2344 Sextius

215 2377 301 2427 tribuni
319 2380 402 2444 plebis
420 2381 504 2443 legem
522 2380 759 2443 promulgaverunt,
778 2389 807 2429 ut
825 2380 941 2430 consules
960 2396 992 2429 ex
1009 2381 1083 2445 plebe
1101 2384 1202 2444 tierent,
1221 2385 1264 2446 qui

215 2481 243 2515 ex
256 2473 370 2534 patribus
390 2474 548 2532 creabantur,
569 2487 677 2536 eamque
699 2488 755 2522 cum
768 2489 864 2537 magna
877 2476 1045 2534 contentione,
1065 2478 1264 2555 repugnantibus

212 2564 330 2624 patribus,
351 2582 429 2629 quum
448 2566 522 2615 iidem
541 2566 636 2614 tribuni
654 2567 736 2628 plebis
753 2582 799 2630 per
817 2568 1016 2631 quinquennium
1036 2567 1083 2616 soli
1102 2570 1264 2631 magistratus

213 2651 321 2717 luissent,
339 2659 510 2723 pertulerunt3
528 2667 553 2707 et
570 2659 667 2723 primus
685 2674 718 2707 ex
734 2660 808 2723 plebe
827 2661 917 2710 consul
934 2662 964 2711 L.
981 2660 1082 2711 Sextius
1102 2670 1199 2711 creatus
1219 2671 1264 2713 est.

213 2747 271 2797 Lata
289 2759 327 2801 est
345 2759 372 2800 et
389 2752 470 2801 altera
487 2752 543 2812 lex,
568 2766 601 2800 ne
629 2753 669 2800 cui
695 2752 753 2815 plus
776 2753 922 2816 quingentis
946 2754 1076 2817 iugeribus
1100 2756 1155 2816 agri
1177 2755 1265 2803 liceret

211 2844 341 2901 possidere.

627 2971 676 3020 EX
693 2972 760 3020 LIB.
780 2972 842 3021 VII.

274 3084 334 3134 Duo
367 3086 427 3135 novi
451 3087 614 3149 magistratus
640 3086 730 3134 adiecti
760 3097 831 3146 sunt,
861 3095 970 3152 praetura
991 3097 1016 3136 et
1039 3090 1133 3138 curulis
1151 3090 1263 3139 aedilitas.

210 3172 357 3226 Pestilentia
377 3178 464 3227 civitas
479 3178 614 3236 laboravit,
634 3191 740 3241 eamque
758 3180 883 3242 insignem
904 3179 964 3229 fecit
982 3196 1051 3229 mors
1070 3181 1140 3229 Furii
1154 3179 1263 3231 Camilli.

211 3262 286 3317 Cuius
305 3270 444 3319 remedium
464 3279 489 3319 et
506 3271 563 3319 finis
586 3285 664 3335 quum
687 3285 731 3335 per
755 3286 834 3323 novas
857 3273 995 3335 religiones
1020 3266 1186 3335 quareretur,
1211 3275 1264 3324 ludi

211 3361 299 3409 scenici
319 3369 380 3411 tunc
399 3363 508 3426 primum
526 3362 587 3411 iacti
607 3371 674 3412 sunt.
720 3362 805 3422 Quum
829 3365 883 3412 dies
903 3365 932 3413 L.
950 3364 1050 3413 Manlio
1074 3366 1142 3415 dicta
1166 3377 1265 3419 esseta

210 3448 243 3498 Μ.
254 3452 399 3518 Pomponio
414 3456 515 3504 tribuno
528 3456 608 3518 plebis
620 3463 723 3520 propter
735 3456 856 3505 dilectum
869 3458 959 3505 acerbe
969 3465 1053 3506 actum
1065 3465 1090 3507 et
1100 3459 1131 3509 T.
1141 3447 1263 3509 Manlium

209 3542 285 3595 filium
304 3563 347 3600 rns
366 3548 504 3609 relegatum
524 3548 579 3597 sine
598 3550 650 3597 ullo
670 3549 782 3606 crimine,
801 3549 949 3599 adolescens
967 3550 1030 3613 ipse,
1050 3552 1122 3601 ouius
1142 3554 1263 3615 relegatio

209 3638 271 3698 patri
289 3639 472 3697 obiiciebatur,
497 3641 567 3689 veuit
589 3641 616 3688 in
640 3641 785 3689 cubiculum
804 3642 899 3689 tribuni
920 3643 1056 3705 strictoque
1076 3644 1162 3705 gladio
1181 3648 1265 3710 coegit

209 3742 262 3777 eum
280 3732 308 3779 in
326 3732 404 3779 verba
423 3748 470 3781 sua
487 3734 580 3797 iurare,
599 3748 625 3782 se
644 3749 696 3782 non
713 3741 928 3796 perseveraturum
944 3734 970 3782 in
983 3737 1155 3785 accusatione.
1191 3738 1265 3789 Tunc

210 3825 292 3872 omnia
309 3826 424 3888 pretiosa
441 3826 518 3873 missa
537 3826 641 3873 suntin
664 3826 793 3888 praealtam
818 3828 965 3889 voraginem
988 3828 1057 3877 urbis
1075 3830 1209 3892 Romanae;
1238 3833 1264 3879 in

210 3928 262 3964 cam
273 3914 377 3967 Curtius
391 3926 503 3967 armatus
517 3919 607 3968 sedens
617 3933 683 3981 equo
693 3919 860 3982 praecipitavit
872 3928 897 3968 et
909 3919 1011 3983 expleta
1026 3929 1072 3971 est.
1108 3922 1140 3971 T.
1152 3923 1263 3972 Manlius

210 4007 363 4069 adolescens,
375 4011 417 4072 qui
431 4018 530 4073 patrem
543 4028 558 4059 a
573 4012 710 4061 tribunicia
723 4011 855 4059 vexatione
865 4012 1042 4069 vindicaverat,
1062 4020 1151 4061 contra
1161 4012 1264 4062 Gallum

208 4111 390 4161 provocantem
418 4103 530 4165 aliquem
560 4119 593 4152 ex
619 4103 741 4152 militibus
768 4104 891 4152 Romanis
923 4105 949 4152 in
979 4105 1107 4167 singulare
1137 4112 1264 4153 certamen

209 4189 329 4243 daoendit
346 4180 522 4257 eiqueocciso
541 4204 654 4260 torquem
673 4210 777 4245 aureum
797 4197 914 4259 detraxit,
935 4212 1008 4259 quem
1021 4198 1075 4262 ipse
1092 4205 1180 4262 postea
1198 4197 1263 4247 tulit.

263 4417 286 4471 ¹)
302 4417 344 4457 Alo
358 4419 447 4458 Locutio
462 4420 503 4460 Lis.
518 4432 535 4459 c.
551 4422 583 4458 52.
635 4398 637 4402 y

1387 3646 1398 3691 l
