3475 5084
1549 271 1565 424 l

459 525 498 582 ,ο
730 517 809 568 Liber
826 516 911 567 xuu.
949 516 993 580 (s.
1014 529 1038 566 u.
1057 531 1079 566 ο.
1100 521 1169 577 ssa).

416 703 535 763 familiia
555 704 689 778 praeibas
707 705 811 774 viatus,
833 703 928 761 idibus
949 703 1062 760 Martiis
1085 704 1187 760 adesse
1208 719 1289 760 mum
1308 698 1401 767 iussit,
1423 715 1485 772 quo

417 810 465 866 die
486 809 555 865 novi
577 810 763 884 magistratus
783 808 881 865 inituri
903 819 984 864 erant
1004 809 1153 878 honorem,
1176 825 1212 863 ne
1228 807 1337 862 diceret
1356 804 1410 873 ius,
1434 801 1487 875 qul
1564 841 1566 932 Α

377 919 394 976 8
417 913 549 987 privatus
570 913 684 971 futurus
703 925 786 973 esset.
832 916 881 972 Ita
907 912 1021 988 rogatio
1050 913 1086 968 de
1109 913 1264 988 Liguribus
1292 921 1355 966 arta
1385 906 1488 966 fallaci

415 1018 497 1076 elusa
518 1030 571 1074 est.

333 1121 376 1192 23
504 1124 606 1198 Legati
643 1121 898 1198 Carthaginienses
944 1140 979 1178 ao
1017 1130 1148 1196 tempore
1190 1119 1291 1178 Βοωω
1330 1127 1414 1175 erant
1456 1125 1489 1174 at

417 1229 565 1299 Gulussa,
600 1228 677 1286 iilius
698 1228 870 1286 Masinissae.
918 1227 998 1284 Inter
1025 1245 1075 1284 eos
1098 1244 1211 1301 magnae
1234 1225 1435 1282 contentiones
1456 1223 1487 1279 in
1566 1209 1567 1230 ¹

377 1343 395 1399 2
417 1346 519 1390 senatu
542 1334 632 1393 fuere.
676 1331 931 1407 Carthaginienses
953 1334 1162 1406 querebantur,
1187 1343 1292 1406 preter
1314 1348 1427 1404 agrum,
1450 1329 1488 1385 de
1566 1321 1567 1360 ἕ

417 1457 476 1512 quo
499 1450 566 1496 ante
588 1439 677 1513 legati
699 1439 736 1494 ab
759 1439 873 1505 Roma,
907 1437 957 1511 qui
989 1441 1016 1494 in
1049 1455 1080 1493 re
1106 1436 1240 1511 praesenti
1267 1443 1488 1510 cognoscerent,

417 1545 497 1600 urissi
524 1557 634 1613 essent,
666 1543 790 1617 amplius
812 1543 901 1600 Lxx
933 1543 1042 1617 oppida
1070 1541 1247 1615 castellaque
1274 1541 1337 1614 agri
1360 1539 1488 1597 Cartha·

417 1649 554 1723 giniensia
575 1649 691 1704 hiennio
713 1667 857 1722 proxumo
878 1648 1064 1704 Masinissam
1097 1647 1127 1703 vi
1153 1648 1249 1720 adque
1270 1646 1359 1702 erinis
1382 1664 1487 1719 posse·

376 1754 502 1810 ddisse.
550 1753 585 1810 ld
606 1752 657 1822 illi,
679 1754 724 1808 cui
747 1753 816 1809 nihil
838 1753 919 1828 pensi
941 1753 988 1822 sit,
1010 1752 1095 1809 facile
1116 1769 1192 1818 esse;
1229 1750 1488 1825 Carthaginienses
1567 1747 1568 1782 l

416 1857 526 1915 ioedere
558 1859 694 1931 inligatos
726 1858 827 1925 silere;
873 1859 1019 1932 prohiberi
1053 1858 1128 1914 enim
1161 1869 1244 1914 extra
1276 1859 1349 1914 fines
1382 1854 1488 1913 efferre

376 1967 394 2022 t
417 1982 515 2031 arma;
538 1982 714 2037 quamquam
738 1964 841 2032 sciant,
863 1963 892 2020 in
915 1963 974 2020 suis
996 1963 1110 2032 finibus,
1133 1963 1158 2019 ai
1179 1963 1246 2019 inde
1257 1963 1403 2019 Numidas
1425 1961 1488 2036 pel-

417 2174 569 2244 deterreri,
591 2193 650 2248 quo
672 2175 778 2230 diserte
800 2185 934 2230 vetentur
955 2193 1019 2231 oum
1042 2174 1129 2230 sociis
1150 2172 1250 2248 populi
1273 2174 1399 2230 Rotnani
1422 2173 1487 2230 bel·

416 2068 522 2139 lerent,
551 2087 584 2125 se
604 2082 736 2143 gesturos
760 2069 880 2136 bellum;
918 2069 967 2125 illo
988 2069 1067 2126 haud
1090 2069 1226 2142 ambiguo
1249 2068 1344 2142 rapite
1367 2067 1488 2124 foederis

377 2279 476 2336 hlum
505 2298 615 2353 gerere.
674 2279 734 2337 Sed
765 2279 824 2336 ium
858 2279 935 2335 ultra
966 2280 1132 2354 superbiam
1165 2278 1423 2351 crudelitatemque
1458 2289 1488 2335 et

418 2386 572 2442 avaritiam
606 2385 668 2441 eius
698 2403 757 2440 non
789 2384 851 2464 pati
879 2402 966 2459 possa
988 2383 1253 2458 Carthaginienses.
1307 2383 1415 2439 Missos
1445 2401 1487 2453 se,
1568 2393 1569 2438 Τ

417 2492 466 2565 qui
489 2503 607 2546 orarent
627 2501 777 2560 senatum,
799 2503 831 2545 ut
853 2490 938 2546 trium
962 2491 1064 2546 harum
1088 2508 1185 2546 rerum
1207 2507 1293 2545 unam
1318 2490 1355 2544 ab
1378 2506 1410 2544 se
1431 2488 1486 2544 im·

375 2598 394 2653 6
416 2597 524 2670 petrari
545 2595 686 2664 sinerent,
708 2606 740 2650 ut
761 2595 806 2650 vel
828 2614 865 2651 ex
886 2613 970 2669 aequo
995 2595 1067 2652 inter
1087 2613 1176 2668 repent
1196 2595 1305 2651 soeium
1328 2594 1486 2668 populum-

417 2720 489 2774 que,
516 2701 585 2773 quid
607 2700 747 2773 utriusque
768 2712 852 2769 esset,
885 2701 1088 2773 disceptarent,
1121 2700 1168 2756 vel
1190 2700 1387 2774 permitterent
1410 2698 1486 2756 Car-

415 2805 653 2878 thaginiensibus,
676 2817 707 2861 ut
727 2806 868 2861 adversus
890 2805 996 2860 iniusta
1018 2825 1101 2861 arma
1122 2805 1170 2880 pie
1196 2805 1330 2878 iustoque
1354 2823 1385 2862 se
1408 2817 1484 2862 tuta·

416 2925 516 2966 rentur
539 2909 630 2981 bello,
662 2910 708 2966 vel
737 2911 775 2966 ad
798 2923 974 2980 extremum,
1007 2911 1031 2966 si
1053 2911 1148 2985 gratia
1177 2911 1242 2985 plus
1264 2928 1351 2984 quam
1376 2910 1484 2966 veritas

416 3027 486 3089 aput
509 3034 559 3071 eos
581 3015 707 3086 valeret,
739 3015 827 3071 semel
859 3027 1032 3085 statuerent,
1066 3016 1134 3089 quid
1159 3016 1297 3071 donatum
1328 3035 1364 3072 ex
1388 3016 1483 3073 uliano

377 3123 392 3178 7
416 3121 579 3178 Masinissa
601 3121 715 3179 vellent.
772 3121 934 3176 Modestius
957 3134 1034 3177 certe
1060 3121 1180 3177 daturos
1202 3139 1267 3190 eos,
1294 3133 1323 3177 et
1349 3121 1483 3192 scituros,

418 3228 486 3300 quid
510 3227 671 3295 dedissent;
708 3226 801 3300 ipsum
815 3226 952 3296 ,nattum
986 3240 1178 3300 preterquam
1206 3244 1266 3282 suoe
1286 3226 1413 3282 libidinis
1434 3245 1483 3282 ar·

377 3332 519 3403 8hitrio,
545 3334 630 3405 firtetn
651 3332 805 3391 faetttmm.
864 3333 978 3388 Horum
1001 3332 1026 3387 si
1050 3331 1120 3388 nihil
1142 3333 1345 3406 impetrarent,
1379 3345 1408 3387 et
1429 3332 1483 3388 ali·

415 3438 493 3510 quod
522 3456 606 3493 suum
635 3447 702 3512 post
729 3437 827 3494 datam
851 3456 872 3493 a
894 3437 929 3496 P.
951 3436 1087 3511 Sripione
1113 3454 1215 3511 pacem
1240 3436 1376 3494 delictum
1397 3447 1482 3508 esset,

416 3607 534 3652 aretum
581 3602 738 3650 thonorem
764 3602 900 3649 edicerem
928 3601 971 3664 qui
1017 3601 1043 3656 8,
1066 3607 1076 3649 l
1100 3600 1205 3650 fallacia
1253 3601 1355 3662 XXIII,
1376 3602 1401 3657 1,
1423 3607 1434 3650 l
1457 3610 1482 3649 et

415 3689 529 3753 tempore
567 3687 733 3736 amassitisa
755 3689 759 3748 Ι
780 3688 914 3735 contiones
954 3685 979 3743 2,
1002 3691 1012 3733 l
1034 3689 1234 3749 cartaginIenses
1250 3689 1254 3747 Ι
1270 3703 1364 3748 tegnam
1403 3688 1482 3749 2qui

414 3775 537 3839 resipere.
576 3775 822 3835 amasinisaamqua
841 3775 866 3820 ui
903 3773 928 3830 3,
948 3779 962 3820 2
983 3774 1136 3836 prohibere!
1152 3786 1225 3823 extra
1248 3774 1312 3823 fines
1337 3774 1372 3823 his
1389 3774 1482 3838 scripta

414 3861 440 3921 4,
463 3869 471 3910 t
494 3863 591 3925 pallent
637 3867 716 3908 aaut
733 3859 816 3918 [Fert.
841 3858 1034 3924 aurbigue'dlp.
1054 3860 1110 3910 Em.
1129 3861 1194 3921 ors)
1241 3867 1256 3910 3
1286 3862 1353 3924 quod
1380 3862 1481 3910 deserte

414 3948 516 4007 miset
530 3954 536 4009 Ι
551 3947 696 4010 superuiam
709 3947 937 4009 credulitatemque
960 3952 975 3994 2
991 3948 1190 4010 cartaginiensea
1206 3949 1211 4012 Ι
1227 3949 1319 3997 missos
1334 3962 1390 3996 esse
1403 3948 1479 3998 Grau.

415 4033 497 4098 (sese)
516 4040 532 4082 3
551 4034 734 4097 triumphatum
754 4047 837 4082 rarum
854 4036 859 4095 Ι
875 4035 991 4097 imperari
1028 4033 1053 4092 6,
1076 4041 1084 4082 t
1108 4034 1201 4082 uetvel
1216 4049 1249 4082 ax
1266 4035 1361 4095 equoiu
1380 4038 1480 4084 suetum

414 4140 590 4204 populumque
609 4137 664 4201 My.
684 4136 740 4186 Eu.
759 4135 819 4185 51⁸.
846 4134 922 4202 (ἔφη.
944 4146 973 4184 ut
990 4138 1030 4186 uel
1049 4151 1082 4186 ex
1099 4153 1173 4201 aequo
1191 4139 1259 4200 apud
1278 4140 1378 4186 socium
1398 4155 1480 4203 popu·
1569 4145 1570 4208 l

413 4227 467 4275 lum
514 4232 529 4274 2
550 4234 635 4274 assent
663 4223 688 4282 7,
708 4229 723 4271 2
742 4225 804 4285 qaid
822 4225 953 4273 dedissent
971 4225 1031 4287 quid
1051 4227 1133 4288 ipsum
1154 4225 1158 4289 Ι
1180 4225 1277 4274 nullam
1294 4227 1299 4287 Ι
1314 4225 1421 4274 arbitrio
1439 4225 1480 4274 iu·

415 4320 500 4361 turum
541 4312 567 4372 8,
588 4318 600 4361 l
621 4312 733 4373 aliquam
753 4325 826 4360 suum
863 4313 987 4360 2datum
1002 4313 1008 4374 Ι
1023 4311 1145 4360 dlleetum
