3475 5084
424 564 461 617 30
688 610 692 618 ,
847 564 975 615 Periocha

380 759 480 823 posuit;
502 758 554 822 ipse
574 774 631 809 cum
651 760 751 809 duobus
768 761 881 811 millibus
900 762 1012 827 equitum
1031 778 1110 826 usque
1128 765 1161 811 ad
1180 736 1263 828 ipsam
1277 760 1406 828 Capenam
1414 756 1435 825 ¹)

380 860 490 913 portam,
510 861 538 901 ut
555 853 631 902 situm
651 852 719 901 urbis
734 853 893 915 exploraret,
915 854 1080 916 obequitavit.
1117 857 1152 905 Et
1170 870 1248 920 quum
1266 856 1435 919 pertriduum

381 945 408 993 iu
426 945 507 994 aciem
535 946 652 1009 utrinque
678 945 803 994 exercitus
831 946 914 997 omnis
940 947 1123 1010 descendisset,
1151 956 1279 997 certamen
1305 952 1435 1011 tempestas

382 1037 496 1097 diremit3
524 1052 584 1086 narn
608 1053 685 1100 quum
704 1038 731 1087 in
749 1046 831 1087 eastra
849 1040 969 1099 redisset,
994 1041 1078 1089 statim
1102 1040 1227 1089 serenitas
1249 1047 1312 1089 erat.
1352 1039 1436 1103 Capua

382 1139 456 1194 capta
477 1139 515 1179 est
538 1129 604 1189 aQ.
623 1129 714 1177 Fulvio
738 1136 763 1177 et
780 1131 849 1194 App.
872 1131 980 1183 Claudio
1003 1149 1067 1183 coss.
1105 1133 1235 1197 Principes
1254 1130 1435 1195 Campanorum

381 1225 480 1272 teneno
504 1223 552 1271 sibi
575 1229 682 1271 mortem
705 1223 891 1273 consciverunt.
930 1224 1014 1284 Quum
1039 1230 1142 1273 senatus
1163 1200 1359 1287 Campanorum
1379 1224 1437 1273 deli·

381 1324 457 1378 gatus
485 1324 552 1365 esset
579 1310 612 1362 ad
629 1315 725 1378 palos,
757 1324 786 1363 ut
810 1318 892 1364 securi
918 1316 1048 1376 feriretur,
1078 1316 1174 1365 litteras
1202 1331 1217 1364 a
1243 1324 1333 1365 senatu
1351 1316 1436 1365 missas

384 1405 414 1466 Q.
427 1407 532 1457 Fulvius
551 1406 649 1467 consul,
669 1407 760 1469 quihus
778 1408 914 1458 iubebatur
932 1424 1045 1473 parcere,
1064 1418 1199 1471 antequam
1216 1408 1321 1471 legeret,
1340 1408 1365 1456 iu
1384 1408 1436 1457 sinu

382 1502 468 1565 posuit
494 1508 519 1549 et
542 1500 600 1561 lege
618 1501 660 1562 agi
684 1501 757 1549 iussit
781 1509 807 1550 et
829 1502 981 1566 supplicium
999 1503 1105 1567 peregit.
1146 1499 1229 1560 Quum
1250 1502 1358 1551 comitiis
1375 1502 1436 1565 apud

381 1592 505 1657 populum
525 1601 691 1657 quareretur,
713 1593 754 1641 cui
773 1596 936 1643 mandaretur
954 1596 1134 1659 Hispaniarum
1152 1594 1303 1657 imperium,
1328 1593 1398 1641 nullo
1414 1594 1436 1641 id

381 1686 481 1735 volente
501 1685 639 1748 suscipere,
664 1685 693 1734 P.
714 1686 800 1749 Scipio
821 1687 851 1736 P.
874 1686 950 1747 filius,
975 1688 1039 1751 eius,
1058 1686 1144 1749 quiin
1164 1687 1289 1751 Hispania
1308 1687 1436 1744 ceciderat,

382 1777 513 1841 professus
532 1785 570 1827 est
588 1792 615 1826 se
633 1777 738 1839 iturum,
758 1787 783 1826 et
798 1778 920 1842 suffragio
938 1780 1025 1843 populi
1039 1793 1213 1843 consensuque
1224 1780 1340 1828 omnium
1350 1779 1437 1829 missus

382 1870 480 1919 Novam
493 1870 672 1928 Carthaginem
693 1873 854 1935 expugnavit,
871 1888 949 1937 quum
967 1873 1073 1922 haberet
1094 1888 1175 1921 annos
1194 1871 1286 1921 XXIV
1305 1873 1437 1920 videretur·

383 1979 431 2027 qne
450 1963 537 2012 diviua
561 1964 638 2027 stirpe
663 1972 775 2022 creatus,
804 1966 863 2026 qnia
884 1973 909 2015 et
935 1966 1001 2029 ipse,
1029 1973 1164 2029 postquam
1187 1972 1274 2027 togam
1299 1972 1438 2029 acceperat,

383 2057 495 2119 quotidie
521 2056 547 2103 iu
570 2055 698 2119 Capitolio
726 2064 787 2116 erat,
819 2065 845 2105 et
871 2058 897 2104 in
922 2057 1039 2107 cubiculo
1062 2057 1148 2107 matris
1173 2058 1228 2107 eius
1258 2058 1351 2119 anguis
1378 2071 1439 2120 sape

382 2123 522 2199 ridebetur.
567 2150 619 2198 Res
642 2158 764 2212 praterea
783 2158 870 2211 gestas
893 2150 918 2198 in
941 2149 1028 2200 Sicilia
1052 2151 1165 2199 continet
1184 2157 1209 2197 et
1227 2150 1366 2199 amicitiam
1386 2164 1439 2198 cum

382 2241 478 2290 AEtolis
506 2243 617 2289 iunctam
643 2241 790 2305 bellumque
814 2249 915 2302 gestum
939 2244 1057 2291 adversus
1075 2242 1227 2291 Acarnanas
1251 2250 1278 2291 et
1295 2242 1440 2307 Philippum

382 2334 543 2384 Macedoniae
563 2349 656 2397 regem.

779 2491 828 2540 EX
845 2492 912 2543 LIB.
932 2492 1044 2542 XXVII.

452 2609 499 2660 Cu.
518 2611 625 2659 Fulvius
649 2622 748 2672 procos.
775 2623 832 2657 cum
860 2609 973 2656 exercitu
997 2609 1029 2657 ab
1049 2608 1195 2659 Hannibale
1222 2607 1255 2655 ad
1275 2607 1440 2655 Herdoneam

381 2718 461 2754 caesus
484 2713 531 2752 est.
570 2679 677 2751 Meliore
696 2708 786 2749 eventu
804 2701 836 2749 ab
852 2698 961 2749 Claudio
980 2700 1104 2750 Marcello
1115 2682 1174 2750 cos.
1195 2702 1315 2749 adversus
1333 2700 1440 2747 cundem

381 2797 413 2845 ad
432 2794 622 2846 Numistronem
646 2801 788 2858 pugnatum
814 2800 861 2842 est.
898 2792 962 2841 Inde
980 2794 1110 2843 Hannibal
1129 2801 1203 2843 nocte
1221 2793 1334 2842 recessit.
1372 2790 1441 2839 Mar·

382 2889 461 2938 celius
484 2890 614 2937 insecutus
638 2897 676 2935 est
701 2894 727 2934 et
752 2884 860 2932 subinde
885 2886 1015 2934 cedentem
1045 2887 1146 2951 pressit,
1179 2888 1260 2935 donec
1285 2884 1439 2946 confligeret.

381 2980 469 3031 Priore
488 2996 575 3045 pugna
593 2979 722 3029 Hannibal
740 2975 862 3040 superior,
883 2977 1021 3028 Marcellus
1040 2980 1162 3041 sequenti.
1200 2980 1297 3029 Fabius
1311 2978 1441 3026 Maximus

382 3090 434 3124 cos.
459 3083 531 3139 pater
558 3073 711 3123 Tarentinos
735 3085 780 3133 per
801 3071 970 3134 proditionem
997 3073 1098 3135 recepit.
1146 3071 1269 3120 Claudius
1292 3068 1440 3129 Marcellus,

381 3168 413 3220 T.
421 3166 559 3227 Quinctius
571 3165 703 3230 Crispinus
715 3179 781 3212 coss.
793 3162 943 3226 speculandi
962 3178 1039 3213 cansa
1057 3165 1183 3227 progressi
1202 3180 1216 3212 e
1234 3165 1324 3214 castris
1342 3162 1441 3211 insidiis

381 3261 413 3309 ab
432 3259 578 3310 Hannibale
605 3256 770 3307 circumventi
793 3250 865 3315 sdnt;
897 3255 1035 3304 Marcellus
1064 3257 1175 3317 occisus,
1208 3257 1339 3321 Crispinus
1366 3254 1440 3315 fugit.

381 3353 501 3401 Lustrum
517 3367 533 3399 a
547 3351 694 3400 censoribus
707 3350 839 3399 conditum
852 3356 903 3408 est;
918 3362 996 3396 censa
1009 3350 1177 3399 suutcivitum
1188 3350 1271 3413 capitu
1286 3348 1442 3397 CXXXVII

382 3443 482 3502 cvr11;
510 3458 543 3491 ex
568 3459 618 3507 quo
641 3459 748 3492 numero
772 3441 901 3505 apparuit,
930 3448 1051 3513 quantum
1076 3444 1206 3493 hominnm
1231 3450 1269 3492 tot
1292 3442 1439 3507 proeliorum

381 3537 488 3585 adversa
506 3535 610 3584 fortuna
626 3537 721 3601 populo
739 3537 855 3585 Romano
876 3534 1029 3583 abstulisset.
1066 3534 1096 3582 In
1114 3534 1238 3599 Hispania
1258 3537 1291 3584 ad
1308 3535 1437 3583 Baeculam

383 3631 469 3693 Scipio
499 3645 558 3678 cum
577 3629 738 3679 Hasdrubale
765 3636 790 3678 et
807 3627 954 3676 Hamilcare
982 3627 1096 3700 coqflixit
1125 3636 1150 3676 et
1175 3630 1243 3677 vicit.
1290 3627 1361 3677 Inter
1389 3626 1440 3675 alia

382 3728 483 3786 captum
501 3722 612 3783 regalem
632 3738 736 3787 puerum
756 3720 855 3770 eximia
875 3717 962 3768 iormae
981 3719 1013 3766 ad
1032 3720 1185 3768 avunculum
1198 3720 1364 3769 Masinissam
1384 3732 1438 3767 cnm

381 3816 454 3865 donis
472 3815 575 3864 dimisit.
611 3815 767 3871 Hasdrubal,
786 3814 829 3877 qni
848 3828 905 3860 cum
926 3812 1038 3861 exercitu
1057 3827 1122 3860 novo
1140 3812 1220 3877 Alpes
1241 3812 1439 3869 transcenderat,

380 3905 453 3957 ut'se
472 3908 611 3956 Hannibali
639 3908 817 3969 coniungeret,
848 3919 906 3953 cum
931 3904 1044 3953 millibus
1063 3904 1195 3953 hominnm
1213 3903 1276 3953 LVI
1294 3919 1374 3953 caesus
1393 3910 1438 3961 est,

381 3986 500 4063 captaM
519 3997 600 4065 CCC,
632 3998 668 4048 M.
688 3999 759 4049 Livii.
778 4013 830 4046 cos.
856 3998 945 4057 ductu,
975 3998 1019 4045 sed
1043 4010 1095 4044 non
1122 3997 1218 4045 minore
1242 4011 1319 4061 opera
1338 3993 1438 4043 Claudii

289 4108 292 4111 ’
380 4092 488 4141 Neronis
510 4106 577 4151 cos,
604 4093 647 4156 qui
666 4107 744 4156 quum
762 4089 903 4139 Hannibali
922 4089 1052 4153 oppositus
1071 4098 1154 4153 esset,
1172 4088 1267 4138 relictis
1287 4087 1376 4137 castris
1395 4086 1438 4157 ita,

380 4191 409 4230 ut
426 4183 526 4231 hostem
544 4182 660 4246 falleret,
688 4198 744 4232 cum
771 4182 852 4231 electa
875 4196 952 4231 manu
975 4181 1104 4244 proiectus
1122 4181 1311 4231 Hasdrubalem
1330 4181 1437 4227 circnm-

438 4382 460 4431 ¹)
476 4382 579 4421 collinum
594 4386 635 4423 dir.
651 4398 667 4423 r.
685 4387 711 4423 10
727 4394 746 4423 at
759 4397 808 4424 nors
822 4384 915 4422 biduum.
