3475 5084
490 524 546 583 tat
748 522 826 575 arua
843 522 942 573 xant.
984 522 1031 585 (a,
1045 536 1070 572 a.
1085 528 1107 572 o:
1122 522 1195 585 sss.)

444 708 562 768 decreti.
604 706 719 765 Finitus
739 706 780 764 ibi
801 724 919 781 quoque
939 706 969 763 in
990 706 1120 781 legiones
1141 705 1264 763 militum
1285 724 1434 777 uumerus,
1454 724 1503 781 pe·

385 812 418 868 tl
444 814 535 871 ditum
557 812 648 888 quina
666 811 747 868 milia
767 811 871 868 duceni
900 822 930 868 et
950 811 1059 869 treceni
1079 812 1200 885 equites.
1245 812 1285 869 Et
1308 812 1397 869 sociis
1416 812 1505 886 impe·

443 936 511 975 rara
531 928 647 993 praetor,
668 917 715 974 cui
737 916 883 992 Hispania
906 917 1090 985 obvenisset,
1124 914 1219 973 iussus
1241 917 1308 974 1111
1330 917 1409 973 milia
1428 917 1507 991 pedi·

444 1033 505 1080 tum
527 1032 557 1079 et
580 1020 658 1080 000
677 1021 800 1096 equitas.

363 1118 401 1189 13
528 1129 598 1187 Non
619 1145 683 1184 sum
704 1127 827 1197 nmcius,
849 1128 888 1185 ab
912 1127 1013 1184 eadem
1036 1127 1233 1202 neclegentia,
1255 1126 1326 1201 quia
1344 1126 1416 1184 nihil
1436 1127 1505 1185 deos

443 1234 617 1309 portendere
637 1233 727 1309 vulgo
747 1250 824 1290 nunc
845 1231 974 1301 credam,
1007 1251 1102 1307 neque
1124 1231 1250 1289 nuntiari
1270 1232 1429 1289 admodum
1452 1231 1508 1287 ulla

301 1399 309 1419 ι
404 1337 421 1392 2
444 1338 579 1415 prodigia
607 1338 637 1394 in
666 1337 813 1413 publicum
841 1354 936 1411 neque
963 1338 992 1393 iu
1022 1337 1142 1395 annales
1165 1336 1277 1397 referri.
1325 1334 1462 1395 Ceterum
1483 1344 1508 1393 et

444 1444 528 1517 mihi,
563 1453 692 1500 vetustus
720 1460 768 1499 res
794 1442 949 1512 scribenti,
994 1443 1092 1500 nescio
1125 1461 1184 1516 quo
1217 1450 1305 1517 pacto
1336 1442 1451 1498 anticus
1480 1443 1509 1498 fit

443 1551 576 1619 animus,
610 1558 640 1605 et
661 1548 793 1622 quasdam
814 1546 918 1623 religio
940 1555 1032 1617 tenet,
1068 1566 1132 1621 quae
1159 1548 1200 1604 illi
1220 1546 1438 1623 prudentissimi
1459 1546 1510 1603 viri

443 1656 559 1731 publice
578 1651 761 1727 suscipienda
783 1652 954 1721 censuerint,
977 1670 1012 1709 ea
1034 1670 1088 1727 pro
1110 1652 1235 1727 indignis
1256 1654 1376 1721 hebere,
1399 1653 1509 1726 quain

404 1758 421 1813 3
444 1778 526 1817 meos
548 1758 667 1816 annales
688 1755 824 1815 referum
875 1758 1014 1831 Anagnia
1045 1758 1103 1813 duo
1132 1757 1268 1832 prodigia
1290 1775 1326 1813 eo
1349 1776 1428 1813 anno
1448 1765 1510 1814 suut

443 1865 591 1933 nuntiata,
620 1862 714 1919 lacem
739 1862 769 1917 in
791 1862 862 1919 calo
888 1871 1093 1937 conspectam,
1126 1872 1156 1918 et
1177 1864 1282 1919 bovem
1307 1861 1449 1919 feminam
1471 1862 1509 1917 lo·

443 1979 556 2036 cutam3
577 1986 637 2024 eum
658 1968 773 2042 publice
797 1967 846 2023 ali.
894 1966 1056 2023 Menturnis
1081 1985 1198 2041 quoque
1217 1985 1270 2041 per
1292 1984 1343 2023 eos
1365 1966 1430 2023 dies
1452 1967 1508 2024 cali

404 2074 421 2126 4
444 2073 571 2130 ardentis
598 2072 710 2147 species
741 2070 910 2129 adfulserat.
969 2073 1062 2129 Reate
1095 2072 1181 2129 imbri
1210 2072 1362 2147 lapidavit.
1413 2072 1510 2131 Cumis

443 2178 473 2235 in
494 2196 562 2235 arce
584 2177 694 2252 Apollo
715 2176 841 2233 triduum
864 2194 901 2233 ac
925 2184 985 2233 tres
1015 2185 1115 2234 noctes
1143 2176 1317 2237 lacrimavit.
1376 2176 1413 2234 In
1444 2178 1510 2234 urbe

443 2285 578 2341 Romana
599 2282 658 2339 duo
681 2282 778 2338 aditui
800 2282 977 2351 nuntiarunt,
1004 2282 1077 2339 alter
1097 2281 1127 2339 in
1151 2282 1213 2339 ade
1224 2282 1365 2339 Fortuna
1387 2300 1509 2357 anguem

404 2389 421 2442 5
443 2389 573 2446 iubatum
597 2408 616 2445 a
637 2388 825 2464 conpluribus
845 2387 940 2443 risum
966 2404 1046 2453 esse,
1079 2387 1154 2443 alter
1181 2388 1212 2443 in
1242 2387 1304 2443 ade
1327 2386 1510 2461 Primigenia

380 2496 387 2505 “
447 2498 599 2564 Fortuna,
621 2513 687 2569 qua
705 2494 737 2550 in
757 2494 832 2550 colle
852 2501 911 2561 est,
932 2492 991 2548 duo
1014 2492 1130 2548 diversa
1150 2492 1302 2567 prodigia,
1331 2491 1464 2567 palmam
1485 2492 1510 2548 iu

405 2601 423 2656 6
444 2619 516 2658 area
541 2608 668 2668 enatam,
692 2608 721 2657 et
739 2598 881 2673 sanguiue
902 2596 1027 2655 interdiu
1049 2596 1166 2671 pluisse.
1206 2598 1275 2675 Duo
1296 2616 1356 2653 uon
1378 2608 1510 2673 suscepta

444 2704 579 2779 prodigia
599 2714 684 2775 sunt,
718 2704 859 2772 alterum,
890 2702 967 2776 quo'd
1000 2701 1030 2759 in
1058 2701 1173 2776 privato
1200 2702 1266 2759 loco
1288 2702 1398 2759 factum
1423 2711 1508 2761 esset:

443 2810 572 2883 palmam
601 2817 716 2865 enatam
746 2810 775 2863 in
800 2806 932 2881 inpluvio
958 2824 1011 2863 suo
1040 2807 1078 2864 T.
1100 2806 1229 2865 Marcius
1253 2807 1376 2883 Figulus
1397 2809 1509 2866 nuntia·

443 2914 507 2982 bat3
530 2913 669 2982 alterum,
697 2912 776 2987 quod
798 2911 829 2967 in
850 2911 915 2967 loco
938 2912 1109 2986 peregrinor
1143 2912 1285 2986 Fregellis
1308 2914 1338 2969 in
1362 2915 1456 2971 domo
1478 2915 1508 2971 L.

443 3018 528 3076 Atrei
548 3018 644 3087 hasta,
668 3034 755 3092 quam
777 3014 838 3074 lilio
860 3015 943 3073 militi
965 3024 1084 3087 emerat,
1104 3016 1228 3073 interdiu
1242 3018 1308 3091 plus
1324 3017 1398 3075 duas
1421 3020 1507 3076 horas

404 3126 419 3178 7
443 3123 565 3193 arsisse,
588 3124 630 3180 itu
650 3134 683 3180 ut
703 3122 775 3179 nihil
796 3120 858 3179 eius
880 3122 1046 3179 ambureret
1067 3121 1156 3197 iguis,
1189 3122 1350 3180 dicebatur.
1408 3123 1507 3182 Publi·

442 3248 542 3287 corum
575 3228 773 3304 prodigiorum
809 3244 900 3285 causa
937 3226 1003 3283 libri
1043 3244 1061 3281 a
1096 3226 1266 3284 decemviris
1302 3228 1385 3288 aditi.
1453 3228 1506 3287 XL

442 3335 601 3393 maioribus
624 3333 727 3391 hostiis
748 3332 855 3407 quibus
878 3330 933 3388 diis
955 3330 1089 3388 consules
1111 3331 1320 3404 sacrificarent,
1348 3334 1507 3399 ediderunt,

442 3507 459 3547 4
477 3499 547 3549 milia
564 3499 660 3548 treceni
678 3505 704 3546 et
722 3510 793 3545 ‘xxx’
812 3495 911 3560 equites
920 3492 1046 3544 Drakenb.
1085 3493 1126 3553 11,
1149 3501 1159 3543 l
1180 3496 1318 3559 imperaret
1352 3498 1429 3555 XIII,
1452 3498 1476 3556 1,
1495 3502 1504 3545 t

441 3586 567 3653 noueram
586 3602 591 3663 1
612 3582 801 3664 neclegi'ientta
815 3597 820 3664 Ι
836 3613 888 3662 qua
906 3598 970 3647 nihil
989 3596 1044 3661 My.
1063 3597 1120 3647 Em.
1139 3600 1193 3649 554
1234 3607 1250 3650 2
1278 3603 1418 3651 admodum
1439 3600 1507 3651 nulla

445 3688 521 3740 Gron.
558 3688 619 3737 ain
635 3687 819 3752 publicumque
836 3686 863 3733 in
904 3682 965 3742 23
988 3685 1058 3746 regio
1099 3687 1243 3749 tpublica
1261 3688 1426 3751 suscipiendo
1443 3689 1506 3753 ipro

441 3775 527 3836 dignis
551 3771 646 3823 Oreum
691 3772 723 3834 3,
748 3773 898 3821 tlocutam
922 3768 1031 3834 publica
1050 3770 1221 3832 Eudemum,
1248 3773 1303 3839 My,
1323 3774 1381 3825 Em.
1401 3774 1458 3825 ,554
1492 3779 1506 3823 ³

442 3879 578 3927 mentumis
596 3876 688 3943 (Gryn.
707 3874 860 3937 Minturnis)
898 3874 1040 3936 tspscism
1075 3872 1185 3934 arms
1203 3879 1287 3927 noctis
1324 3863 1459 3928 aedituui
1494 3882 1506 3924 t

440 3966 554 4014 iuratum
601 3963 626 4023 5,
653 3969 664 4013 l
692 3963 829 4012 alternaede
844 3960 851 4024 1
864 3961 1014 4025 primigenae
1035 3959 1111 4012 Grau.
1156 3964 1308 4028 tprodigta
1326 3978 1385 4027 qua
1404 3966 1431 4015 in
1458 3964 1507 4014 col·

440 4053 506 4118 leem
533 4070 645 4133 palmam
670 4066 697 4114 in
715 4071 852 4114 arcuatam
894 4062 920 4122 6,
939 4068 954 4111 3
973 4071 1074 4114 enatam
1100 4066 1215 4130 inpluuio
1238 4066 1312 4119 Gron.
1335 4070 1340 4132 Ι
1362 4050 1507 4119 nuntialbat

441 4156 527 4204 tluci
551 4155 615 4203 atrei
662 4157 677 4200 5
702 4148 830 4215 emerat!
850 4162 918 4198 oras·
951 4146 976 4207 l,
995 4154 1011 4198 ³
1029 4150 1145 4201 hostibus
1161 4150 1167 4217 Ι
1182 4144 1355 4205 sacrificarent
1373 4162 1399 4204 et
1423 4164 1453 4204 ut
1473 4155 1507 4203 di·

440 4242 535 4289 derunt
555 4241 591 4288 uti
609 4238 745 4302 replicatio
767 4233 842 4286 Gron.
862 4232 955 4302 (Grpe.
975 4236 1155 4287 sacrificarent.
1182 4245 1207 4287 et
1222 4238 1375 4290 addiderunt
1393 4243 1431 4289 uti
1451 4258 1507 4305 sup·

440 4325 560 4389 plicatio)
1081 4320 1084 4329 ’
