3475 5084
490 514 548 570 202
749 512 827 561 Liber
844 511 942 563 XLIV.
980 512 1027 576 (A.
1043 528 1068 561 n.
1088 526 1109 562 c.
1130 513 1201 579 586.)

447 696 565 755 abiectis
601 696 689 754 armis
721 697 872 773 fugerunt,
904 700 945 756 sic
975 699 1119 775 equitatus
1149 718 1241 776 prope
1269 700 1381 775 integer
1409 720 1495 777 pugna

407 802 578 863 2excessit.
622 804 761 880 Princeps
789 804 866 881 fuga
891 825 944 885 rex
971 806 1034 882 ipse
1063 816 1136 863 erat.
1180 806 1244 863 lam
1275 808 1420 883 aPydna
1437 827 1493 865 cum

445 908 536 966 sacris
557 908 611 967 alis
631 910 759 985 equitum
774 911 887 969 Pellam
909 913 1039 987 petebam
1061 910 1210 970 confestim
1233 930 1284 969 eos
1299 910 1390 988 Cotys
1404 931 1496 987 seque·

406 1012 532 1072 ibatur
558 1013 796 1092 Odrysarumque
827 1016 981 1092 equitatus.
1030 1016 1141 1076 Ceteras
1169 1038 1286 1095 quoque
1313 1018 1496 1076 Macedonum
1551 1000 1552 1019 ¹

446 1119 500 1177 alm
520 1119 638 1197 integris
667 1122 788 1180 abibant
814 1123 977 1195 ordinibus,
1007 1124 1076 1199 quia
1098 1125 1247 1183 interiecta
1268 1123 1397 1201 peditum
1419 1122 1499 1193 acies,

445 1225 525 1283 cuius
559 1226 652 1285 credes
682 1227 807 1286 victores
839 1231 971 1301 tenebat,
1007 1230 1180 1289 inmemores
1223 1231 1335 1291 fecerat
1369 1230 1499 1305 sequendi

405 1338 421 1392 4
445 1330 564 1406 equites.
607 1332 667 1389 Diu
695 1334 825 1409 phalanx
853 1354 872 1391 a
899 1333 1009 1406 fronte,
1037 1336 1230 1407 alateribus,
1260 1338 1298 1395 ab
1327 1347 1408 1412 tergo
1431 1353 1502 1391 caesa

444 1447 501 1508 est3
523 1450 684 1515 postremo,
713 1440 762 1514 qui
785 1460 822 1497 ex
843 1442 968 1499 hostium
991 1444 1123 1500 manibus
1146 1443 1236 1519 elapsi
1258 1451 1355 1513 erant,
1384 1442 1502 1497 inermes

444 1546 482 1602 ad
504 1564 584 1603 mare
606 1544 763 1620 fugientes,
792 1546 910 1619 quidam
938 1566 1043 1623 aquam
1068 1548 1154 1606 etiam
1177 1548 1314 1623 ingressi,
1344 1564 1447 1604 manus
1467 1546 1502 1602 ad

444 1668 510 1721 eos,
532 1651 631 1725 quiin
654 1650 746 1708 classe
766 1660 863 1722 erant,
891 1654 1038 1711 tendentes
1067 1654 1234 1730 suppliciter
1254 1655 1345 1711 vitam
1368 1654 1503 1720 orabant;

405 1762 421 1813 5
446 1765 475 1814 et
501 1775 564 1814 cum
589 1758 714 1833 scaphas
732 1776 902 1817 concurrere
924 1760 1050 1835 undique
1072 1762 1109 1818 ab
1131 1760 1253 1819 navibus
1275 1768 1440 1829 cernerent,
1467 1759 1504 1815 ad

444 1862 629 1937 excipiendos
643 1881 707 1920 sese
719 1864 818 1922 venire
833 1865 899 1935 rati,
922 1875 953 1923 ut
968 1876 1102 1941 caperent
1118 1867 1317 1942 potiusquam
1334 1865 1505 1936 occiderent,

444 1967 558 2042 longius
585 1967 615 2025 in
643 1987 766 2043 aquam,
802 1970 920 2044 quidam
957 1972 1043 2029 etiam
1070 1980 1218 2042 natantes,
1248 1972 1395 2047 progressi
1431 1982 1505 2032 sunt.

406 2072 421 2127 6
445 2072 504 2131 Sed
525 2090 589 2131 cum
610 2074 751 2133 hostiliter
773 2078 921 2151 escaphis
950 2078 1140 2147 caederentur,
1169 2085 1262 2147 retro,
1290 2074 1340 2153 qui
1361 2086 1505 2153 poterant,

445 2179 541 2237 nando
562 2188 723 2255 repetentes
737 2189 854 2252 terram,
876 2182 915 2239 in'
928 2182 1013 2240 aliam
1033 2182 1182 2240 foediorem
1200 2193 1308 2259 pestem
1331 2184 1505 2241 incidebant.

443 2285 599 2361 Elephanti
620 2286 711 2357 enim,
740 2288 778 2345 ab
806 2289 966 2346 rectoribus
994 2290 1032 2346 ad
1053 2290 1120 2346 litus
1142 2289 1208 2359 acti,
1231 2298 1368 2347 exeuntes
1391 2289 1508 2345 obtere-

406 2393 420 2445 7
444 2391 515 2449 bant
536 2391 746 2485 elidebantqqe.
778 2393 878 2451 Facile
899 2395 1042 2467 convenit,
1058 2397 1095 2454 ab
1114 2396 1253 2454 Romanis
1268 2413 1426 2469 numquam
1451 2411 1508 2450 una

445 2496 507 2554 acie
534 2506 643 2555 tantum
666 2499 858 2557 Macedonum
887 2499 1076 2558 interfectum.
1121 2500 1204 2561 Caesa
1231 2501 1306 2559 enim
1337 2500 1375 2557 ad
1402 2497 1507 2575 viginti

445 2603 523 2660 milia
543 2604 691 2661 hominum
713 2614 792 2675 suut3
818 2605 854 2662 ad
878 2606 923 2662 VI
945 2606 1038 2677 milia,
1064 2608 1113 2683 qui
1134 2609 1267 2685 Pydnam
1291 2626 1328 2663 ex
1352 2604 1414 2662 acie
1439 2623 1508 2680 per-

444 2705 592 2786 fugerant,
622 2709 681 2765 vivi
702 2709 730 2767 in
751 2720 924 2785 potestatem
947 2724 1152 2787 pervenerunt,
1183 2722 1211 2771 et
1232 2713 1301 2789 vagi
1322 2730 1359 2768 ex
1380 2708 1454 2785 fuga
1476 2710 1508 2766 V

405 2815 421 2870 8
444 2812 523 2869 milia
538 2814 684 2872 hominum
702 2826 796 2891 capta.
830 2816 879 2875 Ex
890 2817 1046 2875 victoribus
1062 2819 1225 2877 ceciderunt
1239 2838 1296 2877 non
1309 2817 1375 2893 plus
1390 2825 1508 2873 centum

444 2926 591 2977 eteorum
613 2920 703 2978 multo
725 2922 819 2980 maior
839 2942 909 2999 pars
924 2924 1050 2999 Peligni3
1072 2924 1214 2983 volnerati
1236 2924 1384 2998 aliquanto
1404 2921 1510 2996 plures

404 3023 518 3081 9sunt.
560 3024 646 3099 Quod
672 3026 698 3083 si
719 3028 858 3085 maturius
881 3030 1005 3104 pugnari
1026 3040 1150 3105 coaptum
1175 3041 1264 3101 esset,
1292 3038 1324 3086 ut
1353 3027 1425 3085 satis
1450 3025 1510 3083 diei

443 3129 600 3188 victoribus
628 3131 666 3189 ad
693 3136 923 3208 persequendum
946 3144 1123 3211 superesset,
1155 3134 1255 3192 deleta
1285 3151 1385 3191 omnes
1411 3132 1510 3207 copisa

443 3234 550 3307 forent;
579 3256 654 3297 nunc
682 3238 833 3297 imminens
861 3260 922 3297 nox
944 3216 1134 3315 effugientes
1155 3240 1228 3297 texit
1248 3250 1276 3297 et
1297 3238 1440 3296 Romanis
1464 3238 1511 3313 pi-

444 3343 556 3417 gritiem
579 3345 617 3401 ad
639 3346 814 3419 sequendum
836 3346 908 3403 locis
929 3346 1034 3421 ignotis
1054 3345 1131 3403 fecit.

360 3437 401 3507 43
527 3450 652 3507 Perseus
675 3448 713 3507 ad
735 3452 861 3509 Pieriam
884 3452 987 3510 silvam
1009 3452 1057 3509 via
1077 3452 1202 3521 militari,
1224 3450 1366 3526 frequenti
1388 3448 1513 3525 agmine

360 3576 369 3590 2
405 3552 572 3627 lequitum
594 3563 622 3611 et
642 3556 723 3631 regio
741 3557 888 3630 comitatu,
909 3557 992 3634 fugit.
1036 3557 1128 3618 Simul
1141 3558 1171 3615 in
1192 3557 1294 3614 silvam
1310 3564 1429 3613 ventum
1455 3564 1512 3625 est,

443 3784 528 3846 XLII,
539 3784 564 3846 2,
577 3792 588 3835 l
600 3785 662 3851 fuga
691 3791 705 3835 2
722 3786 780 3836 aliis
789 3789 792 3853 1
801 3784 933 3835 confestim
945 3794 1061 3836 costocus
1074 3784 1127 3835 Iac.
1142 3784 1216 3837 Gran.
1252 3784 1277 3844 3,
1289 3790 1304 3833 t
1321 3786 1382 3834 alere
1393 3785 1513 3847 integris

444 3862 574 3923 habebant
593 3879 607 3922 ³
620 3871 705 3938 cedes!
715 3874 837 3922 tenebant
848 3873 921 3923 Gran.
935 3870 1059 3938 {fecerant
1069 3874 1199 3937 sequenda
1225 3871 1250 3933 4,
1262 3877 1276 3920 s
1287 3886 1353 3934 aqua
1372 3872 1514 3935 tsnplici-

346 4017 354 4032 ι
443 3966 482 4011 ter
514 3959 539 4022 5,
561 3966 572 4009 l
592 3962 626 4010 ad
644 3961 753 4010 nauibus
790 3966 894 4010 treton
929 3959 953 4020 6,
973 3966 984 4009 l
1004 3960 1131 4010 hostiliter
1149 3958 1249 4023 scaphis
1269 3960 1399 4008 cederetur
1438 3958 1513 4007 aab

442 4048 503 4098 litus
519 4046 523 4113 Ι
539 4048 657 4098 exeuntis
675 4047 839 4122 obtegrebant
879 4045 903 4108 t,
922 4053 933 4096 l
954 4047 1123 4097 conueniebat
1140 4047 1250 4095 romanis
1270 4044 1353 4097 Weiss.
1386 4050 1402 4093 2
1421 4048 1513 4093 aciem

442 4152 603 4214 secuiqui
617 4158 632 4201 t
646 4160 671 4200 et
688 4150 751 4213 fuga
769 4166 793 4200 u.
810 4167 835 4199 m
853 4150 939 4215 (Hertz
956 4134 1137 4216 m)hominum
1152 4148 1356 4216 (Gmusfuga)
1393 4149 1450 4211 9,2
1468 4150 1515 4199 dc·

442 4238 500 4287 lata
541 4217 756 4307 tierentlnoxre
773 4237 899 4301 fugientes
939 4236 1359 4301 XL111‚1,1persesuuatutam
1396 4235 1423 4296 2,
1449 4242 1463 4286 l
1488 4237 1515 4284 in

441 4326 509 4374 uiam
527 4326 618 4377 siluam
636 4325 705 4375 Fert.
724 4325 826 4374 ineam
844 4326 934 4375 silvam
