3475 5084
672 503 729 552 Lib.
748 501 970 551 XXXVII-XL.
1270 503 1307 558 37

296 704 431 753 concessit.
468 703 605 760 Incertum,
632 701 667 750 ibi
686 715 719 747 an
738 700 825 748 Romae
851 696 982 747 defunctus
1007 698 1050 758 sit3
1079 712 1138 746 nam
1163 707 1351 747 monumentum

297 798 353 843 eius
370 797 503 859 utrobique
521 792 576 842 luit.
613 793 641 841 L.
654 792 739 855 Scipio
746 793 884 852 Asiaticus,
902 791 979 840 freter
992 789 1117 848 Africani,
1138 790 1225 838 eodem
1246 791 1350 839 crimine

294 888 429 952 peculatus
447 894 582 935 accusatus
606 888 791 947 damnatusque
816 900 892 947 quum
916 884 943 931 in
966 883 1067 931 vincula
1085 889 1110 929 et
1129 896 1252 931 carcerem
1273 884 1350 931 duce-

296 988 374 1040 retur,
395 980 434 1028 Τί.
454 980 617 1043 Sempronius
636 978 767 1029 Gracchus
786 984 815 1024 tr,
835 976 879 1039 pl.,
899 977 940 1039 qui
960 986 1035 1025 antee
1054 975 1215 1039 Scipionibus
1234 975 1351 1025 inimicus

295 1079 358 1132 erat,
376 1072 524 1132 intercessit,
544 1081 570 1121 et
587 1073 620 1120 ob
639 1072 664 1120 id
676 1069 824 1119 beneficium
836 1068 954 1118 Alricaui
967 1069 1046 1119 liliam
1062 1069 1141 1117 duxit.
1179 1066 1265 1126 Quum
1283 1082 1350 1129 quae-

296 1176 378 1214 stores
395 1166 422 1213 in
440 1166 508 1213 bona
526 1166 580 1213 eius
597 1164 699 1227 publice
715 1163 870 1225 possidenda
887 1162 956 1211 missi
976 1172 1073 1223 essent,
1103 1175 1154 1209 uon
1172 1161 1249 1208 modo
1267 1161 1293 1207 iu
1311 1160 1351 1207 his

297 1256 376 1304 ullum
394 1256 526 1317 vestigium
543 1257 656 1320 pecunia
675 1255 752 1318 regiae
771 1255 902 1319 apperuit,
927 1255 971 1303 sed
991 1269 1150 1317 nequequam
1177 1262 1274 1301 tautum
1294 1254 1351 1301 red·

296 1357 391 1408 actum,
417 1358 516 1410 quanta
535 1362 640 1397 summae
660 1356 714 1397 erat
731 1348 875 1396 damnatus.
910 1343 1037 1396 Collatum
1055 1363 1070 1395 a
1085 1348 1202 1409 cognatis
1220 1356 1246 1395 et
1264 1346 1350 1395 amicis

295 1442 505 1490 innumerabilem
528 1442 661 1504 pecuniam
685 1440 799 1503 accipere
823 1440 917 1499 noluit3
943 1454 998 1503 quae
1016 1441 1158 1491 necessarie
1177 1441 1199 1488 ei
1221 1448 1292 1488 erent
1317 1441 1351 1488 ¹ad

295 1534 401 1592 cultum,
420 1534 558 1597 redempta.

682 1692 731 1741 EX
748 1691 816 1740 LIB.
833 1692 959 1742 XXXIX.

367 1806 403 1855 M.
422 1797 620 1866 AEmilius'cos,
648 1808 785 1870 Liguribus
804 1810 923 1871 subactis,
952 1808 1017 1856 viam
1035 1807 1168 1856 Placentia
1191 1822 1272 1870 usque
1293 1809 1352 1857 Ari·

296 1904 393 1951 minum
407 1902 556 1963 perductam
566 1898 799 1947 Flaminiaiunxit.
835 1899 914 1948 Initia
932 1901 1038 1948 luxuria
1056 1901 1082 1948 in
1101 1901 1187 1950 urbem
1208 1902 1352 1951 introducta

296 1995 329 2043 ab
346 1994 461 2042 exercitu
476 1990 591 2040 Asiatico
609 1990 760 2041 referuntur.
795 1992 910 2053 Ligures,
930 1994 1074 2055 quicunque
1093 1995 1156 2043 citra
1168 1995 1349 2058 Appenninum

295 2095 376 2150 erant,
395 2086 494 2135 subacti
513 2092 578 2133 sunt.
617 2084 797 2144 Bacchanalia,
817 2100 916 2133 sacrum
937 2084 1055 2135 Graecum
1074 2094 1099 2135 ct
1116 2095 1277 2147 nocturnum,
1297 2103 1351 2136 om-

295 2179 368 2226 nium
392 2178 513 2227 scelerum
541 2176 717 2236 seminarium,
747 2192 824 2239 quum
850 2178 883 2225 ad
911 2178 1021 2239 ingentis
1043 2179 1122 2227 turba
1151 2180 1351 2229 coniurationem

294 2272 459 2336 pervenisset,
477 2269 655 2331 investigatum
670 2278 696 2317 et
704 2271 842 2318 multorum
854 2285 931 2333 poene
944 2271 1071 2320 subletum
1082 2280 1129 2321 est.
1163 2274 1190 2321 A
1203 2273 1350 2321 censoribus

295 2364 326 2412 L.
347 2362 451 2410 Valerio
476 2361 569 2409 Flacco
599 2371 624 2410 et
648 2362 684 2409 M.
707 2361 800 2409 Porcio
827 2360 934 2423 Catone,
967 2371 993 2411 et
1019 2364 1080 2412 belli
1108 2372 1133 2413 et
1159 2365 1229 2428 pecie
1254 2365 1352 2414 artibus

295 2454 420 2514 maximo,
438 2463 523 2502 motus
541 2462 579 2502 est
598 2461 687 2502 senatu
697 2454 726 2501 L.
740 2452 875 2513 Quinctius
884 2456 1052 2515 Flamininus,
1076 2456 1103 2505 T.
1118 2456 1205 2521 frater,
1225 2471 1255 2505 eo
1274 2458 1351 2517 quod,

297 2562 375 2609 quum
395 2547 503 2597 Galliam
521 2548 674 2610 provinciam
693 2548 782 2595 consul
801 2547 939 2608 obtineret,
963 2558 1068 2612 rogatus
1093 2549 1211 2599 aPoeno'
1224 2548 1352 2611 Philippo,

297 2656 372 2704 quem
389 2641 502 2698 amabat,
522 2647 604 2689 scorto
619 2640 707 2700 nobili,
728 2638 828 2689 Gallum
848 2643 974 2702 quendem
993 2657 1039 2690 sua
1057 2656 1133 2690 mauu
1152 2642 1279 2690 occiderat
1293 2641 1353 2701 sive,

299 2741 327 2781 ut
344 2734 447 2797 quidem
466 2734 636 2793 tradiderunt,
659 2748 735 2780 uuum
759 2746 792 2780 cx
814 2733 941 2783 damnatis
963 2736 1045 2784 securi
1067 2741 1225 2798 percusserat
1248 2742 1352 2795 rogatus

297 2841 313 2874 e
331 2826 463 2874 meretrice
480 2825 639 2884 Placentina,
667 2826 739 2875 cuius
758 2840 845 2875 amore
864 2828 1003 2891 deperibat.
1038 2826 1131 2876 Exstat
1150 2810 1229 2876 cretio
1248 2826 1284 2877 M.
1305 2827 1353 2876 Ga·

298 2918 365 2967 tonis
383 2919 410 2966 iu
431 2934 495 2967 eum.
539 2919 625 2982 Scipio
645 2920 742 2983 Literni
767 2920 872 2969 decessit
895 2928 933 2979 et,
961 2927 1081 2983 tanquam
1106 2921 1226 2982 iungeute
1251 2918 1354 2969 lortuna

299 3013 366 3061 circa
385 3012 453 3059 idem
472 3019 571 3074 tempus
590 3013 641 3059 dno
659 3012 750 3060 lunera
767 3014 937 3071 maximorum
955 3016 1075 3074 virorum,
1093 3012 1223 3063 Hannibal
1236 3028 1252 3059 a
1263 3012 1354 3061 Prusia

297 3104 425 3167 Bithynia
443 3117 516 3164 rege,
541 3103 573 3150 ad
592 3119 666 3166 quem
693 3106 760 3153 victo
779 3106 909 3155 Antiocho
929 3106 1091 3169 conlegerat,
1118 3120 1196 3167 quum
1221 3105 1355 3153 dederetur

296 3198 429 3256 Romanis,
447 3198 490 3259 qui
508 3197 541 3244 ed
559 3198 748 3259 exposcendum
766 3212 824 3245 eum
842 3198 873 3246 T.
881 3197 1029 3258 Quinctium
1037 3198 1207 3247 Flamininum
1225 3198 1353 3258 miserant,

298 3304 399 3340 veneno
423 3289 471 3338 sibi
490 3298 597 3338 mortem
617 3290 747 3364 conscivit¹
783 3290 960 3352 Philopoemen
979 3304 1091 3353 quoque,
1120 3293 1174 3339 dux
1190 3290 1353 3349 Achaeorum,

299 3385 339 3431 vir
355 3383 493 3440 maximus,
520 3398 536 3431 a
553 3383 689 3431 Messeniis
715 3383 815 3430 occisus
837 3396 950 3441 veneno,
977 3395 1054 3443 quum
1073 3383 1104 3431 eb
1124 3382 1160 3430 eis
1178 3382 1247 3431 bello
1266 3390 1354 3447 captur

299 3483 374 3530 esset.
412 3473 526 3524 Coloniae
549 3476 670 3524 Potentia
693 3481 719 3523 et
740 3474 875 3523 Pisaurum
901 3483 926 3521 et
950 3473 1051 3523 Mutina
1077 3483 1102 3523 et
1121 3474 1214 3524 Parma
1240 3476 1354 3524 deductae

301 3576 367 3617 sunt.
408 3568 536 3617 Praeterea
553 3584 593 3617 res
611 3570 730 3617 adversus
751 3567 890 3616 Celtiberos
909 3582 1028 3632 prospere
1052 3576 1137 3629 gestes
1160 3576 1186 3617 et
1203 3570 1277 3617 initia
1295 3584 1354 3617 cau·

300 3675 393 3723 sasque
428 3639 489 3709 belli
521 3661 681 3710 Macedonici
715 3660 840 3718 continet3
875 3661 945 3710 cuius
977 3662 1048 3723 origo
1078 3661 1137 3709 inde
1167 3660 1254 3721 fluxit,
1287 3662 1355 3724 quod

300 3754 434 3817 Philippus
460 3767 526 3815 tegre
550 3754 648 3804 ferebat
669 3767 774 3815 regnum
800 3768 874 3801 suum
901 3754 1055 3803 eRomanis
1079 3753 1209 3813 imminui,
1238 3756 1355 3817 et'quod

301 3855 436 3908 cogeretur
452 3862 468 3893 a
488 3846 629 3896 Thracibus
647 3846 753 3908 aliisque
770 3847 833 3896 locis
852 3847 973 3911 praesidia
992 3848 1125 3897 deducere,

726 4008 775 4057 EX
792 4008 858 4057 LlB.
878 4008 934 4059 XL.

372 4122 456 4183 Quum
475 4122 608 4187 Philippus
626 4123 720 4173 liberos
739 4138 834 4185 eorum,
860 4139 923 4187 quos
942 4124 968 4171 in
986 4124 1094 4172 vinculis
1112 4123 1231 4182 habebat,
1250 4121 1356 4171 nobilis-

302 4216 423 4265 simorum
441 4216 571 4264 bominum
592 4218 704 4278 conquiri
723 4218 755 4265 ad
775 4224 880 4265 mortem
899 4217 1022 4275 iussisset,
1042 4216 1190 4275 Theoxena,
1213 4215 1293 4263 verita
1310 4230 1356 4279 pro

302 4308 389 4358 liberis
406 4308 458 4358 suia
477 4309 614 4357 admodum
632 4310 717 4373 pueris
736 4310 804 4370 regis
822 4310 964 4372 libidinem,
982 4308 1087 4373 prolatis
1099 4308 1126 4356 in
1139 4308 1249 4357 medium
1265 4307 1356 4369 gladiis
