3475 5084
508 508 587 559 Liber
603 508 701 559 xum
737 508 786 571 (A.
806 506 869 559 cnr.
891 507 981 572 itm).
1196 511 1251 569 1³5

234 698 306 750 runt.
351 691 491 751 Senatum
522 695 626 753 deinde
648 712 783 753 censores
804 695 946 769 legerunt.
980 694 1022 751 M.
1045 693 1183 752 AEmilius
1204 692 1336 767 [epi-e

232 796 284 852 dus
304 796 439 873 princeps
459 800 498 856 eb
520 800 611 858 tertiis
640 800 700 857 iem
722 800 891 858 censoribus
911 799 1011 857 lectus.
1063 796 1182 872 Septem
1209 814 1294 855 ese·

235 909 298 956 netu
318 902 405 960 eiecti
424 913 499 961 sunt.
555 906 593 963 ln
612 924 701 964 ceusu
726 904 896 980 eecipieodo
918 903 1019 979 populi
1041 902 1145 959 milites
1167 920 1204 957 ex
1225 900 1292 959 Me·
1316 906 1332 959 t

233 1006 365 1063 codonico
386 1009 524 1081 exercitu,
546 1010 597 1085 qui
618 1029 705 1085 qoem
728 1010 812 1067 multi
833 1011 970 1067 obessent
990 1010 1028 1065 eb
1049 1008 1155 1083 siguis,
1187 1022 1290 1063 census

233 1111 333 1182 docuit,
344 1112 377 1169 in
387 1114 567 1188 provinciam
578 1115 671 1172 redire
679 1116 839 1190 eogebent3
860 1130 967 1172 causes
976 1112 1126 1188 stipendiis
1137 1112 1292 1169 missorum

232 1218 444 1289 cognoscebant
465 1228 510 1291 et,
541 1220 622 1278 euius
644 1221 772 1278 nondum
801 1221 879 1279 iuste
910 1219 1010 1278 missio
1041 1218 1104 1277 vise
1129 1226 1219 1289 esset,
1248 1218 1291 1275 ite
1315 1218 1334 1275 8

232 1319 449 1380 iusiurandum
471 1324 642 1398 adigebant:
665 1327 732 1396 ,Ex
754 1324 1062 1394 tuienimieententie,
1083 1333 1114 1381 tu
1135 1342 1172 1381 ex
1196 1322 1291 1379 edicto

232 1422 262 1480 Ο.
283 1421 401 1498 Cleodi,
423 1429 471 1489 Ti.
482 1428 636 1505 Semproni
657 1448 811 1488 censorum
831 1431 862 1487 in
883 1431 1063 1506 provinciam
1086 1427 1291 1499 Macedoniam

229 1530 342 1601 redibis,
366 1534 446 1607 qnod
468 1534 530 1590 sine
551 1534 619 1591 dolo
640 1534 839 1593 malefacere
860 1534 1009 1611 poteris?“

307 1637 345 1693 ln
367 1637 514 1712 equitibus
539 1641 723 1698 recensendis
755 1640 846 1698 tristis
879 1640 1037 1698 admodum
1065 1656 1164 1698 eorum
1195 1638 1292 1712 adque
1337 1625 1376 1695 ld

229 1758 331 1815 aspere
353 1761 477 1801 censure
498 1744 570 1815 fuit3
591 1746 688 1802 multis
709 1764 801 1820 equos
823 1746 1002 1803 ademerunt.
1057 1746 1092 1803 In
1115 1763 1151 1801 ee
1171 1763 1204 1801 re
1225 1761 1289 1801 cum
1315 1738 1332 1793 2

229 1857 390 1920 equestrem
401 1850 532 1907 ordinem
544 1848 741 1921 offendissent,
757 1852 907 1909 dommum
918 1850 1033 1909 invidiae
1044 1850 1176 1908 adiecere
1187 1849 1292 1919 edicto,

229 1969 284 2023 qno
305 1954 478 2022 edixerunt,
503 1972 541 2011 ne
563 1954 628 2028 quis
649 1974 765 2026 eornm,
796 1957 844 2031 qoi
867 1956 904 2030 Q.
928 1956 1053 2026 Fulvio,
1075 1956 1114 2013 Α.
1136 1954 1290 2013 Postumio

227 2058 397 2116 censoribus
427 2058 545 2132 publice
571 2060 727 2134 vectigalia
753 2071 805 2118 eut
836 2062 912 2119 ultre
939 2062 1048 2119 tribute
1075 2061 1292 2132 conduxissent,

229 2160 266 2216 ed
297 2163 415 2221 hostem
448 2181 531 2220 suem
563 2164 716 2223 accederet
745 2166 879 2224 sociusve
912 2177 963 2225 eut
996 2165 1099 2224 edfinis
1130 2167 1192 2223 eius
1219 2184 1291 2223 oon-

229 2265 371 2324 doctionis
402 2276 488 2324 esset.
550 2268 634 2343 Saepe
665 2269 698 2325 id
732 2272 879 2345 querendo
908 2280 1019 2329 veteres
1047 2270 1196 2346 publicani
1224 2288 1289 2328 cum
1315 2266 1332 2321 3

231 2369 383 2445 impetrare
404 2372 571 2447 nequissent
591 2374 630 2430 ob
651 2384 763 2445 senatu,
797 2386 831 2432 ut
850 2376 968 2433 modum
991 2376 1131 2449 potestati
1153 2374 1293 2431 censoriae
1346 2456 1349 2461 ,

229 2472 418 2549 imponerent,
439 2478 555 2535 tandem
578 2478 724 2536 tribunum
745 2479 839 2554 plebis
860 2480 895 2536 P.
917 2479 1076 2549 Rutilium,
1108 2498 1145 2535 ex
1167 2479 1209 2535 rei
1230 2478 1293 2553 pri·

230 2588 302 2636 tetre
321 2582 508 2647 contentione
537 2584 643 2641 iratum
665 2585 852 2656 censoribus,
884 2594 1038 2659 patronum
1069 2600 1165 2641 ceusae
1193 2582 1296 2640 nennti.

230 2694 301 2743 sunt.
350 2684 492 2744 Clientem
527 2688 692 2746 libertinum
723 2690 864 2764 parietem
895 2690 925 2747 io
955 2689 1048 2749 Sacro
1073 2689 1123 2746 via
1151 2688 1333 2757 edversusl

230 2787 301 2845 edes
331 2790 465 2865 publices
493 2792 625 2849 demoliri
651 2794 809 2864 iusserant,
843 2794 923 2868 quod
954 2794 1070 2869 publico
1103 2792 1292 2851 inaeditieetns

232 2904 311 2953 essct.
359 2897 511 2971 Appelleti
546 2918 564 2955 e
592 2898 708 2973 privetu
737 2899 853 2957 tribuni.
909 2898 982 2957 Cum
1015 2908 1119 2975 praeter
1151 2898 1292 2956 Rutilium
1316 2899 1333 2951 5
1369 2930 1371 2937 ·

232 3014 310 3056 nemu
336 3001 545 3072 intercederet,
576 3022 712 3061 censores
744 3004 781 3060 ed
814 3004 938 3079 pignere
967 3004 1109 3079 capienda
1142 3004 1292 3073 miserunt,

233 3103 407 3180 multamque
435 3125 489 3181 pro
518 3108 653 3165 contione
674 3109 789 3182 privetu
810 3108 956 3167 dixerunt.
1004 3109 1083 3166 Hinc
1108 3107 1291 3166 contentione
1315 3108 1332 3163 6

234 3217 309 3280 orte,
337 3229 404 3267 cum
426 3222 538 3268 veteres
559 3213 706 3287 publicani
727 3232 759 3269 se
781 3213 819 3269 ed
840 3213 987 3269 tribunum
1008 3212 1211 3279 contulissent,
1243 3228 1292 3267 ro·
1333 3250 1336 3257 .

233 3313 306 3382 gotio
340 3326 459 3389 repente
492 3318 546 3373 sub
580 3318 666 3374 onius
685 3317 801 3374 ‘tribuni
830 3317 948 3374 nomine
976 3316 1191 3392 promulgetur,
1226 3310 1293 3389 qum
1317 3320 1332 3372 7

233 3418 344 3485 publice
373 3419 528 3495 vectigalia
557 3431 607 3477 aut
630 3421 708 3479 ultro
739 3422 848 3479 tributa
873 3421 906 3479 Ο.
928 3420 1068 3480 Claudius
1091 3431 1120 3477 et
1138 3420 1186 3480 Ti.
1207 3420 1294 3479 Sem·

233 3574 461 3589 m

234 3657 257 3716 6,
275 3668 290 3709 2
307 3664 476 3728 lectuseptem
502 3671 625 3713 eneeneto
649 3664 725 3714 electi
766 3663 791 3723 t,
814 3670 824 3714 l
845 3664 995 3713 incensum
1033 3663 1198 3726 equiequem
1218 3662 1295 3711 multi

234 3747 289 3795 tin
305 3751 465 3813 prouinciam
484 3751 612 3812 cogebant
642 3750 742 3816 Kreysc.
760 3752 765 3813 Ι
780 3751 903 3813 stipendii
930 3748 1001 3799 'Creu
1027 3748 1131 3798 maletot
1158 3748 1293 3813 stipendiis

235 3835 343 3884 noudum
371 3838 483 3886 emeritis
509 3838 655 3887 missorum.
708 3837 741 3895 8,
773 3842 789 3885 3
816 3845 834 3887 t.
861 3836 989 3901 semproni
1019 3836 1161 3885 censoriam
1215 3833 1291 3894 xvi,

234 3914 263 3974 2,
286 3926 301 3969 3
329 3922 507 3985 quiqoeteloio
555 3930 572 3971 t
598 3924 779 3973 contexissem
824 3923 859 3983 3,
889 3930 900 3972 l
930 3922 1067 3985 querendo
1121 3928 1136 3971 2
1161 3921 1293 3981 nequisset

236 4024 250 4065 3
273 4030 301 4072 tr.
321 4024 357 4088 pl.
386 4026 486 4075 utilium
512 4024 595 4091 Sigon.
624 4024 716 4091 (Grpe.
737 4033 768 4075 tr.
787 4028 822 4091 pl.
842 4024 979 4088 Rutilium)
1032 4024 1256 4073 icenteutionom
1286 4019 1293 4084 l

239 4102 306 4172 Grpe.
326 4112 402 4159 nocti
450 4111 481 4173 4,
508 4118 519 4161 1
541 4111 602 4163 Nou
624 4114 675 4161 cine
698 4128 775 4161 couno
802 4111 879 4163 Gron'.
908 4112 1033 4161 clientem
1059 4111 1114 4159 eius
1139 4109 1205 4158 lite.¹
1231 4106 1257 4167 ὅ,
1279 4114 1290 4156 t

235 4197 420 4250 uretemcttiom
451 4196 564 4263 2Gryo.
582 4200 691 4263 pignore
725 4198 848 4257 &thio
884 4194 1095 4263 e'promolgotm
1131 4192 1296 4253 'istumi-

236 4278 364 4336 cntinuo
389 4282 514 4334 Wntcttes
528 4286 534 4346 Ι
548 4292 611 4334 ece
