3475 5084
498 429 558 524 92³
759 461 940 513 nteerxnn.
977 459 1025 524 (s.
1045 476 1071 510 u.
1092 474 1114 510 ο.
1135 460 1208 525 ess.)
1233 441 1258 489 κ’
1402 491 1404 494 ,

371 644 414 717 49
540 648 600 705 Per
620 648 675 703 hos
696 646 772 704 forte
792 647 854 705 dies
877 648 912 707 P.
934 645 1062 704 Licinius
1084 646 1200 716 consul,
1226 644 1303 701 votis
1324 642 1355 699 in
1377 640 1525 717 Capitolio

416 758 433 814 2
455 751 643 827 nuncupetis,
667 751 823 825 paludatus
846 754 884 810 ab
906 753 977 810 urbe
997 752 1145 828 profectus
1168 759 1219 810 est.
1263 749 1387 822 Semper
1408 746 1525 821 quidem

457 876 493 915 ea
519 874 566 914 res
589 874 653 912 cum
683 874 790 931 magna
816 857 957 933 dignitate
985 876 1020 915 ac
1048 857 1201 914 maiestate
1230 853 1354 929 geritur3
1382 852 1526 927 praecipue

457 973 546 1020 tumen
567 962 709 1018 convertit
729 963 829 1020 oculos
845 963 1024 1037 animosque,
1043 944 1162 1019 eumad
1183 977 1320 1035 maguum
1340 957 1525 1029 nobilemque

457 1078 508 1125 aut
525 1067 632 1123 virtute
654 1075 705 1121 aut
727 1065 845 1123 fortuna
866 1068 979 1125 hostem
1005 1076 1119 1124 euntem
1148 1064 1295 1123 consulem
1324 1070 1524 1137 prosecuntur.
1563 1043 1564 1052 ἵ

330 1180 343 1269 '⁸
416 1172 433 1227 3
457 1170 612 1230 contrahit
642 1170 718 1227 enim
749 1189 807 1227 non
838 1170 927 1229 officii
960 1171 1048 1227 modo
1080 1188 1165 1239 cura,
1194 1168 1245 1225 scd
1278 1165 1367 1223 etiam
1400 1166 1524 1223 studium

457 1276 628 1353 spectaculi,
655 1285 687 1332 ut
708 1276 826 1333 videant
850 1276 952 1333 ducem
975 1293 1073 1345 suum,
1100 1275 1181 1331 cuius
1202 1272 1325 1348 imperio
1348 1273 1525 1347 consilioque
1564 1288 1565 1297 ³

417 1385 435 1439 t
458 1401 601 1440 summam
634 1398 695 1439 rem
726 1378 871 1453 publicam
894 1380 1030 1436 tuendam
1053 1379 1254 1453 permiserunt.
1306 1377 1394 1436 Subit
1424 1378 1525 1434 deinde

458 1487 596 1563 cogitatio
612 1485 749 1552 animum,
771 1484 821 1558 qui
835 1484 904 1541 belli
925 1503 1019 1554 casus,
1042 1469 1131 1558 quarn
1152 1484 1277 1541 incertus
1298 1477 1425 1541 fortunae
1442 1502 1524 1539 even·

418 1596 435 1648 5
458 1602 505 1649 tus
532 1590 751 1663 communisque
775 1590 857 1645 Mars
884 1588 953 1645 belli
984 1588 1035 1657 sit,
1068 1590 1193 1646 adversa
1224 1589 1429 1663 secundaque,
1465 1605 1525 1660 qua

457 1697 572 1754 inscitia
593 1706 622 1752 et
640 1694 801 1754 temeritate
816 1695 919 1751 ducum
937 1694 1033 1751 clades
1052 1712 1129 1769 saepe
1151 1694 1315 1764 acciderint,
1339 1712 1405 1767 quae
1427 1702 1525 1751 contre

418 1804 537 1860 bbona
568 1799 723 1875 prudentia
751 1809 779 1855 et
804 1800 897 1856 virtus
929 1800 1064 1860 attulerit.
1114 1799 1208 1872 Quem
1243 1799 1317 1855 scire
1351 1798 1525 1864 mortalium,

458 1905 550 1962 utrius
581 1903 698 1972 mentis,
728 1903 818 1960 utrius
848 1904 972 1961 fortuna
1007 1904 1154 1961 consulem
1186 1905 1223 1960 ad
1252 1905 1360 1961 bellum
1391 1902 1525 1960 mittenti

459 2009 722 2082 triumphantemne
744 2026 812 2064 mox
834 2027 900 2065 cum
925 2006 1052 2066 exercitu
1076 2010 1187 2067 victore
1208 1992 1396 2066 mentientem
1419 2009 1448 2065 in
1470 2007 1524 2065 Ca·

458 2113 590 2189 pitolium
619 2114 657 2170 ad
683 2114 799 2170 eosdem
822 2114 908 2182 deos,
939 2132 957 2169 a
986 2114 1090 2187 quibus
1118 2115 1334 2190 proficiscatur,
1367 2114 1459 2172 visuri
1489 2131 1524 2168 en

420 2222 435 2276 7
458 2220 591 2277 hostibus
613 2237 676 2276 eam
699 2220 846 2294 presbiteri
873 2218 1002 2275 laetitiem
1024 2219 1101 2276 sint?
1133 2220 1234 2278 Persei
1262 2229 1359 2276 autem
1383 2218 1455 2293 regi,
1476 2216 1524 2273 ad·

452 2343 560 2382 ‘versus
583 2343 668 2398 quem
692 2325 797 2394 ibatur,
819 2324 929 2382 famam
952 2332 982 2380 et
1012 2324 1089 2381 bello
1121 2327 1202 2384 clara
1230 2325 1427 2382 Macedonum
1456 2341 1522 2397 gens

460 2438 489 2486 et
510 2430 662 2503 Philippus
684 2439 784 2504 pater,
807 2430 883 2486 inter
904 2429 995 2486 multa
1016 2449 1156 2507 prospere
1177 2440 1260 2506 gesta
1282 2432 1420 2487 Romano
1441 2428 1521 2484 etiem
1568 2444 1569 2447 ’

459 2535 628 2592 nobilitatus
649 2535 742 2604 bello,
773 2536 937 2610 praebebat3
969 2545 1030 2592 tum
1056 2536 1148 2611 ipsius
1170 2538 1271 2594 Persei
1291 2554 1468 2609 numquam,
1489 2549 1523 2588 ex

461 2659 518 2714 quo
549 2657 669 2713 regnum
698 2639 872 2712 accepisset,
907 2641 1029 2697 desitum
1060 2640 1129 2698 belli
1158 2641 1361 2717 expectatione
1388 2638 1521 2697 celebrari

420 2740 575 2800 8nomen.
625 2740 699 2800 Cum
732 2744 778 2799 his
809 2744 1032 2819 cogitationibus
1070 2745 1199 2803 omnium
1234 2745 1367 2802 ordinum
1398 2744 1521 2801 homiues

420 2846 437 2898 9
460 2847 687 2922 proficiscentem
713 2849 859 2905 consulem
890 2851 1035 2925 prosecuti
1063 2861 1138 2907 sunt.
1182 2851 1251 2908 Duo
1278 2851 1449 2908 consulares
1477 2848 1520 2905 tri·

460 2952 529 3009 buni
552 2952 672 3009 militum
695 2971 759 3009 cum
785 2972 820 3010 eo
843 2954 937 3023 missi,
965 2953 998 3013 C.
1020 2953 1176 3025 Claudius,
1205 2956 1242 3029 Q.
1264 2957 1398 3026 Muciae,
1421 2966 1450 3013 et
1471 2964 1521 3011 tres

460 3058 593 3115 inlustres
616 3058 743 3127 iuvenes,
765 3058 801 3118 P.
818 3059 958 3117 Lentulus
981 3070 1008 3118 et
1030 3062 1088 3119 duo
1109 3061 1214 3119 Manlii
1235 3061 1368 3131 Acidini3
1391 3061 1466 3118 alter
1485 3060 1519 3116 M.

402 3164 437 3216 10
459 3163 561 3233 Manli,
584 3164 657 3220 alter
680 3164 713 3219 L.
735 3162 828 3219 Manli
858 3164 934 3222 filius
956 3175 1028 3223 erat.
1074 3166 1146 3225 Cum
1168 3168 1204 3224 iis
1224 3167 1326 3225 consul
1342 3166 1520 3223 Brundisium

461 3269 498 3325 ad
513 3268 671 3325 exercitum
686 3270 704 3304 ¹*
720 3268 815 3342 adque
830 3269 896 3325 inde
912 3288 975 3326 oum
993 3271 1125 3329 omnibus
1148 3272 1239 3348 copiis
1261 3281 1461 3342 transvectus,
1490 3269 1521 3325 ed

460 3373 654 3447 Nymphaeum
675 3373 705 3429 in
729 3374 913 3448 Apolloniati
935 3393 1006 3450 agro
1028 3376 1125 3452 posuit
1145 3388 1252 3436 castra.

459 3629 557 3688 XLIX,
570 3630 596 3688 2,
611 3636 625 3677 2
645 3630 765 3691 quaeritur
780 3629 785 3690 1
801 3630 936 3693 praecipuas
955 3633 1082 3680 conuertit
1093 3630 1144 3681 Ed.
1165 3632 1247 3697 Luqd.
1261 3632 1332 3684 1553
1343 3633 1443 3696 (Potest
1459 3635 1522 3683 mium

452 3717 549 3782 subse:
568 3719 613 3765 sed
623 3716 761 3780 praecipue)
791 3722 901 3765 tconss.
935 3716 1191 3783 aromatum
1221 3718 1271 3778 4‚2
1289 3720 1368 3769 animi
1383 3720 1523 3784 (animosi)

461 3802 486 3863 b,
510 3809 519 3852 l
541 3805 650 3853 aduersa
668 3804 781 3852 secunda
799 3817 907 3866 quaque
926 3804 1027 3851 inscitia
1049 3802 1123 3868 Me·
1150 3806 1266 3855 teladis
1314 3805 1380 3865 6,3
1405 3809 1525 3857 uictorem

461 3897 569 3939 stantem
588 3890 614 3938 in
634 3890 782 3953 capitolium
801 3887 892 3953 (Grpe.
912 3890 1076 3938 scandentem
1098 3890 1196 3955 Capit.)
1248 3892 1305 3950 7‚1
1339 3892 1417 3958 Gryn.
1438 3892 1524 3955 Persil

461 3978 528 4039 regis
564 3975 667 4025 alama
683 3977 687 4036 Ι
704 3976 800 4024 clarem
854 3974 880 4033 8,
903 3980 912 4022 l
935 3976 1120 4036 cogitationum
1174 3978 1199 4039 9,
1219 3984 1234 4028 8
1253 3980 1332 4028 manli
1352 3981 1413 4028 acili
1433 3980 1525 4043 (Druk.

460 4063 512 4112 duo
531 4064 561 4112 L.
582 4062 686 4121 Manlii;
709 4077 763 4109 mox
782 4060 819 4109 Μ.
838 4076 973 4124 prenomen
990 4071 1125 4126 corruptum
1144 4063 1261 4128 uidetur.)
1308 4066 1360 4115 41.
1380 4081 1444 4115 men
1463 4067 1527 4115 lilios

461 4148 503 4207 10,
525 4154 534 4197 l
557 4163 615 4196 cum
633 4148 656 4196 is
711 4154 725 4194 2
746 4145 807 4195 Post
828 4146 967 4196 exercitam
992 4147 1081 4197 excidit
1103 4150 1233 4214 proiectus
1258 4160 1302 4201 out
1316 4150 1430 4216 (Drak.)
1450 4155 1526 4203 venit.

461 4234 652 4296 snympheam
669 4232 860 4296 inappolonio.
885 4247 918 4283 m.
944 4248 1008 4296 agro
1032 4233 1144 4301 (Kreyss.
1169 4239 1196 4287 in
1218 4238 1427 4302 Apolloniatium
1457 4239 1529 4304 egro)
