3475 5084
501 538 560 595 2l2
795 531 873 582 niues
890 531 973 583 XLV.
1011 531 1056 592 (Δ.
1077 546 1101 579 n.
1122 546 1145 579 c.
1165 528 1238 591 586.)

460 740 519 779 nou
553 725 703 777 contentus
731 736 822 793 regno
848 718 1043 787 Macedoniae,
1072 716 1231 775 Dardanos
1255 715 1428 792 Illyriosque
1460 734 1503 791 op

460 833 617 903 pugnasset
638 833 664 881 ct
684 824 894 882 Bastarnarum
917 824 1070 883 excivisset
1091 822 1215 892 auxilie,
1249 822 1275 879 is
1302 832 1379 891 tum,
1411 820 1505 877 smism

461 930 603 1001 exercitu,
627 929 751 987 extorris
771 947 878 1006 reguo,
914 930 943 987 in
964 946 1085 1005 parvam
1108 928 1232 985 insulam
1252 918 1419 1003 conpulsus,
1449 944 1507 1001 sup

423 1038 531 1114 dplex
560 1035 622 1093 lani
642 1035 795 1111 religione,
823 1054 883 1094 non
903 1036 1013 1093 viribus
1032 1034 1091 1091 suis
1112 1044 1190 1093 tutus
1212 1042 1297 1093 esset.
1360 1032 1420 1091 Sed
1439 1042 1510 1108 post-

462 1162 549 1218 quam
572 1161 590 1199 a
612 1159 682 1217 rege
703 1143 794 1199 Perse
814 1141 925 1199 consuli
946 1141 1041 1201 Paulo
1062 1141 1184 1197 sulutem
1205 1141 1284 1215 legit,
1306 1138 1513 1197 miserationem

423 1255 441 1308 5
464 1266 578 1306 omnem
611 1247 732 1304 stultitia
764 1246 924 1323 ignorantie
956 1245 1102 1304 fortunam
1132 1264 1215 1303 suam
1241 1245 1359 1303 exemit.
1417 1245 1514 1319 Itaque

463 1371 640 1428 quamquam
673 1352 704 1409 in
732 1352 844 1427 reliqua
869 1360 953 1427 parte
980 1351 1139 1409 litterarum
1173 1351 1290 1409 minime
1312 1351 1400 1426 regim
1422 1368 1516 1425 preces

464 1468 564 1527 erunt,
588 1468 685 1515 tamen
707 1456 768 1513 sino
790 1475 931 1531 responso
953 1476 988 1515 ac
1009 1458 1071 1514 sine
1091 1457 1193 1514 litteris
1215 1476 1250 1513 ea
1271 1457 1381 1532 legatio
1405 1456 1516 1515 dimissa

424 1570 441 1626 6
464 1572 516 1623 est.
562 1562 660 1621 Sensit
680 1564 815 1631 Perseus,
836 1563 917 1620 cuiue
939 1563 1062 1621 nominis
1084 1562 1310 1621 obliviscendum
1333 1563 1413 1619 victo
1435 1571 1515 1631 esset,

463 1671 562 1744 itaque
589 1669 686 1725 ultera
713 1668 829 1738 littera,
860 1686 926 1725 oum
958 1668 1064 1745 privati
1090 1668 1214 1726 nominis
1244 1666 1328 1725 titulo
1350 1667 1462 1737 missa,
1495 1676 1519 1724 et

463 1776 573 1852 petiere
600 1784 629 1831 et
650 1774 858 1848 impetravere,
891 1784 923 1831 ut
955 1775 1044 1849 aliqui
1071 1775 1107 1831 ed
1135 1792 1200 1831 eum
1228 1774 1427 1843 mitterentur,
1461 1791 1520 1831 cnm

465 1881 569 1956 quibus
600 1880 681 1954 loqui
711 1881 747 1937 de
782 1889 859 1937 statu
900 1890 929 1939 et
961 1881 1128 1939 condicione
1160 1899 1219 1937 suae
1254 1879 1380 1937 fortunae
1417 1888 1520 1954 posset.

428 1994 443 2047 7
466 1986 551 2043 Missi
578 1997 645 2043 sunt
672 1996 730 2043 tres
751 1986 855 2061 legati,
887 1988 922 2045 P.
944 1986 1100 2057 Lentulus,
1137 1988 1175 2045 A.
1199 1986 1368 2043 Postumius
1390 1985 1520 2044 Albinus

465 2096 505 2152 A.
528 2092 684 2151 Antonius.
742 2092 824 2149 Nihil
847 2110 883 2149 ea
903 2092 1048 2167 legatione
1069 2091 1227 2167 perfectum
1251 2100 1310 2161 est,
1342 2094 1458 2149 Perseo
1484 2110 1520 2148 re·

416 2216 421 2226 ·
465 2198 545 2273 mum
567 2216 672 2255 nomen
697 2198 776 2255 omni
796 2197 1039 2272 viamplecteute,
1061 2198 1165 2267 Paulo,
1188 2208 1220 2255 ut
1240 2216 1271 2255 se
1293 2216 1408 2272 suaque
1431 2196 1519 2253 omnis

465 2303 497 2361 in
517 2304 602 2361 fidem
628 2313 657 2361 et
680 2302 860 2361 clementiam
883 2303 984 2379 populi
1007 2303 1134 2361 Romani
1164 2303 1360 2379 permitteret,
1381 2303 1518 2360 tendente.

385 2399 406 2471 5
551 2410 629 2467 Dum
653 2411 709 2467 hoo
737 2417 877 2484 aguntur,
911 2408 1010 2465 classis
1033 2406 1087 2466 Cn.
1109 2408 1215 2467 Octavi
1237 2408 1467 2467 Samothracam
1489 2416 1524 2464 est

469 2514 600 2591 adpulsa.
648 2515 679 2572 Is
704 2533 834 2590 quoque,
864 2514 999 2590 praesenti
1021 2516 1139 2572 admoto
1162 2525 1288 2585 terrore,
1322 2515 1414 2571 modo
1438 2514 1526 2583 minu,

468 2620 556 2677 modo
577 2638 629 2694 spe
650 2620 796 2695 perlicere,
816 2629 848 2678 ut
868 2639 900 2678 se
921 2620 1063 2689 traderet,
1085 2638 1145 2677 cum
1167 2630 1339 2690 conaretur,
1367 2622 1484 2679 adiuvit
1504 2622 1528 2677 in

428 2727 446 2782 2
468 2727 523 2785 hoe
534 2744 599 2783 eum
611 2743 657 2783 res
668 2744 719 2783 seu
731 2746 799 2785 casu
816 2738 965 2785 eontracta
976 2744 1026 2783 eeu
1040 2726 1167 2783 consilio.
1217 2727 1251 2783 L.
1268 2726 1377 2785 Atilius
1403 2728 1529 2785 inlustris

469 2831 637 2888 adulescens
666 2849 730 2887 cum
762 2832 792 2889 in
814 2833 948 2891 contione
973 2850 1036 2891 esse
1059 2832 1197 2907 populum
1220 2831 1448 2891 Samothracum
1473 2834 1530 2893 eni·

384 2964 387 2977 =
469 2955 546 2993 mum
571 2936 759 3007 advertisset,
782 2956 801 2995 a
822 2927 1038 3014 magistratibus
1063 2938 1160 3014 petiit,
1193 2947 1225 2995 ut
1245 2938 1301 2997 sibi
1322 2940 1427 3014 paucis
1450 2940 1529 2997 adlo-

469 3142 683 3149 ffl—-·-
690 3143 700 3148 -

470 3261 495 3320 3,
514 3266 530 3310 ³
549 3266 724 3326 oppugnasset
740 3260 916 3308 basternarum
938 3257 993 3323 My.
1030 3258 1033 3323 Ι
1071 3261 1162 3309 ciuisse
1183 3258 1258 3310 Gran.
1279 3258 1369 3325 (Grpe.
1389 3258 1530 3323 civisset)'

410 3382 413 3390 .
470 3350 492 3397 is
512 3363 568 3397 cum
598 3353 612 3397 5
632 3348 723 3411 suplex
764 3345 791 3405 4,
814 3352 823 3395 l
845 3357 982 3409 postquam
1001 3360 1060 3408 rege
1078 3361 1170 3410 persea
1187 3347 1285 3397 consuli
1305 3348 1376 3411 pauli
1398 3346 1458 3413 My.
1480 3348 1530 3398 Eu.

471 3434 525 3484 594
552 3434 642 3500 (Gryu.
661 3442 799 3498 postquem
818 3447 905 3495 regem
923 3433 1018 3483 Persea
1037 3434 1137 3483 consuli
1154 3420 1236 3483 Paulo
1252 3434 1294 3497 S.)
1341 3434 1478 3497 elegitur
1512 3434 1532 3487 5.

473 3522 606 3570 tminimi
623 3502 745 3583 aegregie
759 3528 939 3584 precesserunt
987 3520 1011 3581 6,
1034 3526 1044 3569 l
1067 3523 1150 3570 uictor
1201 3526 1215 3569 2
1235 3522 1341 3585 priuatis
1388 3521 1414 3579 7,
1439 3529 1448 3571 l
1472 3522 1534 3572 Feli

472 3607 526 3657 150
543 3624 626 3672 morpo
648 3606 729 3655 dexter
747 3606 857 3673 (papissa
875 3606 998 3669 adversm)
1017 3616 1040 3655 et
1056 3608 1115 3657 imus
1133 3609 1239 3658 abscisus
1256 3617 1301 3667 est,
1321 3626 1371 3673 quo
1389 3626 1417 3658 re
1437 3610 1531 3659 nonaul-

474 3693 548 3744 lorum
567 3712 673 3743 vacuum
691 3704 800 3743 extremae
817 3693 900 3743 littcroe
918 3693 1099 3757 interciderunt,-
1123 3696 1157 3745 itu
1175 3694 1213 3743 lic
1230 3695 1356 3761 scriptum.-
1375 3698 1451 3746 missi
1471 3714 1530 3748 su..

474 3803 489 3847 8
509 3796 671 3862 amplectenti
707 3805 723 3847 4
742 3807 768 3848 et
786 3799 946 3849 clementiam
966 3809 1024 3865 etp.
1037 3780 1056 3849 i.
1076 3801 1221 3864 permittere
1240 3800 1279 3849 cle
1297 3802 1420 3851 tendente
1434 3802 1531 3869 Krepo.

474 3885 566 3951 (Gryu.
584 3887 748 3951 permitteret,
768 3888 948 3951 contendente)
984 3888 1018 3948 V,
1029 3886 1078 3946 l,l
1101 3888 1160 3936 dum
1180 3888 1308 3949 aguntur!
1325 3889 1447 3939 octeuins
1467 3906 1532 3940 amo
1552 3916 1553 3951 t

474 3997 557 4039 tecam
578 4007 655 4054 supra
677 4006 693 4039 a
716 3990 835 4054 scriptor
882 3996 897 4039 2
922 3992 1059 4054 prasentia
1106 3998 1120 4040 3
1144 4008 1189 4055 spe
1213 3993 1373 4056 permitteret
1390 3994 1442 4051 (H.
1461 3997 1531 4060 perli-

475 4079 555 4141 ceret)
567 4093 594 4127 se
612 4080 711 4127 tradere
730 4087 863 4126 conaretur
899 4084 980 4127 scum
999 4078 1065 4142 p(rl
1083 4094 1165 4144 moryo
1184 4079 1303 4141 αὸεοίειιε)
1322 4094 1367 4128 seu
1384 4080 1389 4142 Ι
1404 4096 1456 4132 suo
1477 4099 1531 4132 cou-

475 4165 533 4215 silio
578 4164 611 4224 2,
634 4171 736 4213 tesset
759 4162 971 4228 lsamotracrum
991 4168 1087 4229 [septem
1108 4167 1193 4231 primae
1213 4163 1296 4215 litterae
1314 4168 1421 4217 obscurae
1441 4180 1465 4219 et
1482 4188 1552 4227 aaa,

475 4250 550 4313 asilo)
579 4248 584 4314 Ι
616 4252 727 4301 animum
746 4253 946 4301 aduersossedad
965 4254 1159 4315 magistratibus
1179 4252 1274 4317 (littera
1292 4256 1401 4305 osseded
1417 4258 1531 4312 obrem]

475 4340 539 4404 petit
573 4336 639 4386 tln
655 4340 744 4403 paucis
762 4338 844 4389 imma
862 4340 975 4393 obscura.
