3475 5084
475 545 513 601 48
895 543 1026 593 Periocha

432 738 545 789 Curiatio
577 747 607 788 tr.
635 741 668 804 pl.
698 742 858 804 impositum,
890 752 916 791 et
941 743 974 792 D.
999 742 1073 791 Iunio
1092 742 1172 790 Bruto
1201 756 1266 790 coss.
1298 740 1413 789 dilectum
1437 742 1477 789 ba-

431 834 549 881 bentibus
584 833 611 881 in
642 845 778 896 conspectu
809 835 918 883 tironum
950 850 990 884 res
1019 836 1177 885 saluberrimi
1207 834 1318 897 exempli
1350 833 1415 883 lacta
1436 844 1474 883 est.

429 924 495 974 Nam
515 925 544 975 O.
558 926 687 975 Matienus
709 934 843 975 accusatus
867 938 908 977 est
926 928 992 991 apud
1012 928 1238 997 tribunusplebis,
1263 928 1331 990 quod
1350 928 1474 976 exercitum

429 1019 455 1066 in
473 1019 597 1081 Hispania
617 1020 778 1075 deseruisset,
796 1019 982 1084 damnatusque
1001 1022 1046 1069 sub
1061 1020 1133 1070 furca
1152 1020 1195 1068 diu
1214 1021 1293 1083 virgis
1309 1034 1389 1069 casus
1407 1031 1478 1069 estet

429 1112 545 1160 sestertio
564 1126 666 1160 nummo
685 1112 769 1161 veniit.
807 1112 915 1161 Tribuni
934 1113 1015 1176 plebis
1040 1114 1100 1176 quia
1124 1126 1174 1161 uon
1194 1114 1371 1175 impetrarent,
1397 1121 1422 1160 ut
1437 1114 1476 1161 sibi

429 1203 515 1262 denos,
535 1218 598 1267 quos
617 1204 719 1258 vellent.
740 1205 832 1253 milites
850 1206 961 1253 eximere
979 1205 1080 1263 liceret,
1101 1205 1217 1254 eonsules
1238 1206 1264 1252 in
1283 1219 1412 1253 carcerem
1429 1206 1477 1253 duci

427 1295 562 1344 iusserunt.
599 1295 688 1345 lunius
706 1298 801 1345 Brutus
821 1312 872 1346 cos.
893 1298 918 1346 in
937 1298 1062 1361 Hispania
1080 1298 1129 1353 eis,
1149 1299 1191 1360 qui
1211 1299 1258 1347 sub
1277 1297 1379 1344 Viriato
1398 1296 1477 1345 milita·

427 1396 525 1449 verant,
545 1403 619 1451 agros
634 1398 659 1438 et
671 1391 791 1453 oppidum
805 1390 883 1452 dedit,
903 1392 970 1451 quod
985 1398 1102 1439 vocatum
1117 1390 1294 1439 cstValeutis.
1322 1390 1360 1438 M.
1375 1390 1479 1453 Popilius

427 1480 624 1542 aNumantinis,
647 1497 702 1530 cum
723 1484 813 1544 quibua
825 1498 915 1545 pacem
930 1484 1022 1532 laetam
1036 1484 1132 1531 irritam
1151 1484 1205 1531 lieri
1222 1492 1328 1531 senatus
1348 1492 1479 1539 censuerat,

427 1586 485 1619 cum
504 1575 617 1621 exercitu
644 1574 714 1624 lusus
741 1575 896 1638 fugatusque
923 1588 968 1624 est.
1008 1574 1036 1625 C.
1057 1576 1169 1625 Hostilio
1187 1576 1312 1632 Mancino
1332 1592 1385 1626 cos.
1412 1577 1480 1625 sacri-

425 1664 518 1714 ficante
536 1666 599 1728 pulli
621 1682 654 1715 cx
672 1682 749 1716 cavea
768 1667 946 1728 evolaverunt3
975 1669 1154 1717 conscendenti
1173 1669 1264 1716 deinde
1282 1684 1389 1722 navem,
1417 1670 1481 1716 utin

426 1758 575 1821 Hispaniam
586 1761 795 1823 proficisceretur,
815 1762 909 1808 accidit
928 1776 984 1808 vos:
1006 1760 1106 1821 ,Mena
1126 1761 1284 1817 Mauciuell,
1305 1776 1364 1824 quae
1377 1764 1482 1826 auspicia

426 1851 508 1899 tristia
534 1851 612 1901 luisse
644 1862 733 1901 eventu
756 1854 893 1916 probatum
919 1863 963 1901 est.
1006 1854 1098 1903 Victus
1128 1855 1192 1902 enim
1226 1870 1241 1901 a
1268 1853 1433 1903 Numantinis
1460 1862 1481 1901 et

426 1945 514 1992 eastris
533 1954 637 2005 exutus,
663 1961 738 2010 quum
764 1961 823 2009 spes
842 1945 912 1993 nulla
932 1946 1045 1993 servandi
1066 1948 1194 1996 exercitus
1214 1956 1295 2002 esset,
1321 1962 1412 2010 pacem
1431 1962 1481 1996 cum
1555 1980 1556 2003 ,

424 2037 460 2083 eis
488 2036 549 2085 lecit
573 2039 783 2100 ignominiosam,
812 2053 888 2099 quam
918 2047 997 2085 ratam
1017 2054 1072 2087 esse
1100 2048 1203 2088 senatus
1229 2040 1318 2089 vetuit.
1370 2026 1422 2091 {E
1437 2043 1481 2091 llo·

425 2143 556 2177 manorum
584 2146 600 2178 a
624 2130 837 2179 Numantinorum
865 2116 911 2180 N
932 2133 999 2179 victa
1024 2140 1103 2181 erant.
1152 2132 1184 2181 D.
1213 2132 1302 2181 Iunius
1327 2134 1481 2182 Lusitaniam
1555 2114 1556 2139 i

425 2223 657 2284 expugnationibus
686 2225 784 2272 urbium
815 2238 896 2287 usque
925 2225 957 2270 ad
985 2222 1118 2275 Oceanum
1151 2226 1308 2289 perdomnit,
1350 2234 1377 2274 et
1412 2242 1481 2289 quum

396 2342 400 2357 .
424 2312 517 2361 flumen
547 2314 707 2365 Oblivionem
740 2317 848 2364 transire
876 2317 985 2375 nollent,
1017 2326 1115 2380 raptum
1148 2315 1271 2378 signifero
1303 2318 1407 2380 siguum
1437 2321 1483 2383 ipse

424 2408 553 2456 transtulit
572 2418 597 2457 et
616 2411 666 2467 sic,
693 2416 721 2456 ut
739 2388 979 2469 transgrederentur,
999 2411 1131 2472 persuasit.
1171 2410 1314 2459 Alexandri
1333 2411 1417 2470 filius,
1443 2430 1482 2461 rex

425 2496 516 2561 Syriae,
547 2502 633 2550 decem
666 2516 746 2550 annos
776 2502 913 2550 admodum
943 2501 1054 2559 habens,
1089 2518 1104 2550 a
1130 2502 1257 2562 Diodoto,
1288 2503 1334 2566 qui
1366 2505 1482 2568 Tryphon

423 2593 666 2653 cognominabatur,
703 2602 876 2652 tutorersuo,
911 2610 957 2658 per
991 2593 1105 2645 fraudem
1136 2597 1235 2646 occisus
1271 2606 1323 2654 est,
1363 2600 1483 2660 corruptis

422 2683 540 2743 medicis,
567 2687 609 2746 qui
634 2685 705 2735 illum
729 2687 820 2735 calculi
840 2687 928 2736 dolore
948 2688 1060 2737 consumi
1086 2689 1118 2736 ad
1142 2687 1263 2750 populum
1283 2688 1403 2746 mentiti,
1429 2690 1483 2737 dum

422 2783 516 2833 secant,
535 2778 689 2827 occiderunt.

835 2940 884 2987 ux
904 2939 970 2987 nis.
991 2938 1059 2989 svs.
1133 2920 1147 2931 “

489 3050 522 3100 D.
549 3051 636 3102 lunius
659 3054 754 3103 Brutus
777 3055 802 3101 in
827 3054 953 3118 Hispania
983 3055 1104 3103 ulteriore
1130 3054 1240 3104 feliciter
1272 3057 1397 3105 adversus
1425 3056 1485 3105 Gal-

419 3142 493 3192 lacos
528 3146 659 3207 pugnavit.
718 3145 843 3195 Dissimili
882 3155 973 3195 eventu
1010 3147 1045 3197 M.
1080 3149 1201 3198 AEmilins
1228 3148 1343 3211 Lepidus
1386 3164 1483 3211 procos.

419 3235 538 3283 adversus
556 3235 679 3288 Vaccaeos
703 3254 755 3287 rem
783 3240 874 3301 gessit,
902 3240 1051 3304 clademque
1077 3243 1183 3291 similem
1203 3241 1368 3290 Numantina
1396 3256 1483 3306 passus
1556 3222 1557 3273 ἶ

418 3334 464 3375 est.
504 3329 545 3375 Ad
564 3330 744 3380 exsolvendum
764 3332 868 3381 foederis
885 3332 1036 3381 Numantini
1058 3335 1179 3396 religione
1197 3333 1319 3398 populum
1336 3334 1483 3389 Mancinus,

417 3431 495 3479 quum
515 3419 590 3467 buius
617 3419 652 3465 rei
677 3430 768 3469 auctor
791 3422 893 3483 luisset,
923 3427 1022 3475 deditus
1041 3426 1202 3475 Numantinis
1227 3440 1278 3475 uon
1298 3436 1338 3475 est
1358 3438 1483 3490 receptus.

417 3511 538 3559 Lustrum
573 3528 588 3560 a
621 3515 768 3564 censoribus
802 3518 931 3566 conditum
967 3528 1017 3577 cst3
1060 3534 1135 3568 censs
1173 3526 1232 3567 sunt
1263 3519 1359 3568 civium
1401 3523 1484 3585 capita

419 3589 569 3653 dccxiii
582 3605 827 3660 uccecxxxm.
864 3611 969 3660 sulvus
992 3586 1102 3661 nicus
1123 3627 1174 3660 ωε.
1195 3611 1312 3660 vassen
1331 3612 1358 3661 in
1380 3612 1483 3676 ntyrreo

416 3698 525 3759 subegit.
572 3698 608 3747 M.
629 3696 771 3751 Cosconius
794 3712 887 3767 praetor
909 3705 935 3751 in
964 3703 1074 3752 Thracia
1103 3720 1161 3753 cnm
1187 3703 1330 3753 Scordiscis
1362 3720 1484 3769 prospere

414 3791 543 3851 pugnavit.
581 3791 666 3850 Quum
693 3793 790 3841 bellum
815 3793 999 3844 Numantinum
1023 3797 1086 3844 vitio
1110 3798 1202 3846 ducum
1225 3812 1276 3847 non
1304 3797 1361 3845 sinc
1386 3800 1483 3862 pudore

413 3884 517 3946 publico
537 3885 647 3945 duraret,
667 3885 766 3935 delatus
785 3896 825 3935 est
843 3889 911 3936 ultro
924 3888 1036 3951 Scipioni
1050 3888 1175 3939 Africano
1193 3906 1208 3938 a
1225 3898 1315 3939 senatu
1335 3892 1482 3955 populoque

413 3976 530 4024 Romano
556 3977 717 4036 consulatus3
742 3993 817 4041 quem
841 3996 918 4043 quum
943 3980 979 4027 illi
1005 3995 1095 4044 capere
1120 3984 1152 4031 ob
1172 3983 1271 4044 legem,
1301 3998 1360 4046 quae
1380 3986 1482 4033 vetabat

414 4084 566 4131 quemquam
593 4070 684 4118 iterum
709 4071 839 4119 consulem
858 4072 926 4132 fieri,
951 4088 1012 4139 uon¹
1027 4075 1127 4131 liceret,
1156 4076 1221 4123 sicut
1246 4074 1324 4137 priori
1346 4076 1481 4125 consulatu

412 4159 512 4220 legibus
532 4160 630 4209 solutus
649 4167 695 4208 cst.
733 4161 834 4211 Bellum
859 4165 949 4213 servile
972 4167 997 4213 in
1019 4166 1107 4217 Sicilia
1134 4176 1217 4215 ortum
1236 4181 1314 4229 quum
1335 4168 1480 4231 opprimis

412 4253 561 4313 pratoribus
581 4267 630 4301 nou
650 4254 788 4316 potuisset,
813 4254 842 4305 (3.
862 4258 953 4306 Fulvio
979 4274 1030 4308 cos.
1052 4261 1200 4308 mandatnm
1219 4266 1267 4307 est.
1306 4260 1392 4309 Huius
1421 4260 1478 4309 belli

412 4344 510 4391 initium
536 4343 585 4393 init
607 4344 697 4393 Eunus
724 4361 825 4410 servus,
858 4351 960 4398 natione
987 4351 1072 4414 Syrus,
1104 4353 1154 4415 qui,
1181 4358 1314 4401 contracta
1338 4354 1476 4414 agrestium
