3475 5084
555 475 632 524 Liber
650 475 732 525 XLV.
782 476 826 533 (A.
846 476 908 527 chr.
931 480 999 533 167.)
1208 478 1267 535 255

236 658 367 715 militum
390 658 504 729 animis,
527 656 586 733 qui,
604 665 755 732 tamquam
778 658 887 717 nullum
910 659 940 717 in
961 660 1136 718 Macedonia
1155 660 1312 734 gessissent

235 763 368 834 bellum,
400 773 534 839 expertes
560 763 648 837 regia
677 764 783 837 proedm
809 782 924 821 ecesse
950 764 1184 840 indignabantur.
1231 765 1351 824 Oricis

235 886 303 925 cum
331 870 438 927 missas
469 886 533 925 cum
557 868 693 943 Scipione
713 869 824 925 Nasica
845 869 1038 949 Maximoque
1065 870 1124 927 filio
1147 870 1246 946 copias
1267 872 1311 927 iu·

233 976 386 1045 venisset,
420 974 548 1033 exercitu
572 974 602 1030 in
623 991 714 1031 naves
735 974 880 1049 inposito,
910 974 940 1031 in
963 974 1080 1033 Italiam
1107 975 1229 1033 traiecit.
1273 976 1352 1034 Ete

232 1091 305 1155 post
338 1099 450 1156 paucos
477 1079 540 1136 <lies
566 1078 704 1149 Anicius,
738 1088 882 1137 conventu
913 1080 1090 1154 reliquorum
1123 1080 1312 1156 Epirotarum

231 1186 493 1260 Acarnanumque
504 1193 580 1255 acto,
601 1184 744 1258 iussisque
754 1185 784 1241 in
795 1184 913 1243 Italiam
933 1186 1015 1259 sequi
1033 1186 1220 1261 principibus,
1239 1203 1312 1258 quo·

232 1308 300 1347 rum
322 1291 519 1366 cognitionem
531 1308 627 1347 causae
637 1291 745 1347 senatui
759 1291 933 1374 reservaret,
946 1301 974 1347 et
985 1290 1056 1365 ipse,
1068 1291 1192 1349 navibus
1205 1308 1312 1365 expec-

232 1396 319 1473 tatis,
343 1396 448 1470 quibua
465 1412 534 1452 usus
544 1394 752 1452 Macedonicus
769 1394 913 1452 exercitus
931 1405 1002 1465 eret,
1020 1396 1050 1452 iu
1062 1396 1178 1453 ltaliam
1191 1396 1312 1457 traiecit.

327 1499 404 1559 Cum
438 1502 501 1559 haec
532 1501 562 1557 in
595 1500 770 1557 Macedonia
801 1500 951 1575 Epiroque
983 1509 1067 1574 gesta
1098 1510 1181 1570 sunt,
1213 1500 1312 1575 legati,
1339 1497 1375 1552 10

234 1607 288 1681 qni
319 1626 387 1664 cum
409 1607 513 1665 Attalo
543 1605 582 1662 ati
608 1605 765 1662 finiendum
792 1604 900 1662 bellum
926 1605 1002 1662 inter
1028 1604 1133 1671 Gallos
1161 1616 1189 1663 et
1214 1625 1312 1681 ragam

233 1712 406 1771 Eumenem
433 1712 514 1770 missi
543 1720 639 1780 eraut,
667 1710 698 1768 in
726 1710 831 1768 Asiam
860 1719 1063 1785 pervenerunt.
1110 1711 1234 1769 Indutiis
1261 1729 1314 1786 per
1338 1708 1373 1763 ll

233 1819 368 1876 hiemem
397 1818 498 1890 factis,
528 1826 557 1874 et
588 1815 670 1874 Galli
699 1816 802 1873 domos
833 1816 966 1874 abierant
992 1823 1021 1873 et
1046 1834 1100 1873 rex
1130 1816 1160 1872 in
1192 1815 1314 1873 hiberna

235 1933 428 1981 concesserat
442 1925 620 1997 Pergamum
642 1920 784 1996 gravique
798 1923 902 1980 morbo
924 1940 1001 1996 teger
1022 1920 1126 1979 fuerat.
1171 1920 1233 1976 Ver
1254 1919 1313 1994 pri·

235 2048 323 2085 mum
354 2048 392 2085 ex
424 2030 512 2085 domo
541 2026 648 2085 excivit
674 2026 792 2100 iamque
814 2026 955 2103 Synnada
976 2034 1186 2103 pervenerant,
1217 2022 1312 2101 [cum]

235 2134 392 2191 Eumenes
407 2134 444 2190 ad
458 2134 566 2193 Sardes
581 2132 709 2206 undique
723 2132 880 2189 exercitum
897 2141 1093 2191 contraxerat.
1127 2131 1173 2188 Ibi
1188 2130 1314 2189 Romani
1340 2127 1376 2185 12

236 2259 308 2296 cum
335 2237 393 2316 [et]
419 2238 627 2308 Solovettium,
656 2238 758 2293 ducem
781 2237 954 2308 Gallorum,
982 2237 1108 2312 Synadis
1130 2255 1187 2292 aeae
1208 2255 1313 2311 compe·

236 2348 353 2414 rimant,
375 2364 405 2401 eo
425 2354 452 2400 et
471 2345 527 2417 ipai
548 2334 782 2415 ad'colloquium
810 2350 840 2398 et
860 2342 980 2400 Attalus
1008 2360 1073 2399 cum
1102 2342 1142 2399 eis
1165 2341 1313 2417 profectus

236 2460 296 2521 eet3
330 2460 428 2507 castra
448 2448 601 2508 Gallorum
631 2446 740 2504 intrare
768 2466 833 2504 eum
860 2466 920 2504 non
947 2448 1071 2522 placuit,
1100 2464 1136 2503 ne
1165 2446 1254 2503 animi
1276 2466 1313 2505 ex

237 2556 454 2631 disceptatione
481 2552 675 2619 inniterentur.
720 2554 755 2609 P.
779 2552 908 2609 Licinius
937 2570 1001 2609 cum
1029 2551 1129 2626 regulo
1158 2550 1311 2612 Gallorum
1340 2548 1374 2603 ¹3

237 2672 283 2718 eet
307 2662 438 2730 locutus,
467 2656 647 2729 rettulitque,
682 2655 854 2713 ferociorem
883 2675 948 2715 aum
976 2656 1158 2733 deprecando
1189 2655 1313 2725 factum3
1403 2696 1405 2702 -
1435 2655 1443 2666 ”

238 2775 270 2822 ut
294 2764 402 2829 mirum
425 2762 518 2822 videri
541 2761 648 2836 possit,
668 2761 821 2819 intentam
844 2764 998 2838 opulentos
1019 2780 1112 2839 reges,
1134 2764 1312 2821 Antiochum
1338 2758 1375 2812 14

238 2870 505 2943 Ptolemaeumqueq
525 2876 637 2925 tantum
658 2867 821 2943 legatorum
842 2870 1041 2927 Romanorum
1063 2870 1155 2926 verba
1176 2867 1312 2941 valuisse,

241 3200 386 3263 texpertis
402 3197 895 3265 lpradeesse(seocld.Mp.Em.614)
922 3200 1082 3259 &lonicum
1092 3202 1183 3249 missas
1215 3181 1313 3249 uinul-

241 3287 378 3335 uenissent
421 3286 481 3345 9‚4
510 3301 595 3336 cansa
612 3295 756 3335 reseruarat
772 3284 868 3337 Duker.
928 3288 1055 3348 5quibus
1073 3302 1139 3337 unus
1184 3285 1226 3345 10.
1245 3293 1260 3335 2
1280 3288 1313 3336 ad

240 3374 322 3421 finem
341 3373 401 3428 «lum
437 3374 507 3455 uini
525 3375 607 3423 asiam
641 3373 683 3432 11,
700 3380 715 3422 2
735 3372 797 3421 facti
812 3373 951 3436 {abierunt
1000 3380 1016 3421 3
1049 3381 1229 3423 concesserant
1255 3388 1314 3438 per·

241 3492 350 3540 gernum
377 3453 546 3542 pergreniqne
570 3476 576 3541 Ι
599 3476 703 3526 fuerunt
720 3491 767 3525 ner
812 3482 828 3523 4
857 3477 1083 3540 exciuitatiamqne
1114 3476 1214 3527 Videtur
1232 3478 1314 3543 fussee

243 3564 343 3613 excivit
360 3562 451 3613 Gallos
476 3565 593 3627 iamque,
619 3574 646 3613 ut
665 3563 733 3614 Creu.
752 3563 826 3613 serui
841 3562 923 3613 uoluit.
957 3562 963 3627 1
994 3575 1164 3628 peruenerant
1191 3580 1249 3613 cum
1268 3580 1313 3614 eu·

243 3652 328 3700 menis
351 3650 406 3714 My.
434 3651 493 3715 (cfr.
518 3651 575 3701 Em.
603 3650 662 3701 615.
686 3652 759 3717 eryt.
789 3666 846 3699 cum
865 3652 994 3701 Eumenes
1022 3650 1105 3701 Ninue
1122 3650 1207 3700 audax
1222 3652 1274 3711 nm,
1291 3652 1315 3701 si

242 3739 353 3802 suspicer
370 3737 467 3786 Livium
484 3738 623 3802 ecripeisca:
650 3747 676 3788 et
703 3735 717 3760 ³
731 3735 760 3799 ',
788 3740 906 3803 princeps
926 3740 1019 3787 ducum
1041 3739 1192 3802 Eumenisl)
1238 3744 1252 3787 5
1279 3739 1312 3788 ab

245 3824 330 3874 sardis
389 3824 432 3885 12,
456 3831 467 3874 1
500 3825 537 3875 ibi
556 3827 654 3875 romani
674 3841 731 3874 cum
750 3833 775 3874 ct
793 3826 958 3875 solouettium
980 3854 1013 3863 -·
1038 3828 1164 3890 synnados
1179 3826 1313 3876 adlocutus

245 3919 271 3961 et
288 3911 357 3960 talus
377 3910 432 3975 My.
453 3909 519 3977 (Gsr.
529 3912 586 3961 Em.
609 3911 667 3962 615.
691 3911 765 3977 Gryn.
785 3913 825 3961 Ibi
843 3922 869 3961 et
886 3914 996 3961 Romani
1015 3912 1185 3962 Solouettium
1200 3938 1231 3949 -—
1247 3912 1313 3975 Syn·

245 4000 320 4049 nadis
330 3998 445 4057 allocuti,
456 4006 483 4047 et
492 3999 610 4059 Attalus)
638 3999 793 4061 tproiectus
801 4000 847 4048 sed
857 4006 942 4048 castra
951 3998 1005 4064 Mp.
1013 3999 1069 4049 Em.
1081 3998 1132 4049 615
1150 3998 1241 4065 (Gryn.
1253 4014 1313 4061 pro·

246 4085 342 4136 iectus=
361 4085 420 4147 sed)
456 4083 499 4144 13,
519 4090 530 4133 1
552 4085 654 4133 licinius
672 4100 744 4134 cons.
763 4085 852 4148 regulo
883 4087 1087 4150 adeprecendo
1134 4085 1176 4146 14,
1195 4086 1211 4138 1
1231 4086 1312 4134 uideri

246 4180 336 4236 poseat
354 4171 410 4235 Mq.
429 4170 485 4220 Em.
508 4168 560 4220 615
595 4170 600 4236 Ι
633 4171 782 4221 anthiocum
799 4170 1003 4238 ptolemeumq.'
