3475 5084
537 534 617 583 niter
633 534 718 584 xnu.
756 533 803 597 (a,
824 532 884 583 cer.
907 532 979 596 ut.)
1195 537 1247 593 tot

230 720 375 779 Romanis.
411 719 537 777 ²Achaei
567 716 723 775 iuventutis
754 735 823 788 suae,
857 714 972 775 Cretico
1007 716 1136 776 maxima
1167 725 1292 789 armatu,

232 826 265 884 ad
285 826 364 883 mille
384 826 413 883 D
437 826 585 882 dederunt.

307 930 372 989 Sub
403 932 480 988 idern
514 940 627 1004 tempus
649 938 678 985 et
699 926 732 987 C.
754 928 907 986 Lucretius
929 936 1050 1001 praetor,
1088 929 1138 1002 qui
1169 930 1292 987 navibus
1335 913 1375 983 5ss

229 1045 349 1111 praeerat
370 1038 408 1093 ad
432 1035 660 1113 Cephalleniam,
681 1033 724 1090 M.
736 1032 872 1090 Lucretio
891 1032 982 1089 fratre
1004 1052 1068 1089 cum
1091 1035 1184 1091 classe
1205 1054 1293 1110 super

229 1142 352 1199 Maleam
386 1141 555 1199 Chalcidem
586 1141 666 1197 iusso
700 1148 807 1213 petere,
842 1138 906 1212 ipse
939 1138 1084 1197 triremem
1118 1141 1292 1210 conscendit,

229 1248 315 1304 sinum
358 1245 540 1305 Corinthium
585 1256 685 1323 petens
730 1244 767 1300 ad
814 1232 1062 1318 praeoccupandas
1105 1246 1134 1301 in
1177 1246 1293 1302 Boeotia

227 1373 277 1411 ras.
322 1354 454 1411 Tardior
481 1354 508 1410 ei
539 1351 688 1427 navigatio
713 1359 833 1426 propter
853 1350 1048 1406 infirmitatem
1072 1351 1202 1425 corporis
1228 1348 1291 1407 fuit.
1315 1343 1332 1399 2

227 1459 264 1516 Μ.
274 1459 440 1529 Lucretius,
462 1456 630 1516 Chalcidem
643 1455 808 1523 adveniens,
830 1472 894 1510 cum
912 1474 930 1511 a
942 1456 978 1515 P.
992 1456 1114 1512 Lentulo
1126 1456 1291 1513 Haliartum
1315 1450 1332 1504 3

227 1564 389 1638 oppugnari
422 1560 567 1629 audisset,
600 1561 729 1617 nuntium
752 1560 884 1635 praetoris
906 1560 1020 1631 verbis,
1055 1562 1105 1635 qui
1137 1562 1292 1618 abscedere

227 1688 286 1726 eum
308 1669 379 1725 inde
402 1668 524 1734 iuberet,
546 1665 631 1722 misit.
679 1667 847 1723 Boeotorum
871 1666 1027 1737 iuventute,
1050 1686 1114 1741 quae
1135 1686 1204 1742 pars
1227 1686 1291 1723 cum
1315 1660 1333 1712 4

227 1774 365 1833 Romanis
388 1775 497 1841 stabat,
519 1790 582 1828 eam
607 1790 667 1827 rem
690 1773 845 1847 adgressus
868 1771 999 1845 legatus,
1022 1791 1039 1829 a
1062 1773 1203 1829 moenibus
1225 1772 1318 1828 abs-'

227 1880 314 1936 cessit.
371 1880 445 1936 Hac
467 1878 563 1935 soluta
585 1877 698 1935 obsidio
719 1877 815 1934 locum
839 1877 921 1933 alteri
939 1896 1022 1934 novae
1037 1878 1181 1935 obsidioni
1203 1877 1290 1933 dedit.
1315 1866 1332 1921 5

227 1984 361 2059 Namque
402 1982 548 2058 extemplo
584 1983 626 2042 M.
653 1982 806 2039 Lucretius
845 2000 909 2064 cum
946 1984 1072 2040 exercitu
1111 1984 1225 2053 navali,
1261 1983 1293 2039 X

227 2090 553 2158 milibus‘armatorum,
575 2089 613 2145 ad
634 2090 690 2145 hoo
712 2089 826 2169 duobus
849 2089 965 2145 milibus
988 2088 1145 2181 regiorum,
1168 2089 1218 2162 qui
1239 2090 1292 2145 sub

228 2196 384 2252 Athenaeo.
406 2202 515 2264 erant,
537 2194 704 2251 Haliartum
740 2194 941 2272 circumaedit3
974 2194 1203 2268 parantibusque
1234 2194 1293 2251 iam

228 2318 396 2375 oppugnare
417 2301 584 2373 supervenit
613 2320 632 2357 a
653 2297 764 2382 Creusa
786 2308 903 2373 praetor.
959 2299 1009 2355 Ad
1031 2298 1106 2355 idem
1135 2297 1197 2355 fere
1220 2308 1292 2355 tem·
1315 2290 1332 2345 6

228 2422 276 2478 pus
299 2416 329 2463 et
351 2406 391 2462 ab
414 2405 500 2461 sociis
528 2424 619 2463 naves
643 2404 810 2463 Chalcidem
841 2414 1055 2470 convenerunt,
1089 2405 1152 2461 duaa
1175 2403 1293 2460 Punicae

229 2511 458 2584 quinqueremes,
482 2511 545 2567 duae
567 2513 604 2567 ab
626 2510 774 2567 Heraclea
795 2528 831 2565 ex
853 2511 951 2565 Ponto
974 2509 1123 2579 triremes,
1157 2518 1294 2583 quattuor

229 2613 419 2685 Chalcedone,
444 2617 562 2674 totidem
575 2616 683 2686 Samo,
706 2625 767 2672 tum
794 2609 921 2688 quiu'que
943 2614 1064 2672 Rhodiae
1087 2614 1294 2687 quadriremes.

230 2720 287 2777 Has
308 2731 435 2797 praetor,
473 2723 542 2796 quia
568 2740 712 2796 nusquam
739 2730 802 2777 erat
824 2720 999 2777 maritimum
1028 2719 1152 2789 bellum,
1185 2720 1295 2777 remisit
1318 2714 1333 2767 7

230 2826 319 2883 sociis.
369 2826 411 2884 Et
432 2825 468 2899 Q.
480 2826 608 2882 Marcius
631 2824 798 2883 Chalcidem
821 2826 945 2882 navibus
967 2825 1054 2895 venit,
1077 2824 1175 2900 Alope
1198 2836 1294 2901 capta,

230 2931 339 3003 Larisa,
362 2950 429 3006 quae
450 2929 600 2999 Cremaste
624 2931 737 3001 dicitur,
759 2940 938 3006 oppugnata.
986 2928 1059 2988 Cum
1081 2933 1129 2988 hic
1150 2942 1242 2989 status
1263 2932 1294 2988 in
1317 2924 1334 2979 8

229 3036 342 3095 Boeotia
364 3046 458 3107 esset,
484 3038 619 3107 Perseus,
642 3055 707 3094 cum
730 3037 769 3094 ad
790 3036 960 3112 Sycurium,
997 3036 1079 3103 sicut,
1098 3046 1164 3093 ante
1187 3037 1293 3093 dictum

231 3256 281 3323 Mp.
302 3261 360 3309 Em.
381 3258 444 3308 540.
485 3259 570 3308 Potuit
592 3260 663 3308 etium
689 3275 752 3307 esse:
783 3259 831 3307 alna
849 3260 925 3306 unius
944 3258 1026 3305 instar
1045 3257 1157 3318 (tantum
1183 3256 1215 3303 ab
1242 3260 1296 3304 tota

231 3356 302 3407 genta
320 3348 437 3411 equitum
455 3347 571 3407 venerat]
591 3354 616 3394 et
636 3346 827 3405 Thessalorum,
848 3360 955 3407 quorum
975 3352 1017 3393 cet.
1038 3341 1129 3408 (Crya.
1147 3342 1201 3390 AEt.
1221 3342 1255 3391 al.
1267 3358 1292 3391 u.

230 3433 311 3494 instar,
332 3441 457 3497 quantum
475 3434 532 3481 int.
552 3446 577 3494 g.
597 3434 712 3496 equitum
728 3441 795 3492 erat,
813 3437 942 3481 uenerant.
963 3438 988 3479 et
1007 3429 1190 3478 Thessalorum
1210 3430 1294 3478 omnis

232 3533 267 3581 aq.
278 3527 412 3585 separatus
422 3528 489 3567 erats
505 3534 558 3567 non
568 3535 593 3583 p.
604 3535 628 3582 q.
649 3534 693 3567 occ
712 3527 784 3568 erant
802 3520 900 3582 equites
918 3519 945 3566 in
966 3533 987 3567 o.
999 3518 1045 3577 R.)
1082 3516 1124 3579 10,
1136 3523 1152 3564 4
1163 3516 1194 3563 ad
1209 3516 1296 3565 milloa

232 3606 353 3655 dederunt
371 3605 471 3671 Kreyas.
501 3604 589 3669 (Grpe.
615 3607 647 3653 ad
666 3606 736 3654 milla
755 3607 825 3669 ded.)
875 3605 948 3665 LVI,
967 3603 1028 3663 1‚a
1054 3602 1241 3665 cephallaniam
1279 3609 1294 3651 3

232 3693 337 3743 maleum
357 3694 481 3742 calcidam
493 3689 496 3755 Ι
507 3699 604 3755 peteret
628 3699 644 3740 4
664 3691 815 3757 corintiuml
825 3691 1037 3756 preoccupandas
1063 3688 1112 3748 2‚l
1134 3689 1296 3737 tardioremi-

232 3781 360 3843 nauigatio
402 3780 428 3838 3,
450 3786 461 3827 l
482 3778 605 3827 calcidam
642 3778 777 3827 taudisse
798 3780 803 3840 Ι
824 3779 1006 3827 absconderem
1024 3778 1085 3848 ipde
1128 3775 1153 3834 4,
1175 3782 1186 3823 l
1207 3777 1297 3825 boeto·

233 3880 285 3915 rum
302 3869 461 3916 iuuentutem
497 3872 559 3913 tea
576 3879 628 3913 rem
666 3864 724 3925 5,1
751 3866 853 3914 obsidio
877 3866 949 3914 cuius
967 3855 1053 3914 locum
1090 3863 1243 3925 aexempm
1281 3868 1297 3911 4

234 3953 339 4002 atheneo
355 3953 485 4020 talianum
505 3952 669 4001 circumsedit
709 3950 734 4010 6,
756 3957 767 4000 1
788 3952 856 4001 idem
874 3952 960 4001 iacere
979 3960 1080 4015 tempus
1117 3954 1131 3997 2
1154 3950 1296 3998 calchidem

235 4057 315 4106 tduo
333 4058 384 4106 ah.
403 4062 420 4105 4
439 4057 580 4105 calcedone
598 4055 816 4104 totidemamutum
835 4056 948 4119 quinque
984 4053 1008 4112 7,
1026 4060 1038 4103 l
1053 4054 1117 4117 phas
1135 4034 1173 4118 pi.
1194 4052 1295 4117 Krsyrs.

237 4140 320 4207 (Gryn.
340 4144 521 4207 quadriremes.
549 4142 648 4191 Praetor
665 4142 720 4205 etc.)
764 4149 778 4190 2
798 4143 922 4190 calcidam
938 4142 942 4203 Ι
958 4141 1102 4205 halopetica
1122 4147 1196 4203 capta
1215 4138 1296 4186 daris-

236 4228 313 4290 adque
332 4237 454 4279 cremaste
482 4228 576 4295 (Crya.
604 4230 712 4293 Helops,
753 4227 827 4279 Gran.
856 4229 949 4292 Alope.
994 4225 1095 4277 Videtur
1111 4225 1192 4289 scisse
1210 4224 1296 4287 Alope

236 4310 377 4366 Phthiotica
395 4316 482 4381 capta)
517 4316 542 4377 8,
564 4322 575 4365 l
597 4322 678 4365 status
695 4317 722 4363 in
741 4315 782 4365 his
799 4316 826 4363 in
838 4316 926 4364 hostia
962 4319 976 4362 2
997 4312 1142 4363 succutiunt
