3475 5084
540 478 618 526 Liber
634 476 733 527 XLIV.
770 479 815 538 (A.
836 476 897 528 chr.
922 477 992 540 168.)
1203 482 1259 537 185

239 656 383 727 temptati,
403 658 582 718 obsidionem
605 660 776 735 panquam
798 661 904 718 dedara
925 678 989 719 sass
1011 660 1182 717 maluerunt.
1213 660 1305 719 Oara-
1328 666 1346 719 9

239 760 371 817 vantium
404 762 434 818 in
464 762 564 822 Caviis
592 766 737 824 Durnium
769 766 908 840 oppidum
945 766 1145 823 advenientem
1183 766 1306 841 burigno

237 865 364 937 accepit3
386 864 579 938 Car-mandis,
600 870 694 928 altera
713 871 792 939 urbs,
810 870 942 941 exclusit,
959 880 996 940 et,
1014 888 1075 929 cum
1096 889 1183 945 agros
1206 890 1305 929 eorum
1343 892 1348 897 ·

237 968 327 1029 elluss
347 983 490 1045 vastaret,
512 974 624 1049 aliquot
642 975 734 1051 palati
756 975 862 1033 milites
881 976 1038 1051 agrestium
1060 992 1202 1033 concursu
1217 976 1305 1033 inter·

236 1075 301 1134 lacti
321 1089 402 1135 sunt.
434 1080 503 1137 lam
523 1091 553 1137 et
567 1082 627 1156 Ap.
642 1079 791 1149 Claudius,
811 1080 973 1155 adsumptis
995 1080 1034 1137 ad
1055 1099 1120 1137 eum
1136 1080 1304 1150 exercitum,
1331 1088 1367 1139 ll}

237 1200 319 1255 quem
344 1185 486 1255 habebat,
509 1185 690 1243 Bullinorum
711 1197 740 1243 ot
756 1185 988 1260 Apolloniatium
1011 1194 1040 1243 et
1055 1185 1304 1260 Dyrrachinorum

236 1288 371 1360 auxiliis,
398 1289 547 1365 profectus
569 1310 607 1349 cx
627 1291 770 1360 hibernis,
795 1291 873 1348 circa
897 1290 1048 1349 Genusum
1068 1292 1185 1346 amnem
1208 1302 1305 1348 castra

235 1393 374 1465 habehat,
395 1396 496 1452 andito
517 1396 627 1454 foedsrs
648 1396 724 1453 inter
746 1398 857 1453 Persea
879 1408 908 1453 et
930 1395 1070 1454 Gentium
1092 1404 1120 1451 et
1142 1394 1304 1468 legatorum
1331 1404 1362 1455 11

235 1496 412 1556 violatorum
434 1501 541 1558 iniuria
562 1519 715 1570 accensus,
737 1500 844 1557 bellurn
866 1502 947 1559 haud
969 1501 1055 1559 dubie
1077 1500 1216 1557 adversm
1239 1518 1302 1557 oum

235 1613 380 1675 gesturus,
436 1606 560 1663 Anicius
588 1616 709 1682 praetor,
753 1624 789 1663 ao
823 1619 955 1681 tempore
991 1604 1157 1681 Apolloniae
1188 1606 1304 1676 auditis,
1331 1612 1365 1665 12

236 1724 296 1781 quas
316 1709 349 1765 in
372 1709 492 1784 Illyrico
514 1722 696 1785 gererentur,
723 1711 937 1786 promissisque
969 1711 1007 1768 ad
1033 1709 1162 1785 Appium
1192 1710 1315 1800 litteris,¹

235 1822 265 1867 nt
278 1831 311 1869 ss
334 1815 376 1871 ad
399 1813 550 1872 Genusum
573 1814 772 1891 opperiretur,
792 1817 891 1873 triduo
912 1817 1021 1890 etipse
1042 1816 1072 1871 in
1094 1824 1191 1873 castra
1216 1818 1304 1887 venit,

237 1928 262 1973 et
281 1920 320 1975 ad
343 1940 397 1990 ea,
428 1939 494 1995 quae
513 1921 651 1989 habebat,
675 1921 785 1977 auxilia
806 1940 820 1976 e
842 1922 1049 1978 Parthinorum
1076 1920 1225 1977 iuventute
1252 1922 1304 1978 ad·
1331 1920 1365 1974 13

235 2025 329 2081 iuncos
352 2026 469 2082 duobus
488 2025 603 2083 milibus
624 2025 751 2100 peditum
771 2036 801 2082 at
820 2024 965 2100 equitibus
994 2024 1124 2081 ducentis
1146 2025 1304 2099 (peditibus

237 2128 395 2203 Epicadus,
417 2129 562 2203 equitibus
577 2130 717 2205 Algalsus
731 2131 867 2206 praesrat)
890 2130 1014 2203 parabat
1037 2130 1141 2195 ducere
1162 2130 1191 2186 in
1206 2131 1303 2207 Illyri·

236 2250 306 2304 cum,
327 2234 461 2291 maxima
482 2245 514 2291 nt
536 2236 708 2293 Bassanitas
728 2236 855 2292 solveret
880 2234 1039 2291 obsidione.
1083 2235 1303 2311 Tenuit‘impe-
1329 2237 1363 2291 11

236 2347 293 2394 tum
309 2340 374 2396 eius
389 2339 472 2396 fama
484 2341 647 2397 lamborum
666 2340 842 2397 vastantium
858 2339 1033 2397 maritimam
1049 2358 1141 2396 oram.
1179 2339 1303 2397 LXXX

237 2454 315 2500 erant
347 2445 454 2515 lambi,
486 2454 606 2502 auctore
633 2445 805 2501 Pantaucho
832 2444 913 2502 missi
944 2443 962 2501 a
990 2443 1097 2503 Gentio
1132 2444 1170 2501 ad
1191 2444 1303 2519 Dyrra-

237 2548 387 2607 chinorum
408 2560 438 2606 et
451 2550 683 2624 Apolloniatium
706 2567 793 2623 agros
808 2548 1002 2625 populandos.
1046 2550 1123 2607 Tum
1149 2549 1250 2607 classis
1266 2550 1303 2607 ad
1329 2548 1365 2599 15

238 2826 265 2871 to
286 2836 331 2887 eo,
353 2816 537 2874 tradiderunt
557 2835 598 2873 se.

316 2923 465 2996 Deinceps
488 2931 517 2977 ot
540 2922 626 2979 urbes
640 2922 766 2996 regionis
788 2921 849 2978 eius
869 2922 945 2999 idern
968 2922 1124 2992 faciebant,
1146 2924 1302 2980 adiuvante
1345 2908 1384 2983 31

237 3022 451 3083 inclinationem
474 3026 636 3083 animorum
658 3026 811 3084 clementia
832 3029 859 3082 iu
883 3045 982 3082 omnes
998 3036 1027 3083 st
1041 3026 1150 3085 iustitia
1171 3030 1303 3104 praetoris

241 3286 264 3346 9,
275 3294 286 3337 1
297 3294 489 3342 scarauantium
509 3300 525 3342 2
538 3296 609 3345 cauis
637 3302 653 3367 {3
666 3295 741 3360 Gryn.
755 3294 903 3347 Caravantio
912 3296 915 3360 l
924 3282 1023 3346 alteros
1034 3296 1037 3361 l
1050 3306 1076 3345 ct
1084 3312 1161 3358 agros
1186 3302 1202 3342 4
1217 3295 1303 3346 effusa

242 3374 245 3432 1
255 3376 356 3440 aliquod
366 3377 370 3444 1
379 3381 512 3430 concursui
523 3380 665 3431 interfectis
683 3383 726 3442 10,
737 3388 753 3430 2
763 3396 839 3444 qnam
848 3382 852 3447 Ι
861 3384 1034 3439 bullaniorum
1044 3382 1127 3433 Drak.
1138 3382 1227 3447 (ὕψη.
1239 3384 1303 3431 Bul·

240 3458 595 3528 hunorumldnrracanorum
625 3474 824 3531 agenuussunnr
836 3467 1228 3535 Turnebuafflrynfianusuum)
1259 3469 1302 3529 11,

243 3552 347 3610 lprcsea
374 3552 481 3601 anubis
502 3552 773 3618 12,2praemissusquo
797 3554 1303 3618 aganusuumoperirstur13‚1auxitis

240 3637 395 3693 partinorum
413 3639 520 3687 iuuenta
538 3641 638 3691 duobus
656 3640 885 3705 1191115821.
905 3640 999 3706 (Gryn.
1014 3644 1117 3700 auxilia,
1136 3642 1302 3690 Partinorum

241 3717 372 3772 inventutis
393 3725 494 3773 duobus
514 3752 543 3760 —·
564 3736 679 3789 praerat.
698 3728 825 3789 Parabat)
871 3734 886 3776 3
907 3728 1021 3791 equitum
1059 3728 1223 3777 thassantis
1245 3727 1302 3776 Du-

242 3804 283 3854 bito
301 3807 330 3858 de
348 3810 449 3859 namma
458 3812 553 3874 sonna.
591 3811 633 3873 14,
652 3820 662 3861 1
683 3815 779 3878 impetn
819 3820 926 3863 torum
962 3819 1115 3875 3partauco
1131 3816 1136 3874 Ι
1152 3814 1302 3877 dyrracino·

242 3904 292 3940 rum
329 3896 379 3954 15,
406 3902 417 3944 l
445 3898 477 3945 ad
500 3896 533 3946 Ia
550 3897 597 3947 hoc
617 3916 675 3948 voce
699 3898 893 3963 dcaindfhlinm,
912 3907 939 3947 ut
955 3914 1017 3947 nunc
1034 3908 1075 3959 est,
1094 3900 1150 3949 130
1167 3898 1270 3959 rodiam
1285 3918 1302 3949 u

240 3980 349 4035 maiman
372 3983 457 4045 incipit
470 3983 637 4048 folium131.
681 3967 809 4035 Intercidit
822 3984 914 4049 solium
934 3985 1037 4047 mimum
1062 3986 1224 4049 quaterat'om'r
1246 3984 1302 4035 olim

245 4058 303 4112 XX
308 4065 333 4128 V,
351 4068 377 4116 in
395 4084 441 4131 quo
458 4071 550 4134 scripto
567 4079 621 4119 erat
637 4073 747 4121 marolio
765 4070 890 4121 lemborum
907 4072 938 4119 ob
953 4071 1039 4119 Anicio
1054 4071 1166 4121 victorum
1185 4080 1208 4120 ct
1223 4086 1302 4120 rerum

243 4154 303 4198 lma
322 4154 376 4217 φατ’
402 4164 531 4218 ooeptomm
558 4157 676 4220 (Appios.
700 4156 770 4221 lllyr.
799 4174 820 4205 c.
846 4156 876 4219 9)
883 4176 892 4217 ,·
929 4155 1024 4227 uidetur
1039 4158 1128 4221 juisse:
1156 4165 1242 4206 amoto
1269 4172 1301 4207 ao

245 4230 358 4303 (Gau).
395 4239 496 4300 XXXI,
515 4243 541 4302 1,
560 4249 575 4291 2
594 4243 781 4304 inclinatione!
797 4244 933 4293 elementia
955 4244 1037 4293 omnis
