3475 5084
479 534 516 586 76
739 527 817 576 Liber
834 526 919 576 XLII.
960 528 1005 586 (A.
1026 541 1050 575 u.
1071 540 1092 575 c.
1113 527 1186 588 583.)

434 710 502 767 itam
523 710 637 786 legatos
656 720 716 770 tres
735 712 779 770 ire
799 712 919 788 placuit,
942 713 981 772 Α.
1003 712 1187 770 Postumium
1209 711 1359 782 Albinum,
1385 710 1419 769 C.
1442 712 1508 768 De-

434 815 561 885 cirnium,
586 817 625 875 Α.
649 816 790 874 Licinium
812 818 955 877 Nervam.

351 908 391 979 36
517 920 674 978 Paridem
699 931 813 997 tempus
839 921 930 997 legati
957 922 995 978 ab
1022 938 1092 996 rege
1112 923 1222 980 Persen
1244 929 1394 979 venerunt.
1441 920 1509 977 Eos

433 1025 463 1081 iu
486 1025 624 1101 oppidum
646 1026 800 1084 intromitti
820 1046 879 1084 non
903 1026 1022 1102 placuit,
1044 1044 1109 1084 cum
1120 1026 1179 1084 inm
1198 1024 1305 1082 bellum
1317 1026 1381 1101 regi
1402 1043 1503 1083 sorum

334 1206 340 1217 ·
393 1128 464 1187 let
484 1119 695 1190 Macedonibus
717 1141 746 1189 st
767 1141 885 1190 senatus
907 1132 1053 1190 decresset
1084 1140 1113 1189 ct
1133 1131 1259 1206 populus
1280 1130 1420 1189 iussisset
1467 1132 1507 1188 In

434 1236 524 1293 aedem
547 1236 676 1294 Bellonae
696 1238 726 1294 in
748 1245 880 1294 senatum
894 1238 898 1246 '
912 1236 1069 1293 introducti
1096 1235 1144 1293 ita
1158 1236 1250 1293 verbu
1271 1235 1414 1293 fecerunta
1446 1235 1504 1292 Mi·
1565 1252 1566 1255 ’

433 1339 493 1397 rari
511 1342 623 1399 Persea
643 1360 753 1416 regem,
775 1342 845 1416 qnid
866 1340 897 1397 in
919 1340 1124 1399 Macedoniam
1148 1341 1291 1397 exercitus
1312 1340 1506 1415 transportati

395 1442 411 1498 3
435 1454 540 1503 essent
588 1445 621 1505 Si
642 1446 792 1521 impetrari
813 1465 833 1503 a
853 1455 956 1503 senatu
978 1456 1092 1521 posset,
1114 1456 1146 1503 ut
1167 1446 1188 1503 ii
1200 1454 1383 1514 revocentur,
1404 1462 1505 1520 regem

433 1550 470 1607 de
491 1551 611 1621 iniuriis,
633 1546 754 1626 siquas
776 1550 863 1609 sociis
884 1551 979 1607 factas
1001 1562 1199 1624 quererentur,
1221 1550 1362 1607 arbitratu
1385 1558 1506 1606 senatus

393 1654 409 1707 t
434 1654 651 1713 satisfacturum
673 1674 745 1713 esse.
813 1656 865 1730 Sp.
885 1654 1045 1725 Carvilius,
1078 1656 1117 1711 ad
1149 1674 1214 1712 enm
1246 1656 1340 1729 ipsam
1373 1674 1435 1711 rem
1466 1673 1505 1711 ex

433 1759 548 1819 Gracia
577 1760 715 1817 remissus
737 1760 775 1817 ab
797 1758 851 1818 Cn.
873 1760 992 1830 Sicinio,
1025 1759 1056 1816 in
1078 1768 1181 1816 senatu
1202 1768 1275 1818 erut.
1317 1762 1349 1818 Is
1370 1761 1504 1817 Perrhae·

433 1866 511 1922 biam
534 1873 732 1941 expugnatam
756 1864 863 1936 armis,
882 1864 1043 1923 Thessaliae
1064 1864 1176 1937 aliquot
1196 1865 1283 1921 urbes
1305 1872 1427 1939 captas,
1457 1881 1505 1920 ce·
1566 1894 1567 1923 ι

432 1977 505 2041 tera,
528 1988 592 2044 quae
614 1980 665 2026 aut
687 1979 787 2044 ageret
801 1979 982 2045 autpararet
995 1989 1058 2040 rex,
1080 1988 1145 2027 cum
1158 1978 1302 2045 argueret,
1324 1969 1504 2043 respondere

393 2072 410 2125 5
434 2073 471 2131 nd
493 2092 530 2131 aa
550 2074 640 2148 legati
661 2075 741 2134 iussi.
789 2076 953 2150 Postquam
975 2075 1165 2143 hsesitabant,
1186 2084 1327 2148 negantes
1348 2074 1406 2131 sibi
1427 2076 1504 2131 ultra

393 2179 410 2233 6
434 2179 592 2254 quidquam
616 2179 784 2237 mandatum
809 2198 887 2251 esse,
911 2181 982 2238 iussi
1002 2180 1168 2237 renuntiare
1189 2179 1260 2253 regi,
1295 2179 1444 2236 consulem
1467 2181 1504 2237 P.

434 2285 578 2342 Licinium
601 2285 683 2342 brevi
707 2304 772 2342 cum
795 2285 924 2342 exercitu
945 2282 1074 2341 futurum
1099 2285 1128 2341 in
1151 2284 1328 2343 Macedonia
1349 2300 1431 2353 esse3
1466 2283 1504 2340 ud

433 2406 519 2459 eum,
540 2390 565 2447 si
590 2388 759 2447 satisfacere
780 2390 810 2446 in
832 2390 930 2447 animo
953 2398 1044 2460 esset,
1066 2369 1192 2447 mitteret
1213 2390 1344 2465 legatos3
1376 2391 1501 2447 Romam

436 2495 514 2569 quod
535 2493 676 2569 praeterea
696 2495 832 2566 mitteret,
853 2513 913 2551 non
936 2513 1015 2564 esse;
1036 2496 1179 2552 neminem
1203 2514 1301 2553 eorum
1320 2513 1374 2570 per
1384 2494 1503 2552 Italiam

395 2599 477 2655 lire
497 2599 657 2658 liciturum.
715 2600 764 2657 Ita
794 2599 937 2670 dimissis,
971 2602 1005 2657 P.
1034 2600 1146 2658 Licinio
1180 2601 1291 2659 consuli
1322 2599 1505 2669 mandatum,

433 2703 511 2760 intra
532 2704 582 2760 XI
603 2704 679 2761 diem
701 2704 813 2760 iuberet
834 2722 898 2778 eost
916 2705 1004 2762 Italia
1023 2708 1180 2778 excedere,
1213 2716 1242 2763 et
1266 2705 1317 2778 Sp.
1341 2702 1502 2761 Carvilium

394 2805 576 2876 8mitteret,
609 2807 668 2881 qui,
699 2808 792 2863 donec
811 2826 917 2865 navem
940 2812 1183 2883 conscendissent,
1216 2808 1383 2869 custodiret.
1431 2810 1504 2865 Haec

433 2908 536 2965 Romus
557 2918 632 2980 acte,
651 2912 778 2968 nondum
801 2911 939 2987 profectis
959 2914 990 2971 in
1010 2915 1191 2990 provinciam
1212 2912 1388 2973 consulibus.
1437 2914 1502 2970 Iam

433 3010 488 3072 Cu.
511 3012 645 3086 Sicinius,
668 3017 727 3091 qui,
748 3017 920 3093 priusquam
934 3020 1105 3094 magistratu
1128 3021 1230 3091 abiret,
1253 3016 1442 3078 Brundisium
1466 3018 1503 3073 ad

432 3117 555 3176 classem
577 3129 607 3177 et
628 3122 665 3179 ad
687 3124 845 3181 exercitum
866 3124 1033 3199 praemissus
1061 3135 1141 3196 crat,
1177 3124 1305 3183 traiectis
1326 3124 1356 3180 in
1378 3122 1501 3197 Epirum

433 3223 462 3279 V
484 3223 599 3282 milibus
620 3228 759 3301 peditum,
781 3229 918 3285 trecentis
940 3229 1093 3303 equitibus,
1116 3231 1154 3287 ad
1172 3230 1368 3306 Nymphaeum
1390 3232 1419 3285 in
1432 3247 1504 3302 apro

391 3330 409 3384 9
432 3328 616 3403 Apolloniati
646 3341 744 3390 castra
774 3333 913 3391 habebat.
970 3335 1043 3391 lude
1071 3336 1202 3393 tribunos
1232 3352 1298 3394 curn
1323 3336 1355 3392 lI
1385 3334 1503 3391 milibus
1568 3328 1569 3413 l

432 3432 553 3491 militum
586 3436 624 3493 ad
658 3439 829 3513 occupanda
851 3440 1087 3498 Dassaretiorum
1122 3450 1150 3498 et
1178 3442 1345 3517 Illyriorum
1368 3440 1503 3510 castella,
1568 3452 1569 3517 j

1568 3550 1569 3579 l

430 3677 486 3721 tc.
506 3675 607 3723 decium
621 3673 674 3739 ῥίς.
711 3674 840 3736 XXXVI,
853 3677 879 3736 1,
901 3664 1020 3741 llegatoi
1056 3679 1105 3740 3,l
1127 3662 1256 3743 impetrari
1283 3694 1299 3727 a
1319 3686 1413 3728 senatu
1434 3688 1501 3729 esset

430 3760 601 3807 tarbitratnr
642 3760 667 3821 4,
691 3766 701 3810 l
723 3762 863 3813 caluirilius
880 3766 884 3825 Ι
900 3779 933 3814 ex
952 3767 1072 3829 graeciam
1121 3766 1187 3814 tin
1205 3772 1296 3815 senatu
1315 3772 1371 3814 erat
1389 3774 1465 3815 uerat
1479 3766 1502 3815 is
1568 3828 1569 3833 ¹

428 3845 570 3907 perrebiam
602 3847 742 3897 amasae
760 3848 866 3912 aliquod
902 3858 1048 3915 tparraret
1067 3849 1071 3914 Ι
1091 3852 1240 3915 responderi
1274 3850 1300 3911 5,
1322 3857 1333 3901 1
1352 3852 1501 3901 hesitabant
1568 3854 1569 3863 ¹

429 3945 455 4011 6,
474 3953 490 3995 t
508 3947 610 3999 licinius
657 3955 673 3998 8
695 3935 814 4000 mittsrde
857 3958 873 3999 4
904 3967 954 4015 quo
972 3962 1087 4018 preterea
1101 3955 1107 4017 Ι
1123 3962 1191 4004 esset
1217 3950 1297 4018 (Illud
1318 3956 1446 4004 neminem
1468 3982 1499 3993 ·-

428 4032 555 4083 liciturum
575 4036 656 4085 merito
673 4044 814 4102 medam.
864 4037 1027 4090 Robabiiitcr
1043 4040 1159 4090 Dukems
1176 4042 1280 4108 nemini
1309 4041 1377 4090 enim
1396 4040 1501 4105 eorum)

429 4118 454 4181 7,
480 4126 495 4169 2
523 4129 588 4171 ettra
605 4138 632 4171 xr
652 4124 719 4173 diem
766 4130 781 4173 8
805 4127 899 4175 nubem
921 4126 927 4189 Ι
949 4128 1106 4177 custodirent
1148 4128 1173 4189 8,
1199 4133 1213 4176 ⁵
1238 4142 1256 4176 n
1274 4128 1387 4192 peditum
1404 4128 1410 4192 Ι
1426 4144 1500 4193 nym-

427 4205 656 4271 iuumapollouiati
691 4210 719 4270 9,
739 4217 750 4261 l
772 4226 830 4261 cum
848 4227 866 4260 n
885 4212 957 4261 milis
993 4220 1007 4263 2
1027 4215 1341 4277 occupandassaratiorum
