3475 5084
544 474 621 568 aanor
637 517 735 567 xmv.
774 518 820 579 (a,
840 514 901 567 cnr.
925 517 995 581 raa>
1210 521 1264 575 ror

247 703 377 761 consules
409 704 447 761 ad
478 704 634 761 finiendum
667 704 785 761 tandem
817 703 846 760 id
880 704 986 761 bellum
1016 709 1155 759 crearent.
1204 700 1348 775 itaquel

246 811 362 864 senatus
378 808 540 865 consultum
563 808 672 866 factum
694 816 751 878 est,
780 819 812 865 ut
832 808 886 867 Cn.
911 806 1050 865 Servilius
1074 805 1168 879 primo
1193 824 1309 880 quoque

244 922 375 987 tempore
396 912 434 968 ad
456 914 575 971 comitia
596 914 731 972 habenda
752 914 872 973 veniret.
917 912 1041 972 Senatus
1057 912 1219 967 consultum
1241 908 1307 967 Sul·
1321 912 1348 967 ‘3

244 1016 333 1091 picius
355 1026 465 1091 praetor
489 1017 527 1074 ad
549 1019 697 1076 consulem
725 1021 799 1075 inicit
827 1020 987 1092 litterasque
1008 1017 1127 1073 consulis
1147 1025 1215 1091 post
1235 1016 1308 1090 pau·

244 1139 290 1177 cus
313 1121 377 1178 dies
398 1122 549 1193 recitavit,
579 1124 683 1197 quibus
708 1124 874 1181 antediem
896 1125 914 1160 ¹*
929 1125 946 1159 ⁴*
970 1123 999 1177 in
1022 1122 1122 1179 urbem
1145 1131 1306 1177 venturum.

243 1227 281 1283 Et
302 1227 405 1284 consul
431 1228 590 1284 maturavit
616 1236 645 1284 et
666 1227 785 1285 comitia
806 1247 841 1285 eo
863 1228 926 1298 die,
949 1226 999 1301 qui
1020 1227 1113 1283 dictus
1137 1234 1213 1295 erut,
1242 1234 1308 1281 sunt

244 1330 383 1405 perfecta.
431 1330 573 1390 Consules
595 1332 686 1391 creati
708 1332 741 1391 L.
763 1332 902 1389 AEmilius
924 1333 1035 1391 Paulus
1056 1331 1176 1401 iterum,
1203 1334 1347 1403 quartol

243 1435 365 1507 decumo
387 1455 466 1493 anno
488 1445 564 1511 pust,
593 1454 680 1511 quam
704 1436 798 1511 primo
820 1437 921 1497 consul
939 1436 1054 1509 luerat,
1077 1446 1106 1494 et
1127 1433 1160 1493 0.
1180 1434 1308 1492 Licinius

243 1538 378 1600 massus.
434 1542 580 1597 Praetores
607 1548 725 1615 postero
752 1540 799 1597 die
822 1540 893 1599 lacti
916 1541 969 1600 Cn.
991 1543 1104 1599 Baebius
1125 1540 1308 1617 Tamphilus,
1331 1546 1347 1599 5

244 1645 276 1704 L.
288 1644 416 1702 Anicius
436 1642 552 1713 Gallus,
577 1642 631 1701 Cn.
643 1643 795 1715 Octavius,
816 1648 852 1707 P.
864 1647 1005 1704 Fonteius
1017 1647 1137 1717 Balbus,
1160 1647 1200 1705 M.
1212 1646 1307 1703 AEbu-

243 1748 296 1804 tius
320 1746 747 1823 Elva,C.PapiriusCa1-bo.
796 1750 902 1809 Omnia
926 1762 958 1809 ut
980 1754 1121 1809 maturius
1145 1762 1307 1825 agerentur,
1332 1756 1349 1811 6

244 1852 309 1909 belli
332 1853 518 1911 Macedonici
539 1853 708 1912 stimulabat
729 1875 808 1917 cura.
845 1858 950 1931 ltaque
972 1857 1139 1931 designatus
1161 1855 1307 1931 extemplo
1332 1863 1346 1915 t

245 1959 340 2015 sortiri
362 1958 474 2033 placuit
502 1959 685 2034 provincius,
720 1969 767 2030 ut,
800 1980 884 2033 cum,
922 1964 978 2023 utri
1000 1962 1176 2021 Macedonia
1197 1961 1309 2019 consuli

244 2063 347 2138 cuique
369 2064 488 2139 praetori
507 2063 611 2121 classis
632 2063 791 2135 evenisset,
811 2066 948 2139 sciretur,
976 2078 1007 2126 ut
1028 2068 1091 2131 iam,
1109 2067 1176 2124 inde
1198 2066 1308 2142 cogita·

245 2179 535 2245 rentparareutque,
560 2188 624 2244 quaa
646 2169 722 2226 bello
744 2171 809 2228 usui
830 2171 942 2246 forent,
965 2184 1155 2247 senatumque
1177 2173 1308 2229 consule·

244 2284 317 2346 rent,
348 2274 376 2330 si
398 2293 457 2349 qua
478 2275 514 2331 de
532 2293 565 2331 re
586 2275 718 2332 consultu
740 2295 814 2352 opus
836 2287 921 2334 esset.
979 2277 1116 2345 Latinas,
1146 2276 1194 2333 ubi
1217 2276 1308 2349 magi·
1332 2272 1349 2327 8

244 2389 368 2437 stratum
390 2379 527 2449 inissent,
563 2380 642 2454 qnod
665 2398 718 2454 per
740 2381 895 2456 religiones
916 2389 1032 2456 posset,
1062 2378 1157 2454 primo
1192 2398 1308 2455 quoque

245 2493 376 2559 tempore
396 2484 458 2540 lieri
480 2484 605 2558 placere,
626 2484 752 2559 nequid
774 2487 931 2556 consulem,
953 2486 998 2542 cui
1023 2484 1147 2541 eundum
1170 2483 1309 2542 inMacc·

245 2586 362 2645 doniam
386 2597 470 2657 esset,
493 2597 612 2649 teneret.
654 2589 711 2646 His
732 2590 871 2661 decretis,
894 2590 1061 2647 consulibus
1085 2588 1172 2645 Italia
1194 2598 1222 2647 et
1244 2590 1309 2647 Ma·
1332 2590 1350 2643 9

246 2693 385 2764 cedonia,
414 2692 588 2769 praetoribus
610 2702 717 2768 praeter
736 2695 810 2751 duas
831 2696 1044 2753 iurisdictiones
1065 2694 1095 2752 in
1118 2696 1190 2751 urbe
1209 2695 1310 2751 classis

246 2805 273 2852 at-
293 2797 440 2873 Hispauia
468 2805 497 2853 et
518 2796 618 2856 Sicilia
648 2808 677 2855 et
700 2797 836 2856 Sardinia
864 2801 1022 2877 provinciae
1050 2799 1206 2857 nominatae
1235 2809 1310 2858 sunt.

246 2897 404 2959 Consulum
426 2901 550 2959 AEmilio
572 2903 756 2973 Macedonia,
779 2905 892 2962 Licinio
915 2905 1002 2963 Italia
1023 2907 1125 2965 evcnit.
1165 2906 1309 2963 Praetores
1335 2908 1370 2961 lo
1422 2909 1429 2915 ”

246 3004 296 3062 Cn.
319 3007 438 3064 Baebins
459 3009 619 3076 urbanam,
653 3008 686 3065 L.
710 3008 831 3066 Anicius
853 3009 1036 3084 peregrinam
1068 3020 1097 3067 et
1126 3010 1150 3065 si
1184 3028 1241 3084 quo
1264 3028 1308 3065 se·
1362 2990 1364 2993 Ι

247 3188 478 3197 w...—

248 3292 261 3335 3
280 3300 366 3339 tamen
384 3291 410 3339 id
441 3290 466 3349 2,
485 3294 501 3337 3
522 3289 640 3338 habenda
658 3274 676 3337 ln
696 3292 793 3339 ueniret
819 3292 845 3349 3,
865 3297 880 3337 2
900 3290 1031 3338 consulem
1050 3299 1108 3353 post
1128 3288 1211 3340 Weiss.
1234 3290 1308 3353 Gryu.

248 3377 383 3425 asteriscum
401 3375 462 3436 *locu
489 3376 608 3440 apposuit.
659 3382 675 3425 3
700 3377 768 3425 diem
786 3367 819 3425 'in
844 3378 932 3425 urbem
969 3372 1068 3439 Iuthru
1092 3375 1206 3423 sententia
1229 3374 1309 3424 iuius·

248 3461 311 3511 nudi
319 3464 379 3527 fars
389 3464 457 3527 suit:
476 3463 569 3524 quibus
587 3464 614 3511 iu
633 3478 657 3511 a.
671 3462 697 3511 d.
711 3460 844 3511 *comitia
861 3462 979 3511 edicebat
998 3462 1213 3525 promittebatque
1232 3476 1259 3511 ua
1276 3463 1310 3510 ad

249 3561 301 3597 eam
327 3550 397 3597 diem
420 3550 447 3597 in
471 3564 534 3597 mv.
562 3546 640 3597 Verba
662 3549 754 3598 lacertu
774 3557 836 3598 suut.
878 3547 904 3611 4,
926 3552 937 3596 l
959 3534 1075 3611 septumo
1094 3550 1204 3599 decumo
1225 3545 1333 3613 Siqua

249 3646 272 3708 5,
292 3656 302 3700 l
323 3659 419 3715 prator
438 3652 444 3712 Ι
465 3632 506 3699 cn.
525 3653 661 3717 pampilius
680 3650 764 3717 Siqua.
793 3652 881 3718 (Gryu.
904 3651 950 3700 Gn.
973 3652 1075 3701 Baebius
1093 3651 1256 3716 Pamphilus)
1294 3658 1309 3700 3

249 3736 360 3786 heluat.
381 3737 495 3801 papirius
543 3735 602 3797 7,2
627 3755 679 3802 sqq.
705 3739 803 3803 placuit
826 3738 1038 3802 prouideanteum
1065 3738 1114 3787 utri
1140 3763 1170 3773 —
1197 3738 1310 3787 uenisset

249 3821 373 3900 actitetur,
392 3848 421 3889 ut
438 3841 490 3888 iam
508 3839 565 3904 My.
583 3839 716 3890 unctu.
752 3840 823 3891 Furt.
839 3850 958 3905 prowm
974 3839 1140 3890 scribendum:
1159 3841 1274 3900 sciretur,
1293 3841 1310 3889 ii

250 3925 296 3976 iam
321 3928 381 3975 inde
407 3926 495 3990 (ὂψ.
520 3926 617 3988 placuit
638 3928 799 3989 prouincias,
828 3935 857 3976 ut
880 3929 982 3977 utri-
1001 3930 1113 3977 uenisset
1136 3929 1256 3977 sciretur:
1285 3936 1311 3975 ut

250 4028 297 4077 iam
315 4031 376 4077 inde
402 4053 443 4076 -—.
480 4026 533 4077 lt'd.
552 4027 635 4077 Bucil.
664 4030 802 4091 evenisset)
850 4037 866 4079 3
893 4032 944 4079 iam
972 4017 1039 4081 in'ide
1069 4031 1246 4093 cogitarentur
1296 4036 1309 4077 5

251 4114 269 4161 si
298 4131 349 4179 qua
376 4129 405 4163 ra
438 4114 521 4166 Weiss.
572 4114 602 4173 8,
627 4119 643 4162 3
669 4128 752 4178 nequa
783 4115 913 4164 consulum
932 4116 1037 4166 Furclrl.
1070 4116 1126 4166 Eua
1141 4113 1199 4165 570
1218 4116 1310 4180 (Gryn.

253 4215 329 4265 nequa
352 4201 484 4264 consulem
504 4227 535 4235 -
556 4201 647 4263 teneri)
694 4201 724 4261 9,
743 4207 760 4253 3
782 4201 866 4251 sicilia
893 4210 919 4251 et
937 4203 1004 4252 sardi
1031 4212 1057 4252 ct
1083 4204 1195 4251 sardinia
1232 4201 1274 4260 10,
1299 4206 1307 4249 1

253 4306 422 4354 macedoniam
438 4302 444 4368 Ι
458 4320 496 4368 pr.
513 4319 553 4353 res
571 4317 611 4352 cn.
