3475 5084
514 515 592 564 Liber
608 513 705 563 XLIV.
747 514 794 573 (Δ.
816 514 876 564 cur.
899 514 970 574 168.)
1171 516 1225 572 201

237 679 343 758 Albinus
371 701 527 759 consularis
559 702 663 759 ducere
696 703 835 760 adversm
878 700 1071 775 leucaspidem
1099 698 1272 775 phalangam

234 808 327 874 iussus3
347 827 381 865 ea
402 807 496 865 media
517 808 593 865 acies
615 808 739 865 hostium
761 807 825 867 fuit.
861 809 896 865 In
918 808 1051 865 dextrum
1074 826 1172 872 cornu,
1196 806 1272 865 unde
1296 804 1312 861 3

233 914 298 969 circa
317 913 430 971 fiuvium
455 914 638 971 commissum
662 914 793 990 proelium
816 923 893 985 erat,
925 912 1091 988 elephantos
1115 911 1225 971 inducit
1245 921 1274 970 et

233 1019 285 1075 slas
311 1019 467 1087 sociorum
500 1030 530 1077 et
557 1020 623 1078 hino
653 1021 776 1096 primum
807 1020 878 1096 fuga
906 1019 1098 1077 Macedonum
1129 1026 1172 1075 ost
1199 1027 1272 1079 orta.

232 1124 297 1181 Nam
318 1126 389 1183 siem
409 1126 549 1201 pleraque
569 1144 647 1183 novo
675 1134 838 1184 commenta
860 1126 1023 1183 mortalium
1045 1124 1074 1181 in
1096 1123 1192 1181 verbis
1213 1123 1271 1181 vim
1296 1126 1312 1179 4

230 1233 333 1294 hubent,
354 1232 537 1306 experiendo,
555 1251 618 1290 cum
638 1233 694 1309 agi,
713 1252 780 1302 non,
803 1232 1046 1308 quemadmodum
1064 1238 1177 1306 agatur,
1198 1230 1272 1287 edis-

230 1338 277 1393 seri
298 1347 419 1412 oportet,
440 1338 502 1395 sine
523 1338 581 1396 ullo
603 1335 706 1395 effectu
728 1348 913 1408 evanescunt,
934 1339 975 1395 ita
996 1349 1056 1394 tum
1079 1336 1222 1411 elephanti
1243 1335 1272 1392 in

228 1446 281 1501 acie
300 1464 404 1502 nomen
425 1454 535 1501 tantum
558 1445 620 1502 sine
642 1462 694 1501 usu
715 1442 839 1501 fuerunt
885 1445 1112 1520 Elephantorum
1135 1442 1273 1517 impetum
1298 1444 1313 1497 5

228 1552 361 1609 subsecuti
383 1560 451 1608 sunt
471 1550 542 1607 socii
557 1550 680 1608 nominis
694 1550 790 1607 Latini
808 1551 1036 1627 pepuleruntque
1052 1550 1154 1607 laevom
1173 1566 1271 1607 cornu.

228 1655 257 1713 ln
276 1658 367 1715 medio
389 1658 516 1715 secunda
542 1655 618 1732 legio
644 1656 763 1714 inmissa
786 1657 938 1733 dissipavit
958 1656 1147 1731 phalangem
1178 1672 1272 1729 neque
1295 1652 1312 1706 ὃ

227 1761 277 1818 olla
295 1764 455 1821 evidentior
481 1782 570 1822 causa
596 1763 724 1819 victorin
749 1762 819 1832 fuit,
841 1782 928 1837 quam
952 1762 1030 1836 quod
1052 1763 1142 1819 multa
1164 1761 1272 1837 passim

226 1859 317 1941 proeliis
338 1879 431 1939 erant,
455 1888 518 1944 quae
539 1871 723 1926 fluctuantem
745 1870 898 1926 turbarunt
913 1868 1017 1943 primo,
1039 1867 1141 1925 deinde
1154 1866 1273 1923 disiece-

226 1982 283 2030 mnt
304 1975 489 2050 phalangem,
511 1974 592 2032 euius
613 1973 748 2032 confertae
770 1983 799 2030 et
818 1973 934 2031 intentis
953 1972 1096 2029 horrentis
1117 1971 1207 2030 hastis
1230 1973 1273 2030 in·

227 2080 380 2139 tolerabiles
410 2081 486 2137 vires
518 2089 599 2149 sunt,
642 2080 666 2136 si
694 2081 815 2155 carptim
850 2079 1044 2155 adgrediendo
1078 2078 1273 2153 circumagere
1297 2078 1311 2130 7

225 2184 380 2244 inmobilem
403 2185 581 2261 longitudine
602 2195 630 2243 et
645 2186 789 2261 gravitate
803 2186 917 2243 hastam
941 2204 1038 2261 cogas,
1062 2184 1183 2242 confusa
1198 2193 1276 2242 strue

224 2291 405 2367 inplicantur3
432 2292 457 2349 si
483 2310 554 2349 vero
575 2300 627 2348 aut
647 2292 685 2347 ab
706 2291 797 2348 latere
819 2301 868 2347 aut
890 2292 927 2347 ub
949 2299 1031 2365 tergo
1048 2290 1155 2365 aliquid
1171 2290 1276 2347 tumul·

224 2406 262 2453 tus
288 2399 447 2474 increpuit,
483 2398 572 2455 ruinae
602 2397 689 2454 modo
721 2398 882 2454 turbentur.
935 2395 1016 2455 Sicut
1043 2404 1102 2453 turn
1137 2396 1275 2453 adversus
1300 2394 1316 2450 8

223 2505 384 2561 catervatim
406 2494 583 2563 incurrentes
605 2505 754 2561 Romanos
774 2511 802 2558 et
823 2502 984 2577 interrupta
1006 2501 1191 2560 multifariam
1215 2502 1276 2559 acie

221 2609 329 2667 obviam
354 2611 399 2668 ire
420 2611 608 2685 cogebantur,
631 2620 660 2667 et
670 2608 805 2678 Romani,
829 2626 1011 2682 quacumque
1033 2608 1103 2665 data
1124 2608 1277 2666 intervalla

221 2726 317 2785 essent,
327 2716 515 2773 insinuabant
526 2716 640 2774 ordines
652 2733 729 2772 suos.
774 2714 831 2787 Qui
844 2714 868 2771 si
882 2714 1018 2789 universa
1033 2714 1094 2772 acie
1108 2714 1137 2771 iu
1151 2714 1273 2791 frontem
1299 2715 1316 2768 9

222 2821 355 2880 adversus
385 2823 553 2880 instructam
585 2822 758 2897 phalangem
790 2820 1015 2886 concurrissent,
1038 2821 1117 2895 quod
1138 2820 1276 2895 Pelignis,

222 2928 357 3005 principio
385 2948 489 3004 pognoe
516 2928 630 2985 incaute
656 2927 817 3002 congressis
847 2926 986 2983 adversus
1020 2935 1145 2984 cetratos
1173 2928 1277 2995 evenit,

220 3032 375 3093 induissent
399 3052 430 3091 sa
451 3035 542 3092 hastis
563 3052 617 3091 nec
640 3031 798 3089 confertam
823 3033 914 3089 aciem
935 3032 1143 3090 sustinuissent.

263 3129 266 3133 Δ
299 3140 436 3199 Ceterum
465 3140 539 3196 sicut
569 3139 696 3214 peditum
725 3138 833 3214 passim
862 3139 955 3195 caedas
988 3139 1110 3206 fiebant,
1144 3138 1197 3195 nisi
1227 3138 1276 3212 qui
1318 3122 1359 3192 42

221 3420 235 3461 3
245 3430 313 3466 cous.
333 3416 359 3477 3,
371 3421 381 3464 l
393 3429 497 3463 cornum
516 3413 672 3476 telepantos
682 3412 768 3460 induci
777 3414 874 3463 stelias
882 3412 981 3479 Krcyrs.
989 3412 1078 3479 (Gryn.
1086 3411 1277 3474 elephantesin·

218 3502 284 3551 ducti
291 3512 317 3551 ct
324 3502 380 3566 ala)
398 3501 507 3563 aingem
529 3498 576 3558 4,1
589 3507 725 3548 conmenta
748 3500 900 3563 texpieudo
912 3500 1033 3549 Turnebus
1041 3498 1130 3563 tumn.
1139 3497 1276 3562 explendo)

222 3584 226 3646 l
242 3599 351 3652 agantur
366 3586 450 3654 Siqua.
489 3593 504 3636 3
521 3587 639 3651 elepanto
654 3602 725 3636 mace
738 3601 832 3636 nomen
845 3588 899 3635 sios
912 3596 983 3636 tanto
996 3602 1044 3636 usu
1055 3586 1129 3636 Hunc
1139 3586 1276 3635 sententium

218 3692 268 3724 cnm
286 3676 427 3726 commone
442 3691 530 3740 porum
544 3672 660 3722 colerere
680 3672 803 3723 Creusa-ius
820 3675 898 3723 sensit
930 3674 1044 3723 Fortasse
1057 3673 1171 3740 Polybius
1189 3690 1266 3722 norro

220 3773 291 3821 veut,
310 3763 455 3828 elephantos,
468 3762 513 3812 etsi
522 3777 606 3825 reapse
620 3760 681 3810 nituit
696 3760 823 3825 effecerint,
842 3770 919 3810 tamen
936 3770 1024 3810 terrore
1042 3761 1125 3811 iniecto
1144 3758 1278 3811 debilitosse

220 3865 381 3918 Maccdonas.
406 3874 422 3916 4
432 3866 507 3933 Grpu.
519 3865 621 3916 fueraut
644 3864 668 3924 5,
678 3872 693 3915 2
703 3867 778 3916 sociis
789 3865 890 3931 lleaom
912 3864 937 3924 6,
950 3865 1037 3928 liegio
1047 3866 1160 3915 inmossa
1178 3848 1276 3947 tfuit'tl

219 3986 320 4033 passum
365 3972 531 4021 aturbarent
576 3970 763 4035 tphalangem
782 3985 840 4019 cum
858 3971 898 4019 ius
918 3968 1038 4019 confertus
1055 3970 1206 4031 {horrendis
1253 3969 1278 4029 7,

220 4060 442 4123 tadgredieudos
478 4059 698 4121 tlougitudinem
718 4072 732 4106 e
751 4057 890 4121 grauidatse
907 4057 911 4121 Ι
926 4066 982 4125 true
1018 4058 1130 4121 saliqui
1166 4057 1278 4107 4modo

219 4143 465 4208 turbamlturbantnr
503 4146 529 4204 8,
548 4153 563 4194 2
582 4146 740 4195 incurrentes
757 4162 833 4209 supra
850 4160 866 4194 o
884 4146 1003 4211 scriptos
1047 4151 1062 4195 3
1082 4145 1183 4194 obuiam
1205 4145 1232 4192 in
1251 4159 1278 4194 re

220 4235 344 4283 tordius
365 4249 411 4284 sao
464 4234 493 4293 9,
513 4239 528 4282 t
547 4234 733 4283 concurrissent
750 4247 768 4311 p
787 4234 854 4297 quod
909 4234 1058 4283 siucauta
1120 4230 1234 4281 thastis
1252 4232 1277 4279 iu

219 4337 360 4387 confertam
