3475 5084
454 493 494 549 5⁶
726 486 805 536 aroer
822 485 907 536 xau.
938 486 985 550 (a,
1005 501 1030 536 a.
1051 501 1072 536 ο.
1093 486 1165 548 aaa.)
1197 471 1198 476 ’

412 671 623 730 administratio
644 672 682 729 ad
696 691 790 730 novos
807 672 940 731 consules
957 673 1063 730 reiecta
1083 682 1140 741 est;
1161 673 1191 730 in
1208 670 1362 748 praesentia
1381 679 1486 726 tamen

411 776 463 836 Cn.
486 778 624 835 Sicinium
647 788 814 852 praetorem,
845 778 926 835 cuins
955 777 1029 834 inter
1051 779 1128 836 cives
1150 788 1179 836 et
1200 777 1370 853 peregrinos
1394 774 1484 832 iuris·

370 886 387 942 8
410 883 498 939 dictio
510 893 581 951 erat,
599 883 725 940 scribere
745 883 847 940 milites
866 882 983 956 placuit,
1007 882 1055 958 qui
1069 884 1255 945 Brundisium
1273 881 1361 951 ducti,
1384 879 1483 954 primo

410 1005 527 1061 quoque
549 999 680 1062 tempore
702 987 890 1062 Apolloniam
920 987 948 1043 in
972 988 1092 1062 Epirum
1118 987 1308 1044 traicerentur
1329 986 1367 1042 ad
1391 1003 1483 1041 occu-

409 1093 523 1167 pandas
545 1093 705 1150 maritimas
727 1095 828 1163 urbes,
851 1093 902 1150 ubi
922 1092 1038 1162 consul,
1060 1093 1105 1150 cui
1130 1092 1280 1167 provincia
1303 1091 1484 1148 Macedonia

410 1197 590 1266 obvenisset,
618 1199 740 1255 classem
771 1197 918 1272 appellere
945 1207 1007 1253 tuto
1039 1209 1067 1254 et
1096 1199 1196 1272 copias
1218 1197 1482 1272 percommodum

369 1309 387 1364 4
410 1319 557 1375 exponere
578 1313 685 1377 posset.
728 1304 889 1373 Eumenes,
911 1302 1089 1377 aliquamdiu
1111 1303 1230 1378 AEginae
1250 1313 1378 1360 retentus
1401 1302 1481 1376 peri·

409 1405 510 1462 culosa
531 1417 560 1463 et
581 1407 691 1464 difficili
713 1409 871 1476 curatione,
894 1427 957 1465 curn
977 1408 1100 1482 primum
1120 1419 1182 1465 tuto
1200 1407 1303 1484 potnit,
1328 1405 1481 1480 profectus

407 1511 596 1585 Pergamum,
618 1525 724 1588 praeter
740 1514 891 1588 pristinum
912 1514 1009 1570 odium
1028 1514 1135 1571 recenti
1153 1514 1239 1571 etiam
1256 1513 1364 1569 scelere
1377 1511 1482 1569 Persei

369 1617 575 1680 5stimulante
608 1638 714 1675 summo
746 1621 776 1676 vi
812 1616 937 1694 parabat
965 1618 1080 1677 bellurn.
1125 1619 1229 1694 Legati
1252 1636 1286 1673 eo
1310 1618 1348 1673 ab
1371 1618 1481 1686 Roma,

368 1723 597 1796 agratulantes,
621 1724 698 1798 quod
721 1743 738 1782 e
766 1734 847 1781 tauto
876 1724 1004 1799 periculo
1027 1723 1183 1794 evasisset,
1207 1733 1357 1781 venerunt.
1403 1721 1480 1779 Cum

409 1829 629 1885 Macedonicum
655 1829 760 1885 bellum
784 1830 813 1886 in
834 1849 940 1886 annum
963 1829 1084 1885 dilatum
1107 1837 1192 1896 esset,
1218 1827 1320 1885 ceteris
1344 1827 1481 1902 praetori·

409 1933 463 1988 bns
485 1933 543 1988 iarn
573 1934 602 1990 in
624 1935 790 2009 provincias
818 1933 971 2010 profectis,
1000 1936 1041 1992 M.
1067 1933 1166 1989 Iunius
1188 1942 1217 1989 et
1239 1931 1289 2006 Sp.
1313 1931 1481 2003 Lucretius,

410 2037 514 2111 quibus
540 2037 691 2114 Hispaniae
719 2039 875 2115 provinciae
904 2040 1098 2107 obvenerant,
1120 2035 1277 2112 fatigantes
1298 2055 1376 2111 saepe
1399 2037 1479 2094 idem

408 2143 533 2217 petendo
553 2158 694 2215 senatum,
716 2147 831 2202 tandem
852 2143 1043 2218 pervicerunt,
1066 2154 1097 2198 ut
1115 2142 1345 2218 supplementum
1367 2143 1424 2199 sibi
1439 2144 1480 2200 ad

407 2249 564 2304 exercitum
577 2250 696 2308 daretur
707 2252 763 2307 tria
773 2251 853 2306 milia
863 2250 1001 2324 pediturn,
1011 2258 1123 2306 centum
1135 2256 1164 2303 et
1175 2247 1385 2322 quinquaginta
1395 2249 1479 2323 equi·

369 2355 385 2409 7
409 2362 452 2409 tes
463 2354 492 2410 in
506 2357 653 2412 Romanas
672 2356 814 2430 legiones;
833 2356 862 2411 iu
880 2354 1016 2411 socialem
1036 2353 1194 2411 exercitum
1205 2352 1234 2408 V
1247 2352 1326 2408 milia
1345 2355 1478 2428 peditum

407 2469 436 2514 et
458 2457 534 2516 CCC
558 2462 668 2535 equites
688 2460 832 2535 imperare
852 2461 939 2517 sociis
969 2460 1047 2516 iussi.
1092 2459 1159 2515 Hoc
1188 2457 1337 2532 copiarum
1368 2459 1398 2515 in
1422 2459 1478 2517 Hi·

406 2564 525 2638 spanias
549 2584 613 2622 cum
637 2566 808 2640 praetoribus
828 2566 912 2622 novis
935 2575 1080 2639 portatum
1104 2573 1156 2620 est.

325 2660 365 2733 19
491 2670 602 2726 Eodem
631 2689 726 2740 anno,
755 2670 824 2743 qnia
851 2691 904 2746 per
932 2670 1157 2746 recognitionem
1181 2667 1315 2727 Postumi
1348 2671 1478 2728 consulis

406 2791 514 2848 magna
537 2793 605 2847 pars
628 2775 691 2850 agri
711 2773 871 2850 Campani,
895 2795 981 2850 quam
1005 2775 1113 2849 privati
1134 2774 1196 2831 sine
1220 2772 1386 2831 discrimine
1407 2795 1478 2851 pas-

406 2878 460 2933 sim
490 2881 695 2952 possederant,
731 2871 903 2954 recrrperate
932 2881 962 2938 in
987 2881 1132 2955 publicum
1156 2889 1233 2948 erat,
1262 2878 1303 2938 M.
1321 2881 1477 2939 Lucretius

407 2984 539 3040 tribunus
569 2984 661 3060 plebis
690 2986 902 3060 promulgavit,
934 2995 966 3042 ut
996 3004 1097 3060 agrurn
1127 2984 1309 3060 Campanum
1339 3004 1477 3044 censores

365 3089 383 3145 2
407 3088 560 3147 fruendum
588 3090 731 3161 locarent3
763 3092 842 3165 qnod
868 3089 978 3147 factum
1008 3099 1051 3146 tot
1079 3090 1161 3147 annis
1188 3100 1255 3164 post
1277 3101 1393 3165 captam
1417 3091 1477 3149 Ca·

406 3212 494 3270 puam
517 3215 575 3252 non
597 3194 701 3266 fuerat,
725 3206 755 3253 ut
776 3198 806 3253 in
828 3215 922 3254 vacuo
945 3206 1104 3274 vagaretur
1122 3196 1263 3271 cupiditas
1282 3195 1475 3269 privatorum.

366 3301 383 3355 3
407 3298 480 3354 Cum
500 3304 527 3355 in
547 3302 748 3374 expectatione
764 3313 882 3360 senatus
900 3314 984 3371 asset,
1007 3301 1083 3358 bello
1099 3302 1152 3358 etsi
1165 3321 1222 3357 non
1233 3301 1352 3371 indicto,
1375 3297 1476 3360 taimen

406 3403 464 3459 iem
487 3405 619 3475 decreto,
649 3409 698 3482 qui
720 3425 820 3481 regum
842 3425 942 3470 suam,
972 3406 1074 3464 Persei
1096 3405 1146 3480 qui
1167 3407 1293 3464 secuturi
1315 3408 1475 3466 amicitiam

406 3520 510 3580 essent,
531 3509 621 3584 legati
638 3511 805 3570 Ariarathis
826 3530 948 3586 puerum
971 3513 1060 3569 filium
1080 3511 1157 3585 regis
1176 3527 1272 3568 secum
1295 3512 1474 3570 adducentes

404 3795 429 3855 2,
449 3802 464 3844 3
485 3812 507 3847 c.
528 3797 645 3846 sicinium
679 3798 728 3854 3‚l
750 3797 820 3845 ducit
848 3798 1030 3845 2traiceretur
1056 3795 1082 3856 4,
1102 3803 1112 3844 l
1134 3797 1216 3859 aegina
1244 3797 1426 3847 tatimulante
1448 3800 1475 3848 ui

404 3886 430 3945 5,
452 3893 461 3936 1
486 3891 518 3938 ab
542 3904 614 3938 roma
638 3889 798 3937 stimulantes
819 3889 888 3950 quod
921 3887 945 3946 6,
966 3894 980 3936 2
1001 3903 1153 3938 maconcum
1172 3889 1268 3937 bellum
1285 3890 1289 3950 Ι
1306 3889 1416 3938 dilatum
1433 3899 1475 3940 eat

405 3977 467 4022 din
486 3976 619 4038 prouincia
660 3981 675 4021 4
699 3972 813 4034 fatigatis
838 3973 938 4039 Krepsa
967 3972 1057 4040 (Crya.
1078 3974 1241 4037 fatigato...
1270 3974 1372 4039 senata)
1389 3978 1394 4038 Ι
1411 3991 1473 4041 sepe

404 4078 453 4136 'l‚l
475 4058 605 4142 dpeditum
633 4082 722 4125 3cnm
740 4092 777 4139 pr.
797 4079 870 4127 nouis
912 4077 987 4136 XIX,
1001 4078 1027 4136 1,
1042 4084 1052 4126 l
1070 4079 1317 4141 persecognitionem
1355 4078 1471 4145 ΜΨ).

404 4196 481 4246 quem
517 4181 719 4230 emarcuerant
736 4158 898 4246 lucruperata
933 4181 958 4240 2,
980 4188 990 4230 l
1013 4189 1051 4229 tot
1069 4181 1143 4230 annis
1162 4195 1213 4230 uon
1232 4188 1291 4244 post
1334 4182 1360 4241 3,
1384 4187 1472 4233 lenm

404 4267 583 4329 expectatione
619 4273 634 4316 2
654 4282 761 4330 regnum
780 4266 844 4330 (Cor
862 4284 922 4317 non:
941 4268 985 4330 qni
1003 4267 1121 4330 Perseil)
1157 4273 1172 4316 ³
1191 4268 1279 4317 arietis
