3475 5084
554 537 632 588 nuo
649 537 735 588 xcn.
772 540 818 601 (a.
837 537 899 591 car.
923 540 995 604 us.)
1231 547 1270 603 ss
1326 515 1331 522 ⁶

239 723 378 780 vitarum.
418 722 463 779 At
482 719 532 778 ille
553 739 638 778 arma
659 721 795 780 omnibus
816 723 933 794 ademit,
956 723 1093 799 oppidum
1116 726 1213 798 diruit,
1233 727 1313 803 ipsos
1337 729 1354 784 3

240 829 380 900 bonaque
401 843 503 884 eorum
529 826 673 896 vendidit,
705 827 875 901 litterasque
899 830 1012 887 senatui
1038 831 1076 886 da
1101 832 1188 888 rebus
1217 833 1256 890 ab
1282 851 1313 891 se

240 932 333 1006 gestis
354 930 442 988 misit
489 931 572 1004 Quas
593 949 658 988 cum
680 932 721 990 A.
742 932 851 990 Atilius
873 942 980 1008 praetor
1000 934 1030 991 in
1057 935 1137 992 ouria
1163 937 1313 995 recitasset
1336 937 1354 991 4

240 1038 323 1109 (nam
351 1035 454 1094 consul
479 1035 554 1093 alter
573 1037 758 1105 Postumius,
793 1036 873 1112 agris
904 1039 1146 1114 recognoscendis
1172 1041 1202 1097 iu
1225 1041 1312 1100 Cam·

239 1141 333 1216 panis
352 1148 527 1215 occupatus,
559 1141 684 1214 aberat),
706 1151 792 1198 atrox
816 1159 865 1199 res
891 1143 954 1201 visa
981 1144 1109 1214 senatui,
1137 1145 1312 1218 Statellates,
1336 1143 1354 1198 5

241 1246 293 1321 qni
316 1245 366 1303 uni
389 1265 427 1303 ex
448 1245 589 1320 Ligurum
622 1254 708 1320 geute
734 1264 794 1304 non
823 1247 955 1304 tulissent
981 1265 1065 1304 arma
1090 1247 1228 1307 adversus
1252 1252 1312 1309 Ro·

241 1369 362 1421 manos,
384 1358 446 1408 tum
471 1368 588 1425 quoque
609 1360 813 1426 oppugnatos,
840 1370 898 1410 non
921 1352 996 1410 ultro
1017 1349 1173 1412 inferentes
1195 1354 1310 1425 bellum,

240 1456 358 1513 deditos
384 1455 415 1513 in
442 1453 527 1512 fidam
549 1455 652 1532 populi
673 1456 800 1514 Romani
827 1456 907 1514 omni
930 1457 1038 1516 ultima
1059 1458 1238 1516 crudelitatis
1260 1477 1310 1516 ex·

240 1561 340 1637 emplo
361 1561 506 1618 laceratos
527 1579 563 1618 ac
575 1561 686 1618 deletos
700 1579 779 1632 esse;
800 1570 846 1619 tot
867 1562 947 1620 milia
966 1562 1093 1639 capitum
1118 1563 1312 1637 innoxiorum,
1336 1563 1353 1617 6

238 1667 329 1723 tidem
340 1665 528 1741 implorantis
538 1666 639 1741 populi
650 1666 786 1736 Romani,
804 1686 841 1724 ns
863 1667 928 1742 quis
950 1685 1088 1742 umquam
1103 1686 1136 1724 se
1148 1677 1252 1744 postea
1262 1670 1313 1727 de·
1396 1729 1399 1734 ,

239 1772 313 1828 dere
323 1771 453 1840 auderat,
464 1779 600 1846 pessumo
612 1771 746 1845 exemplo
761 1772 886 1840 venisse,
902 1779 930 1829 et
940 1771 1095 1830 distractos
1106 1773 1214 1848 passim
1229 1774 1312 1832 iustis

241 1875 391 1950 quondam
415 1876 547 1933 hostibus
569 1877 668 1952 populi
686 1876 812 1934 Romani
830 1895 919 1951 nuper
942 1877 1054 1953 pacatis
1077 1878 1196 1940 servire.
1231 1879 1312 1952 Quas
1337 1885 1351 1937 7

241 1983 281 2039 ob
302 1999 351 2038 res
370 1979 489 2056 placere
513 1980 636 2051 senatui,
659 1983 701 2039 Μ.
723 1981 870 2056 Popilium
893 1981 1040 2040 consulem
1063 1983 1196 2057 Ligures,
1218 1984 1312 2059 pretio

240 2085 423 2161 emptoribus
444 2084 568 2156 reddito,
590 2085 670 2160 ipsos
691 2086 844 2144 restituere
865 2085 895 2143 in
916 2086 1095 2156 libertatem,
1124 2089 1260 2162 bonaque
1281 2099 1313 2146 ut

240 2191 293 2261 iis,
327 2189 465 2264 quioquid
487 2191 548 2248 eius
569 2191 726 2266 reciperari
747 2192 857 2266 possit,
879 2191 1050 2261 reddantur,
1075 2209 1192 2263 curare3
1228 2213 1311 2252 arma
1335 2197 1352 2252 8

241 2313 353 2369 quoquc
374 2295 464 2364 reddi,
486 2314 573 2370 eoque
588 2298 681 2370 primo
699 2314 817 2371 qnoque
837 2305 969 2371 tempore
990 2295 1070 2367 fleri,
1091 2315 1144 2354 nec
1167 2305 1233 2355 ante
1245 2317 1313 2356 con·

241 2400 335 2457 sulem
359 2401 396 2456 de
416 2400 569 2475 provincia
598 2401 752 2471 decedere,
785 2419 873 2475 quam
907 2400 1020 2457 deditos
1047 2401 1076 2457 in
1104 2402 1202 2458 sedem
1231 2420 1312 2459 suam

243 2506 370 2580 Ligures
396 2505 578 2564 restituisset.
637 2504 756 2564 Claram
789 2505 942 2563 victoriam
970 2504 1112 2562 vincendo
1141 2514 1313 2580 pugnantes,

242 2627 303 2666 uon
324 2610 470 2667 saeviendo
492 2611 522 2667 in
544 2611 677 2669 adflictos
702 2611 775 2672 fleri.

327 2713 448 2785 Consul,
471 2733 529 2789 qna
549 2714 660 2772 ferocia
681 2715 770 2772 animi
791 2731 861 2771 usus
884 2722 947 2772 erat
961 2713 991 2770 in
1002 2711 1168 2787 Liguribus,
1191 2714 1311 2772 eandem
1376 2710 1397 2778 9

242 2821 282 2877 ad
303 2838 362 2876 uon
384 2820 545 2895 parendum
577 2820 691 2877 senatui
716 2820 825 2877 habuit.
886 2818 1065 2893 Legionibus
1092 2819 1239 2894 extemplo
1262 2819 1311 2877 Pi·
1335 2823 1352 2877 2

242 2943 292 2982 sas
312 2925 345 2981 in
363 2924 553 2982 hibernacula
571 2925 675 2996 missis,
697 2925 789 2981 iratus
809 2925 951 2999 patribus,
972 2923 1096 2981 infestus
1117 2924 1235 2999 praetori
1252 2927 1313 2983 Ro·

241 3048 322 3086 mam
354 3027 454 3097 rediit;
485 3014 645 3104 senatuque
677 3029 823 3104 extemplo
848 3030 887 3086 ad
922 3029 1013 3086 edem
1042 3029 1171 3086 Bellouae
1198 3037 1313 3100 vocato,

241 3133 343 3191 multis
369 3133 466 3190 verbis
493 3134 625 3191 invectus
656 3144 697 3192 cst
725 3135 756 3191 in
783 3142 955 3210 praetorem,
991 3133 1050 3207 qui,
1083 3151 1148 3192 cum
1183 3133 1221 3190 ob
1251 3151 1311 3189 ram
1336 3137 1352 3191 3

241 3239 321 3296 bello
343 3240 418 3296 bene
435 3248 559 3313 gestam,
580 3239 622 3296 nti
642 3240 698 3297 diis
718 3239 931 3297 immortalibus
951 3240 1045 3296 honos
1066 3238 1239 3306 haberetur,
1265 3255 1312 3294 re·

242 3494 507 3559 3,1aoi11etrnit
542 3496 666 3544 tuendit
712 3493 738 3554 4,
758 3500 772 3542 2
792 3491 996 3556 recognoscendis
1037 3497 1150 3540 ttatrox
1167 3505 1213 3539 rex
1253 3488 1311 3550 5‚1

243 3583 371 3632 satellites
407 3581 578 3631 3inferantis
622 3581 679 3642 6,1
701 3581 856 3629 innoxorum
892 3585 1049 3642 apossumo
1075 3575 1165 3642 (Gryn.
1185 3574 1313 3640 pessimo)

243 3675 260 3718 4
285 3668 388 3718 romani
415 3676 523 3732 pacatos
541 3668 597 3732 My.
621 3667 677 3717 Em.
697 3665 750 3717 512
775 3664 905 3730 (Hmoinp.
931 3665 975 3712 vix
996 3663 1103 3727 pecatis.
1133 3661 1208 3727 Grpe.
1236 3675 1314 3725 paca·

243 3755 288 3817 tis)
319 3753 345 3814 7,
365 3761 381 3803 2
399 3755 525 3819 popilium
544 3755 662 3804 consules
680 3754 791 3815 leigures
805 3752 895 3816 pratia
928 3750 1126 3812 tutisquiquod
1161 3748 1186 3809 8,
1209 3753 1220 3796 1
1241 3762 1314 3797 arma

243 3873 348 3923 quoqne
365 3864 481 3922 tempore
498 3857 552 3906 ficri
571 3857 627 3922 My.
641 3857 698 3906 Em.
711 3855 765 3906 ⁵12
783 3853 874 3920 (Grpe.
895 3869 967 3904 arma
986 3869 1010 3918 q.
1031 3859 1049 3902 t.
1069 3853 1123 3902 fieri
1142 3852 1169 3900 in
1188 3866 1219 3901 ea
1237 3859 1314 3920 gente

244 3962 377 4011 consulem
397 3988 429 3998 -
449 3975 508 4011 cum
526 3962 638 4021 deditos)
678 3959 886 4025 toppugnautis
917 3955 1023 4006 Clusina
1077 3953 1125 4014 IX,
1148 3954 1172 4013 1,
1201 3935 1312 4004 iconii.

245 4048 424 4112 tpareudnm
441 4047 491 4097 init
507 4049 607 4098 senatui
624 4047 716 4096 habuit
750 4047 801 4107 2,1
821 4045 941 4109 exemplo
978 4049 992 4090 2
1014 4041 1086 4091 missi
1102 4039 1107 4105 Ι
1122 4039 1231 4091 iniectus
1248 4054 1315 4104 prae·

244 4122 313 4200 torib
331 4149 417 4216 Siyou.
437 4148 527 4215 (Grya.
546 4151 711 4214 praetoribus)
728 4149 824 4199 eredit
860 4146 1034 4208 sanctusque
1048 4143 1054 4206 Ι
1069 4143 1185 4193 invectus
1204 4145 1230 4191 in
1250 4145 1313 4206 plae·

245 4244 334 4297 torem,
353 4252 368 4285 r
385 4231 468 4284 eodem
485 4253 644 4300 manusupra
655 4236 828 4301 smsptopostl
864 4233 891 4294 3,
912 4238 999 4281 lcum
1018 4231 1107 4282 orbem
1124 4229 1229 4280 bellona
1246 4229 1314 4278 bene
