3475 5084
467 528 506 589 34
738 516 818 573 Liber
834 513 905 580 XLI.
944 512 993 577 (Δ.
1012 525 1038 576 u,
1058 524 1080 559 c.
1101 507 1176 572 bem)

285 751 290 758 ·
385 717 403 771 3
426 726 546 775 consors
567 707 654 766 etiam
676 704 805 769 censoris
826 709 896 764 erat
930 698 1082 768 Consules,
1103 697 1179 758 votis
1200 695 1229 752 in
1252 692 1399 772 Capitolio
1418 715 1493 754 nun.

426 815 548 891 supanis,
569 813 599 871 in
620 810 786 888 provincias
801 806 925 885 profecti
944 813 1020 864 sunt.
1053 805 1101 865 Ex
1118 801 1153 858 iis
1171 801 1213 888 M
1227 798 1350 868 AEmilio
1373 811 1495 866 senatus

426 921 574 997 negotium
595 917 684 987 dedit,
707 924 737 973 ut
757 915 968 974 Patavinorum
990 910 1021 968 in
1038 905 1163 966 Venetia
1184 904 1354 964 seditionem
1377 905 1495 982 conpri-

427 1035 533 1097 meret,
562 1042 635 1100 quoe
664 1020 820 1080 certamine
846 1017 1007 1077 factionum
1031 1014 1068 1072 ad
1089 1012 1255 1072 intestinum
1276 1009 1384 1070 bellum
1407 1029 1496 1070 exar-

387 1140 404 1195 4
428 1133 514 1203 uisse,
541 1130 670 1205 ipsorum
692 1123 782 1199 legati
804 1122 977 1180 adtulerunt
1020 1118 1139 1198 Legati,
1165 1117 1214 1193 qui
1235 1117 1265 1173 in
1286 1116 1431 1174 AEtoliam
1456 1117 1496 1174 ad

429 1237 536 1296 similes
558 1240 653 1291 motus
682 1229 904 1304 conprimendos
925 1225 1033 1296 ierant,
1054 1224 1271 1294 renuntiarunt,
1293 1223 1421 1280 coerceri
1442 1242 1496 1283 ra-

429 1342 504 1403 biam
528 1340 621 1416 gentis
642 1357 701 1396 non
722 1354 819 1412 poseo.
861 1332 1015 1394 Patavinis
1040 1329 1126 1388 saluti
1145 1327 1201 1387 fuit
1225 1328 1366 1386 adventus
1389 1346 1496 1391 oonsu-

429 1447 480 1518 lis3
509 1463 605 1519 neque
631 1443 726 1514 aliud,
755 1441 834 1516 qnod
863 1447 965 1514 egeret
991 1438 1020 1494 in
1048 1436 1213 1513 provincia,
1244 1452 1308 1493 cum
1335 1433 1498 1504 habuisset,

391 1561 407 1614 5
430 1556 555 1612 Romam
577 1549 670 1609 rediit.
703 1545 846 1606 Censores
863 1545 927 1602 vias
949 1541 1118 1602 sternendae
1140 1540 1219 1598 silice
1240 1540 1270 1598 in
1292 1540 1372 1614 urbe,
1393 1539 1499 1614 glarea

331 1717 336 1726 ,
430 1667 515 1722 extra
536 1655 635 1718 urbam
657 1650 865 1708 substruendas
884 1648 1149 1724 marginandasque
1167 1645 1253 1722 primi
1270 1644 1397 1708 omnium
1415 1645 1498 1708 loca-

431 1770 550 1830 verunt,
581 1766 742 1834 pontesque
769 1756 866 1813 multis
888 1754 961 1812 locis
983 1753 1133 1812 faciendos
1160 1762 1189 1809 et
1210 1769 1334 1808 somnam
1363 1750 1499 1813 aedilibus

392 1875 410 1930 6
432 1865 661 1941 praetoribusque
678 1861 874 1938 praebendam,
890 1868 920 1918 et
935 1875 1066 1918 carceres
1083 1857 1113 1916 in
1131 1857 1217 1926 circo,
1239 1864 1268 1918 et
1284 1875 1341 1914 ova
1357 1856 1455 1919 adno.
1470 1901 1498 1916 ..

433 1970 580 2035 currimlis
601 1984 760 2029 numeran.
773 2006 925 2029 ........
947 1964 1025 2034 dam,
1041 1971 1069 2021 et
1084 1969 1175 2019 motas
1190 1969 1270 2020 trans
1282 2005 1289 2022 .
1303 2004 1310 2023 ,
1323 2004 1330 2018 .
1344 2004 1350 2024 .
1365 2003 1499 2025 .......

434 2083 462 2134 et
478 2047 584 2132 caveas
594 2073 705 2132 ferreus
716 2109 930 2134 ...........
944 2110 971 2138 ,.
989 2111 996 2124 .
1017 2067 1206 2127 intromittere
1219 2108 1498 2131 ..............

394 2191 409 2242 7
433 2178 513 2238 feriis
540 2178 570 2236 in
596 2185 693 2233 monte
714 2174 832 2234 Albano
861 2171 1043 2244 consulibus,
1065 2181 1094 2229 at
1114 2171 1218 2230 clivom
1238 2170 1434 2246 Capitolinum
1457 2171 1500 2230 si-

433 2285 488 2343 lice
517 2281 701 2340 sternendum
731 2285 914 2346 curaverunt,
940 2284 968 2332 et
992 2277 1134 2351 porticum
1164 2275 1201 2332 ab
1231 2274 1294 2333 aede
1318 2275 1439 2334 Saturni
1469 2275 1501 2332 in

399 2394 418 2430 ἱ
436 2387 612 2463 Capitolium
635 2386 673 2443 ad
693 2383 860 2447 senaculum
883 2397 917 2440 au
933 2397 1019 2455 super
1038 2379 1068 2437 id
1085 2383 1207 2452 ouriam3
1230 2389 1258 2438 et
1280 2389 1364 2441 extre
1381 2389 1500 2455 portam

444 2467 635 2563 Tfimmlnam
666 2488 826 2563 emporium
853 2485 951 2561 lapide
977 2493 1142 2544 straverunt
1163 2485 1366 2562 stipitibusque
1393 2503 1502 2560 empse-

443 2587 522 2648 runt3
545 2600 573 2638 0⁸
588 2595 731 2661 porticum
754 2591 907 2650 AEmiliam
928 2589 1110 2648 reficiendam
1133 2598 1279 2660 curarunt,
1301 2588 1504 2664 gradibusque

403 2690 420 2745 9
444 2699 594 2743 ascensum
617 2695 655 2745 ab
670 2694 773 2750 Tiberi
793 2695 823 2753 in
845 2695 1005 2768 emporium
1028 2693 1165 2754 facerunt.
1207 2693 1248 2752 Et
1271 2682 1501 2754 extrudendum

442 2794 557 2861 1³⁰ssssOE
568 2789 783 2858 inAvent'num
794 2807 809 2869 τ
821 2797 963 2872 porticum
980 2799 1060 2858 silice
1082 2803 1254 2867 straverunt,
1275 2805 1304 2857 et
1326 2816 1361 2854 so
1383 2799 1503 2874 publico

444 2986 555 3037 dedam
574 2991 699 3039 consortis
718 3000 773 3040 erat
823 2996 878 3055 &1
904 2995 1015 3046 consulis
1051 2997 1117 3048 uotis
1128 2997 1291 3063 etiamletiam
1303 3002 1331 3050 in
1367 3007 1503 3052 2senatus

444 3083 466 3150 c.
487 3067 541 3128 (De
558 3091 637 3123 errore
655 3075 680 3124 iu
693 3075 732 3126 M.
743 3075 845 3128 AEmilio
857 3083 901 3146 esr.
912 3081 967 3132 Em.
980 3081 1057 3145 508.)
1076 3091 1092 3134 3
1107 3083 1251 3144 onegotium
1268 3084 1273 3147 Ι
1288 3085 1392 3135 benetia
1420 3093 1436 3136 4
1449 3088 1504 3137 sac-

443 3170 830 3244 tionemlexarsiaseetipsorum
847 3181 939 3232 (ἔνευεν.
977 3183 1003 3244 4,
1023 3191 1038 3234 2
1057 3187 1146 3238 similis
1174 3165 1351 3238 3salutidt'uit
1395 3197 1506 3253 tagora

445 3262 541 3310 bredit
567 3259 592 3320 5,
611 3266 622 3310 l
639 3260 721 3324 gloria
747 3267 986 3319 2substruandams
1028 3277 1211 3324 seteesccnam
1248 3275 1401 3338 apraebend
1421 3279 1503 3344 ....Ι

445 3361 560 3398 carceres
579 3347 647 3398 Folii
662 3347 697 3398 18
716 3362 787 3412 paru
810 3354 859 3403 ima
877 3357 908 3404 ab
930 3357 1042 3406 anteriore
1061 3356 1133 3406 latero
1152 3359 1228 3410 adeso
1245 3370 1269 3409 st
1288 3361 1393 3420 Morbo,
1420 3362 1507 3413 dmuat

446 3431 471 3477 iu
489 3435 583 3498 popina
597 3434 703 3485 aduersu
720 3443 828 3486 merum
846 3440 929 3494 litera
949 3441 1042 3508 aliquot
1056 3460 1171 3504 uersuum,
1195 3447 1219 3494 in
1237 3463 1330 3504 auerso,
1348 3463 1403 3512 quoe
1420 3448 1507 3517 incipit

450 3511 503 3573 6,3
520 3534 537 3564 α
554 3518 649 3578 ferreis,
669 3520 754 3570 desiuit
769 3521 812 3581 12,
833 3522 892 3572 2iu
909 3530 1056 3589 porticibus,
1074 3529 1173 3594 primm
1192 3541 1249 3594 quot
1272 3531 1349 3581 decess
1365 3531 1506 3594 uideantur,

442 3601 538 3665 pennu
561 3601 709 3665 maminot,
737 3605 782 3654 sed
802 3619 902 3672 possunt
926 3625 975 3657 unu
996 3614 1115 3664 duabueue
1138 3615 1219 3680 plures
1241 3619 1398 3680 paucioresve
1414 3621 1505 3686 fuisse.

449 3685 567 3748 Grynoeue
583 3688 670 3751 spatio
686 3692 770 3740 uacuis
789 3694 896 3743 oneum
916 3711 971 3742 usus
990 3704 1030 3743 est.
1051 3701 1143 3766 (Grpe,
1162 3702 1322 3765 praebondam
1342 3712 1367 3752 at
1386 3720 1452 3756 euro.
1473 3707 1507 3756 Et

443 3775 705 3835 potueruntpauciorer
717 3772 799 3822 littero
807 3779 856 3828 eius
865 3789 934 3829 atate
952 3778 1053 3844 deense.)
1079 3781 1125 3842 6,1
1139 3788 1214 3851 Grpn.
1224 3789 1256 3836 sd
1270 3796 1344 3838 notas
1355 3793 1446 3841 curule.
1457 3795 1507 3842 aine

445 3857 531 3921 spon'o.
553 3856 633 3907 Num:
658 3860 812 3910 adnotandis
836 3878 903 3914 eurr.
931 3867 1163 3930 numerandisqne?
1206 3879 1221 3918 a
1241 3874 1333 3924 cubans
1349 3875 1505 3942 (Grynier-

446 3957 502 3992 reas
517 3958 549 4007 pe
581 3945 834 4004 intromitterentur)
885 3941 1014 4002 lierreis'
1027 3951 1110 4018 Siyou.
1164 3951 1187 4012 7,
1210 3960 1220 4002 l
1243 3959 1327 4006 silices
1373 3969 1388 4011 3
1410 3963 1503 4014 Orsum

446 4037 472 4078 ct
488 4030 634 4079 senaculum
662 4031 688 4090 8,
708 4037 723 4078 2
743 4034 895 4095 emptorium
914 4035 1024 4100 lapidem
1046 4036 1049 4100 Ι
1070 4039 1256 4103 stipitibusque
1273 4054 1408 4105 sepserunt
1447 4051 1474 4112 9,
1494 4057 1507 4100 ι

445 4114 585 4164 Perizonius
605 4116 641 4166 Et
662 4118 730 4166 intra
782 4121 943 4180 uportisum
967 4123 1050 4172 silices
1068 4124 1168 4191 Krepsa
1189 4127 1325 4190 auspicatur
1341 4131 1506 4182 arridendum
1572 4153 1573 4176 z

445 4209 546 4265 portam
564 4203 634 4251 viam
652 4203 678 4250 in
690 4205 784 4253 Avent-
804 4203 844 4252 til·
867 4212 942 4254 struv-
962 4217 987 4258 et
1004 4212 1128 4272 porticum
1148 4213 1215 4262 cliuo
1233 4212 1352 4266 Publicio
1376 4217 1420 4282 (ab
1432 4216 1510 4267 Part·
1572 4201 1573 4244 l

445 4287 511 4350 zon.)
530 4289 563 4336 ud
582 4289 661 4338 eedem
680 4288 713 4338 V.
733 4289 782 4338 fec.
