3475 5084
473 468 510 523 62
897 463 1028 515 Periocha

428 671 517 720 natus,
537 663 621 710 adhue
640 676 716 725 eques
735 662 879 723 Romanus,
899 666 966 727 quod
986 666 1050 715 nulli
1070 666 1221 727 contigerat,
1244 681 1276 713 ex
1295 666 1381 716 Africa
1396 671 1467 717 trium·

428 736 525 818 phar-it..
563 754 592 803 C.
604 754 740 803 Norbanus
759 757 900 806 consularis
918 760 1073 820 proscriptus
1093 759 1119 806 in
1139 760 1200 807 urbe
1213 758 1304 807 Rhodo
1324 773 1396 821 quum
1413 776 1468 809 eon·

428 848 634 911 prehenderetur,
663 848 716 911 ipse
744 863 772 896 aa
796 849 897 897 oceidit.
935 850 1057 909 Mutilus,
1085 866 1150 899 nnus
1176 865 1208 899 ex
1232 852 1391 915 proscriptis,
1416 853 1469 901 elam

429 942 511 1004 capite
528 942 651 1004 adoperto
670 940 702 988 ad
721 942 833 1004 posticas
850 943 916 991 aedes
936 942 1030 990 Bastia
1049 946 1136 993 uxoris
1155 959 1233 1006 quum
1253 946 1412 1003 accessisset,
1435 945 1470 991 ad-

429 1034 521 1083 missus
540 1049 591 1082 non
611 1041 655 1091 est,
684 1033 744 1097 quia
765 1033 835 1081 illum
854 1035 1022 1097 proscriptum
1043 1035 1153 1095 diceret3
1177 1036 1264 1099 itaque
1286 1037 1342 1099 ipse
1364 1052 1389 1085 se
1405 1044 1472 1085 traua·

428 1124 494 1175 todit
514 1134 539 1173 et
557 1125 681 1187 sanguine
700 1140 747 1174 suo
765 1124 833 1174 iores
851 1128 938 1175 uxoris
956 1129 1084 1191 respersit.
1131 1128 1203 1179 Sulla
1220 1133 1321 1190 †mtam
1339 1129 1366 1177 in
1384 1128 1473 1178 Samnio

428 1218 537 1281 recepit3
563 1216 666 1265 XLVII
687 1218 802 1279 legiones
820 1219 846 1265 in
865 1234 941 1281 agros
961 1200 1049 1283 uaptos
1069 1221 1189 1279 deduxit,
1215 1229 1239 1269 et
1263 1236 1308 1269 eos
1333 1222 1372 1269 his
1395 1222 1472 1268 divisit.

428 1310 587 1367 Volaterras,
607 1311 674 1373 quod
694 1312 817 1374 oppidum
836 1311 920 1359 adhue
940 1313 966 1360 in
981 1314 1057 1362 armis
1068 1324 1131 1373 erut,
1150 1315 1282 1364 obsessum
1296 1314 1323 1361 in
1336 1314 1473 1363 deditionem

428 1403 533 1465 accepit.
570 1401 700 1465 Mitylene
720 1418 821 1466 quoque
840 1404 866 1452 in
885 1405 957 1463 Asia,
977 1420 1032 1468 quae
1051 1408 1106 1455 sola
1125 1408 1187 1456 urbs
1205 1414 1263 1471 post
1280 1406 1376 1456 vietum
1388 1405 1474 1454 Mithri·

428 1495 513 1543 datam
532 1510 604 1543 arma
622 1496 755 1575 petinebat,
774 1504 926 1560 expugnatu
946 1497 1086 1561 dirutaeque
1107 1508 1173 1548 sunt.

849 1656 899 1704 EX
918 1657 986 1709 LIB.
1006 1658 1063 1708 XC.

497 1771 570 1821 Sulla
592 1771 715 1830 decessit,
742 1770 876 1836 honosque
903 1772 926 1819 ei
950 1788 965 1819 a
984 1782 1073 1821 senatu
1097 1775 1198 1825 habitus
1223 1786 1273 1835 est,
1302 1782 1332 1823 ut
1355 1776 1382 1823 in
1400 1788 1477 1837 campo

426 1864 520 1912 Martio
541 1864 695 1926 sepeliretur.
734 1863 901 1929 M.}Lepidus
922 1880 999 1928 quum
1019 1873 1077 1913 aeta
1099 1867 1177 1917 Sullae
1199 1875 1312 1917 tentaret
1339 1868 1476 1921 rescindere,

426 1956 522 2004 bellum
548 1956 684 2015 excitavit3
713 1972 728 2004 a
756 1954 786 2014 Q.
818 1956 910 2006 Catulo
936 1957 1035 2019 collega
1059 1957 1134 2007 Italia
1158 1960 1246 2023 pulsus
1271 1968 1298 2008 et
1322 1962 1349 2007 in
1373 1958 1477 2009 Sardinia

426 2047 520 2097 frustra
546 2048 642 2096 bellum
671 2050 773 2098 molitus
802 2051 884 2112 periit.
931 2051 967 2099 M.
994 2050 1102 2109 Brutus,
1132 2054 1174 2115 qni
1198 2050 1358 2114 Cisalpinam
1379 2050 1476 2099 Galliam

427 2142 572 2199 obtinebat,
601 2156 617 2188 a
643 2139 690 2190 Cn.
709 2141 833 2206 Pompeio
858 2144 960 2192 occisus
985 2152 1032 2195 est.
1079 2141 1110 2202 Q.
1132 2144 1259 2194 Sertorius
1283 2146 1438 2207 proscriptus
1457 2143 1477 2189 in

426 2233 545 2281 ulteriore
571 2232 695 2296 Hispania
725 2236 814 2295 ingens
845 2235 940 2283 bellum
972 2236 1099 2285 excitavit.
1146 2237 1177 2285 L.
1196 2238 1311 2286 Manlius
1342 2240 1437 2301 p'rooos.
1459 2242 1478 2283 et
1537 2264 1542 2285 t

426 2327 456 2376 L.
472 2326 603 2375 Domitius
622 2326 721 2387 legatus
740 2328 772 2375 ab
784 2327 911 2376 Hirtuleio
931 2335 1057 2407 quaestore
1075 2329 1166 2391 proelio
1181 2331 1241 2377 victi
1259 2339 1328 2380 aunt.
1366 2330 1478 2379 Praeterea

427 2435 468 2470 res
487 2436 503 2469 a
520 2421 550 2471 P.
571 2421 681 2471 Servilio
698 2434 797 2481 procos.
818 2420 938 2469 adversus
958 2418 1053 2469 Cilicas
1070 2429 1156 2483 gestas
1174 2423 1296 2471 eontinet.

843 2580 891 2630 HX
912 2581 978 2629 LIB.
998 2580 1069 2630 XCI.

497 2693 544 2743 Cn.
564 2694 702 2757 Pompeius
727 2710 804 2757 quum
830 2696 914 2744 adhue
939 2711 1015 2760 eques
1033 2698 1165 2745 Romanus
1192 2703 1272 2757 esset,
1307 2713 1367 2747 cum
1387 2695 1478 2761 imperio

425 2764 601 2852 proconsulari
620 2786 741 2833 adversus
760 2785 901 2835 Sertorium
920 2788 1013 2837 missus
1032 2797 1078 2837 est.
1129 2786 1386 2853 Sertoriuslaquuot
1414 2789 1477 2835 urbes

426 2881 584 2944 expugnavit
611 2879 785 2942 plurimasque
814 2880 929 2927 civitates
957 2880 983 2927 in
1004 2886 1158 2943 potestatem
1180 2894 1251 2929 suam
1273 2882 1384 2945 redegit.
1421 2882 1477 2943 App.

426 2972 550 3021 Claudius
567 2985 668 3035 procos.
690 2970 803 3019 Thracas
829 2971 944 3034 pluribus
963 2972 1058 3035 proeliis
1083 2972 1150 3021 vicit.
1193 2970 1224 3032 Q.
1245 2973 1371 3023 Metellus
1388 2987 1477 3037 procos.

424 3068 454 3116 L.
474 3064 637 3122 Hirtuleium,
657 3070 808 3127 quaestorem
828 3062 941 3122 Sertorii,
964 3079 1022 3112 oum
1041 3064 1155 3113 exercitu
1173 3065 1273 3113 cecidit.

835 3223 885 3271 EX
903 3223 970 3272 LIB.
991 3223 1075 3273 XCII.

495 3340 542 3389 Cn.
561 3341 700 3403 Pompeius
719 3340 797 3389 dubio
817 3348 911 3388 eventu
930 3354 987 3387 cum
1002 3338 1116 3389 Sertorio
1134 3337 1265 3401 pugnavit,
1284 3338 1322 3386 ita
1341 3346 1371 3386 ut
1388 3336 1477 3398 singula

414 3448 457 3482 .ex
474 3440 582 3496 utraque
599 3442 671 3495 parte
691 3447 788 3480 cornua
804 3432 920 3481 vicerint.
961 3430 991 3490 Q.
1006 3430 1126 3479 Metellus
1136 3430 1277 3480 Sertorium
1296 3439 1322 3477 et
1332 3430 1476 3493 Perpernam

423 3540 479 3574 enm
504 3527 604 3575 duobus
631 3525 785 3573 exercitibus
807 3524 898 3587 proelio
922 3523 1001 3582 ludit,
1029 3524 1101 3573 ouius
1125 3524 1239 3572 victoriae
1261 3531 1363 3588 partem
1385 3520 1476 3585 cupiens

421 3616 488 3666 ferre
511 3616 650 3680 PompeIua
677 3633 766 3681 pamm
790 3630 910 3679 prospere
934 3616 1065 3679 pugnavit.
1114 3616 1239 3669 Obsessos
1267 3616 1362 3665 deinde
1389 3612 1475 3662 Clunia

423 3710 550 3760 Sertorius
572 3710 681 3758 assiduis
700 3709 875 3773 eruptionibus
899 3723 951 3756 non
969 3710 1065 3757 leviora
1084 3710 1178 3757 damna
1193 3709 1374 3758 obsidentibus
1393 3705 1474 3755 intulit.

421 3802 549 3851 Praeterea
565 3817 603 3850 rea
622 3802 654 3849 ab
673 3800 785 3851 Curione
802 3816 903 3864 procos.
923 3802 951 3849 in
971 3802 1081 3851 Thracia
1099 3811 1184 3865 gestas
1206 3804 1329 3851 adversus
1352 3801 1475 3851 Dardanos

421 3894 496 3955 etQ.
518 3894 624 3944 Sertorii
643 3895 722 3942 multa
740 3895 854 3943 crudelia
879 3896 905 3942 in
923 3909 982 3943 suos
1001 3893 1069 3944 faeta
1094 3896 1220 3954 eontinet,
1249 3897 1291 3958 qui
1310 3896 1433 3959 plurimos
1449 3904 1474 3937 ex
1512 3948 1514 3955 Α

421 3987 510 4036 amieis
529 3993 554 4034 et
572 4000 659 4034 secum
676 3987 823 4050 proscriptis
842 3987 948 4035 erimine
966 3989 1118 4051 proditionis
1136 3988 1300 4037 insimulatos
1319 3988 1422 4037 oceidit.

822 4145 872 4195 EX
891 4146 958 4195 LIB.
978 4146 1076 4197 XCIII.

490 4260 520 4309 P.
541 4258 664 4310 Servilius
687 4274 787 4322 procos.
814 4261 840 4307 in
866 4262 958 4311 Cilicia
981 4263 1083 4313 Isauros
1109 4262 1207 4310 domuit
1232 4271 1258 4311 at
1282 4264 1383 4326 aliquot
1407 4260 1471 4308 urbes
