3475 5084
464 514 521 571 144
723 508 801 557 Liber
816 507 917 559 XLIII.
955 506 1001 571 (Δ.
1018 520 1044 555 u.
1063 520 1085 555 u.
1106 506 1179 570 idi.)

419 695 568 752 iuventute
589 580 948 772 Stratiorum‘m
979 710 1032 767 per
1057 692 1185 767 praesidii
1214 692 1343 766 speciem
1365 692 1500 749 amovit.

380 801 398 859 8
420 799 564 870 Perseus,
585 799 624 855 ab
644 797 860 856 imminentibus
883 797 1026 874 superiori
1046 797 1123 872 parti
1145 798 1225 855 urbis
1247 796 1369 855 tumulis
1392 804 1500 871 temp·

420 903 489 961 tatis
509 904 691 979 conloquiis,
716 921 781 961 cum
811 903 974 978 opstinatus
996 902 1092 977 adque
1115 904 1203 961 etiam
1225 904 1292 961 telis
1313 902 1419 977 procul
1441 920 1500 958 aa·-

420 1019 518 1068 centes
538 1010 665 1079 videret,
692 1010 820 1084 quinque
851 1006 933 1064 milia
954 1025 1092 1081 passuum
1115 1009 1154 1065 eb
1177 1009 1249 1066 urbe
1270 1018 1355 1065 trans
1376 1007 1502 1065 Petita-

380 1119 398 1174 9
420 1133 486 1172 rum
507 1132 621 1171 amnem
643 1114 741 1188 posuit
760 1123 868 1171 cntra.
908 1112 956 1169 lbi
977 1112 1099 1169 oonsilio
1120 1115 1276 1183 advocato,
1298 1131 1365 1169 cum
1381 1112 1500 1169 Arrhi-

419 1220 524 1277 damus
544 1217 793 1292 Epirotarumque
811 1215 971 1292 tnmfuge
991 1218 1162 1289 retinerent,
1185 1217 1383 1275 Macedonum
1406 1216 1498 1291 prin-

420 1323 500 1398 cipue
525 1340 586 1379 non
613 1323 802 1398 pugnandum
828 1340 895 1379 cum
927 1320 1034 1379 infesto
1061 1332 1192 1397 tempore
1224 1322 1294 1380 anni
1326 1330 1499 1390 censerent,

362 1436 398 1489 10
419 1428 506 1485 nullis
526 1428 698 1502 preparatis
719 1427 929 1485 commeatibus
963 1444 1028 1484 cum
1058 1426 1187 1503 inopiam
1216 1428 1298 1502 prius
1320 1427 1500 1485 obsidentes

421 1552 510 1608 quam
542 1532 654 1589 obsessi
685 1532 798 1590 sensuri
825 1540 939 1602 essent,
974 1532 1118 1603 maxime,
1150 1532 1230 1606 quud
1258 1533 1387 1589 hostium
1410 1532 1500 1589 hand

421 1638 524 1714 procul
543 1637 611 1694 inde
631 1638 754 1695 hiberna
774 1646 867 1706 erant,
889 1637 1251 1713 territnsinAperentiam
1273 1648 1372 1695 castra
1386 1638 1497 1695 movit
1567 1708 1568 1715 ἵ

362 1753 395 1807 ll
421 1744 670 1819 Aperantiam,
699 1752 820 1817 propter
841 1740 1013 1801 Archidami
1044 1762 1180 1818 magnam
1203 1745 1232 1801 iu
1253 1762 1289 1801 ea
1310 1753 1400 1819 gente
1422 1762 1498 1819 gra-

421 1850 493 1907 tiam
516 1848 793 1921 auctoritatemque,
828 1864 970 1904 consensu
993 1847 1120 1904 omnium
1144 1859 1331 1923 acceperunt3
1366 1849 1394 1905 is
1427 1848 1497 1923 ipse

421 1972 487 2011 enm
509 1952 740 2026 octingentorum
762 1952 885 2009 militum
908 1952 1043 2027 presidio
1064 1952 1100 2008 iis
1123 1963 1168 2009 est
1187 1951 1372 2028 prepositus.

337 2050 378 2120 23
504 2059 571 2116 Rex
594 2074 658 2114 cum
680 2076 733 2115 aua
754 2056 866 2113 minore
888 2056 1043 2114 vexatione
1063 2056 1256 2113 iumentorum
1268 2056 1499 2131 hominumque,

421 2182 510 2239 quam
530 2170 660 2231 venerat,
681 2162 712 2219 in
733 2162 939 2219 Macedoniam
960 2161 1055 2223 rediit.
1102 2160 1234 2237 Appium
1256 2173 1356 2219 tamen
1376 2163 1419 2219 ab
1437 2163 1497 2219 oh-

420 2269 533 2327 sidione
553 2269 704 2326 Phanotes
724 2265 807 2325 fama
827 2267 959 2325 ducentis
982 2268 1021 2323 ad
1042 2267 1173 2326 Stratum
1195 2268 1296 2325 Persai
1320 2268 1497 2327 summovit.

379 2373 537 2445 iclenm,
563 2392 629 2431 curn
651 2372 786 2448 praesidio
807 2372 988 2447 inpigrorum
1010 2373 1146 2431 iuvenum
1169 2372 1332 2443 insecutus,
1362 2373 1421 2431 sub
1442 2390 1497 2430 ra-
1568 2442 1569 2451 χ

420 2479 534 2537 dicibus
557 2496 650 2554 prope
677 2476 764 2535 inviis
794 2477 936 2535 montium
966 2478 1005 2535 ad
1034 2478 1113 2535 milla
1138 2478 1286 2535 hominum
1310 2496 1348 2536 ex
1370 2478 1495 2553 agurius
1568 2458 1569 2471 ἵ

380 2581 397 2636 3
419 2581 548 2657 inpedito
570 2581 691 2651 occidit,
712 2582 912 2639 adducentes
935 2582 1021 2658 cepit.
1069 2583 1199 2659 Appius,
1226 2584 1373 2658 superatis
1394 2601 1495 2659 angn-

419 2685 492 2757 stiis‚
511 2687 544 2744 in
565 2704 680 2759 campo,
701 2704 788 2760 quem
809 2687 947 2745 Meleona
967 2697 1092 2759 vocant,
1114 2688 1222 2745 stativs
1243 2689 1356 2747 dierum
1377 2708 1495 2764 pauco·

420 2809 484 2848 rum
508 2790 620 2848 habuit.
667 2790 786 2848 iuterim
808 2789 925 2863 Cleuas,
947 2793 1102 2869 adsumpto
1121 2794 1317 2864 Philostrato,
1343 2793 1394 2867 qui
1419 2794 1496 2869 Epi·

420 2904 552 2952 rotarum
573 2903 690 2969 gentem
711 2895 851 2967 hahebat,
871 2896 902 2954 iu
925 2915 1027 2973 agrum
1049 2898 1278 2973 Antigonensem
1300 2897 1494 2955 transcendit.

381 2997 399 3049 4
421 3000 600 3059 Macedones
621 3000 659 3056 ad
681 3000 936 3076 depopulationem
958 3002 1095 3078 prolecti3
1123 3003 1320 3061 Philostratus
1347 3021 1415 3059 cnm
1441 3020 1495 3059 co·

421 3108 505 3165 horte
531 3123 587 3162 sua
612 3104 643 3161 iu
669 3104 781 3162 insidiis
813 3106 880 3165 loco
902 3110 1028 3166 obscuro
1050 3110 1188 3168 consedit.
1234 3110 1270 3167 In
1292 3108 1410 3183 palatos
1433 3126 1490 3183 po·

420 3212 569 3288 puletores
591 3229 657 3267 cum
676 3212 840 3288 erupissent
860 3214 900 3270 eb
924 3214 1092 3288 Antigonea
1113 3214 1234 3284 armati,
1262 3212 1409 3288 Mgientss
1439 3230 1492 3270 eus

422 3485 572 3534 tadmonit
611 3484 673 3542 8‚2
698 3481 832 3545 conloquia
846 3482 852 3544 Ι
867 3482 981 3544 argentia
1024 3488 1163 3546 sparsum
1203 3482 1228 3541 9,
1251 3488 1261 3531 l
1287 3482 1437 3532 arcidamus
1475 3489 1491 3530 2
1569 3524 1570 3539 2

422 3571 616 3621 macedonicum
652 3567 694 3627 10,
714 3574 729 3616 2
748 3568 857 3617 obsesso
874 3568 975 3617 censuri
990 3564 996 3632 Ι
1011 3574 1056 3617 aut
1072 3566 1163 3632 procul
1198 3567 1265 3628 11‚l
1289 3568 1488 3631 aperantitocum

423 3651 824 3722 (Grya.Aperantii)lachidami
852 3655 1085 3717 soctinguntorum
1104 3654 1212 3702 millium
1223 3652 1352 3719 (siollhis
1387 3654 1491 3715 xxm,

422 3743 448 3801 1,
469 3748 480 3791 l
503 3756 563 3791 eum
581 3743 679 3792 minure
689 3740 834 3790 Fleiarlcm.
845 3739 959 3791 etDruk.
997 3744 1012 3788 2
1032 3740 1098 3789 redit
1112 3740 1117 3801 Ι
1132 3748 1218 3789 tamen
1236 3740 1371 3790 absidione
1388 3741 1493 3791 lanum

423 3828 756 3889 transsumentem
798 3826 919 3890 sucepit
962 3825 988 3884 3,
1010 3832 1021 3875 l
1042 3828 1169 3890 angustiis
1187 3842 1263 3890 quem
1281 3829 1308 3875 in
1326 3842 1419 3892 campo
1438 3843 1493 3877 mc·

422 3917 501 3965 leona
527 3914 619 3981 (Gryu.
638 3917 665 3964 in
683 3929 774 3977 campo
793 3926 869 3974 quem
887 3911 1000 3976 Eleona)
1041 3918 1057 3963 ³
1083 3914 1171 3975 glebas
1196 3914 1334 3977 absumpto
1377 3922 1491 3975 tgenta

423 4003 536 4052 habebat
570 3999 728 4052 Serdmduar
753 3996 848 4048 uidetur
871 3998 1034 4065 Epirotarum
1059 4000 1214 4064 quingentos
1236 3998 1292 4049 Em.
1311 3998 1368 4050 558
1394 3998 1489 4063 (Kuel-

424 4088 587 4153 Epirutarum
613 4088 697 4151 gentis
714 4085 860 4148 cohortem)
881 4086 887 4149 Ι
908 4086 1102 4147 antigonensam
1127 4085 1240 4136 habebat
1259 4087 1419 4136 transcendit
1465 4086 1492 4145 4,

427 4174 583 4278 taprolecti
606 4191 756 4255 piloatratua
802 4194 817 4236 2
844 4188 935 4237 inscidi
963 4189 994 4238 da
1011 4190 1070 4239 locu
1085 4190 1090 4253 Ι
1105 4172 1233 4253 poialstos
1278 4190 1440 4253 scrupissct
1457 4192 1490 4239 ab

424 4276 600 4358 erogatorum
619 4310 716 4343 armam
735 4291 861 4355 fugientes
