<?xml version="1.0" encoding="UTF-8"?>
<!DOCTYPE html PUBLIC "-//W3C//DTD XHTML 1.0 Transitional//EN"
    "http://www.w3.org/TR/xhtml1/DTD/xhtml1-transitional.dtd">
<html xmlns="http://www.w3.org/1999/xhtml" xml:lang="en" lang="en">
 <head>
  <title>
</title>
<meta http-equiv="Content-Type" content="text/html;charset=utf-8" />
  <meta name='ocr-system' content='tesseract 3.04.00' />
  <meta name='ocr-capabilities' content='ocr_page ocr_carea ocr_par ocr_line ocrx_word'/>
</head>
<body>
  <div class='ocr_page' id='page_1' title='image "./titiliviihistor02ussigoog_0148.png"; bbox 0 0 3475 5084; ppageno 0'>
   <div class='ocr_carea' id='block_1_1' title="bbox 345 1685 361 1756">
    <p class='ocr_par' dir='ltr' id='par_1_1' title="bbox 345 1685 361 1756">
     <span class='ocr_line' id='line_1_1' title="bbox 345 1685 361 1756; baseline 0 0"><span class='ocrx_word' id='word_1_1' title='bbox 345 1685 361 1756; x_wconf 94' lang='lat' dir='ltr'>l</span> 
     </span>
    </p>
   </div>
   <div class='ocr_carea' id='block_1_2' title="bbox 790 1366 1125 1445">
    <p class='ocr_par' dir='ltr' id='par_1_2' title="bbox 790 1366 1125 1445">
     <span class='ocr_line' id='line_1_2' title="bbox 790 1366 1125 1445; baseline 0.006 -2"><span class='ocrx_word' id='word_1_2' title='bbox 790 1366 929 1444; x_wconf 82' lang='lat' dir='ltr'>Liber</span> <span class='ocrx_word' id='word_1_3' title='bbox 972 1367 1125 1445; x_wconf 84' lang='lat' dir='ltr'><strong>XLIII.</strong></span> 
     </span>
    </p>
   </div>
   <div class='ocr_carea' id='block_1_3' title="bbox 903 1558 1003 1568">
    <p class='ocr_par' dir='ltr' id='par_1_3' title="bbox 903 1558 1003 1568">
     <span class='ocr_line' id='line_1_3' title="bbox 903 1558 1003 1568; baseline 0.01 -1"><span class='ocrx_word' id='word_1_4' title='bbox 903 1558 1003 1568; x_wconf 68' lang='grc' dir='ltr'>..ιι-</span> 
     </span>
    </p>
   </div>
   <div class='ocr_carea' id='block_1_4' title="bbox 384 1693 1554 3131">
    <p class='ocr_par' dir='ltr' id='par_1_4' title="bbox 461 1693 1554 1767">
     <span class='ocr_line' id='line_1_4' title="bbox 461 1693 1554 1767; baseline -0.002 -16"><span class='ocrx_word' id='word_1_5' title='bbox 461 1696 465 1702; x_wconf 77' lang='grc'>’</span> <span class='ocrx_word' id='word_1_6' title='bbox 508 1694 622 1753; x_wconf 87' lang='lat' dir='ltr'>Eadem</span> <span class='ocrx_word' id='word_1_7' title='bbox 636 1700 744 1762; x_wconf 74' lang='lat' dir='ltr'>testate,</span> <span class='ocrx_word' id='word_1_8' title='bbox 760 1712 819 1767; x_wconf 91' lang='lat' dir='ltr'>qua</span> <span class='ocrx_word' id='word_1_9' title='bbox 832 1694 861 1749; x_wconf 91' lang='lat' dir='ltr'>in</span> <span class='ocrx_word' id='word_1_10' title='bbox 877 1693 1031 1751; x_wconf 80' lang='lat' dir='ltr'><strong>Thessalia</strong></span> <span class='ocrx_word' id='word_1_11' title='bbox 1055 1694 1111 1750; x_wconf 86' lang='lat' dir='ltr'>Itoec</span> <span class='ocrx_word' id='word_1_12' title='bbox 1130 1701 1209 1765; x_wconf 74' lang='lat' dir='ltr'>peste</span> <span class='ocrx_word' id='word_1_13' title='bbox 1231 1702 1305 1767; x_wconf 84' lang='lat' dir='ltr'>eunt,</span> <span class='ocrx_word' id='word_1_14' title='bbox 1318 1695 1365 1728; x_wconf 57' lang='lat'>³*</span> <span class='ocrx_word' id='word_1_15' title='bbox 1379 1693 1478 1767; x_wconf 85' lang='lat' dir='ltr'>legatus</span> <span class='ocrx_word' id='word_1_16' title='bbox 1553 1706 1554 1719; x_wconf 64' lang='lat'>¹</span> 
     </span>
    </p>

    <p class='ocr_par' dir='ltr' id='par_1_5' title="bbox 424 1797 1479 1873">
     <span class='ocr_line' id='line_1_5' title="bbox 424 1797 1479 1873; baseline -0.005 -17"><span class='ocrx_word' id='word_1_17' title='bbox 424 1800 455 1856; x_wconf 89' lang='lat' dir='ltr'>in</span> <span class='ocrx_word' id='word_1_18' title='bbox 477 1800 624 1873; x_wconf 89' lang='lat' dir='ltr'>Illyricum</span> <span class='ocrx_word' id='word_1_19' title='bbox 647 1818 665 1855; x_wconf 91' lang='lat' dir='ltr'>a</span> <span class='ocrx_word' id='word_1_20' title='bbox 687 1799 804 1855; x_wconf 90' lang='lat' dir='ltr'>consule</span> <span class='ocrx_word' id='word_1_21' title='bbox 823 1800 927 1855; x_wconf 90' lang='lat' dir='ltr'>missus</span> <span class='ocrx_word' id='word_1_22' title='bbox 943 1800 1079 1873; x_wconf 87' lang='lat' dir='ltr'>opulenta</span> <span class='ocrx_word' id='word_1_23' title='bbox 1094 1800 1152 1854; x_wconf 91' lang='lat' dir='ltr'>duo</span> <span class='ocrx_word' id='word_1_24' title='bbox 1169 1798 1278 1872; x_wconf 88' lang='lat' dir='ltr'>oppida</span> <span class='ocrx_word' id='word_1_25' title='bbox 1297 1797 1479 1872; x_wconf 84' lang='lat' dir='ltr'>oppugnavit;</span> 
     </span>
    </p>

    <p class='ocr_par' dir='ltr' id='par_1_6' title="bbox 385 1902 1479 2082">
     <span class='ocr_line' id='line_1_6' title="bbox 385 1902 1479 1978; baseline -0.002 -19"><span class='ocrx_word' id='word_1_26' title='bbox 385 1904 404 1959; x_wconf 80' lang='lat'>2</span> <span class='ocrx_word' id='word_1_27' title='bbox 427 1902 589 1961; x_wconf 83' lang='lat' dir='ltr'>Ceremiam</span> <span class='ocrx_word' id='word_1_28' title='bbox 613 1904 642 1959; x_wconf 89' lang='lat' dir='ltr'>vi</span> <span class='ocrx_word' id='word_1_29' title='bbox 664 1904 758 1977; x_wconf 87' lang='lat' dir='ltr'>adque</span> <span class='ocrx_word' id='word_1_30' title='bbox 781 1904 869 1959; x_wconf 88' lang='lat' dir='ltr'>armis</span> <span class='ocrx_word' id='word_1_31' title='bbox 893 1903 987 1978; x_wconf 88' lang='lat' dir='ltr'>coegit</span> <span class='ocrx_word' id='word_1_32' title='bbox 1009 1904 1037 1958; x_wconf 90' lang='lat' dir='ltr'>in</span> <span class='ocrx_word' id='word_1_33' title='bbox 1060 1902 1249 1971; x_wconf 89' lang='lat' dir='ltr'>deditionem,</span> <span class='ocrx_word' id='word_1_34' title='bbox 1277 1903 1432 1976; x_wconf 85' lang='lat' dir='ltr'><strong>omniaque</strong></span> <span class='ocrx_word' id='word_1_35' title='bbox 1450 1902 1479 1957; x_wconf 83' lang='lat' dir='ltr'>iis</span> 
     </span>
     <span class='ocr_line' id='line_1_7' title="bbox 425 2002 1479 2082; baseline -0.002 -18"><span class='ocrx_word' id='word_1_36' title='bbox 425 2026 480 2064; x_wconf 88' lang='lat' dir='ltr'>sua</span> <span class='ocrx_word' id='word_1_37' title='bbox 502 2009 652 2077; x_wconf 74' lang='lat' dir='ltr'><strong>concessit,</strong></span> <span class='ocrx_word' id='word_1_38' title='bbox 674 2020 705 2064; x_wconf 90' lang='lat' dir='ltr'>ut</span> <span class='ocrx_word' id='word_1_39' title='bbox 727 2008 864 2082; x_wconf 87' lang='lat' dir='ltr'>opinione</span> <span class='ocrx_word' id='word_1_40' title='bbox 888 2008 1045 2064; x_wconf 77' lang='lat' dir='ltr'>clementias</span> <span class='ocrx_word' id='word_1_41' title='bbox 1066 2026 1125 2076; x_wconf 89' lang='lat' dir='ltr'>eos,</span> <span class='ocrx_word' id='word_1_42' title='bbox 1149 2007 1197 2080; x_wconf 92' lang='lat' dir='ltr'>qui</span> <span class='ocrx_word' id='word_1_43' title='bbox 1217 2002 1404 2073; x_wconf 80' lang='lat' dir='ltr'>Carnuntem,</span> <span class='ocrx_word' id='word_1_44' title='bbox 1427 2026 1479 2062; x_wconf 92' lang='lat' dir='ltr'>mu·</span> 
     </span>
    </p>

    <p class='ocr_par' dir='ltr' id='par_1_7' title="bbox 384 2107 1557 3131">
     <span class='ocr_line' id='line_1_8' title="bbox 385 2107 1480 2185; baseline 0 -20"><span class='ocrx_word' id='word_1_45' title='bbox 385 2107 403 2163; x_wconf 82' lang='grc'>3</span> <span class='ocrx_word' id='word_1_46' title='bbox 426 2112 516 2167; x_wconf 87' lang='lat' dir='ltr'>uitam</span> <span class='ocrx_word' id='word_1_47' title='bbox 539 2114 649 2182; x_wconf 89' lang='lat' dir='ltr'>urbem,</span> <span class='ocrx_word' id='word_1_48' title='bbox 663 2113 836 2184; x_wconf 84' lang='lat' dir='ltr'>incolebant,</span> <span class='ocrx_word' id='word_1_49' title='bbox 860 2114 1005 2172; x_wconf 88' lang='lat' dir='ltr'>adliceret.</span> <span class='ocrx_word' id='word_1_50' title='bbox 1039 2114 1201 2185; x_wconf 88' lang='lat' dir='ltr'>Postquam</span> <span class='ocrx_word' id='word_1_51' title='bbox 1217 2129 1279 2180; x_wconf 89' lang='lat' dir='ltr'>nec,</span> <span class='ocrx_word' id='word_1_52' title='bbox 1301 2123 1333 2167; x_wconf 87' lang='lat' dir='ltr'>ut</span> <span class='ocrx_word' id='word_1_53' title='bbox 1356 2111 1480 2168; x_wconf 81' lang='lat' dir='ltr'>dederent</span> 
     </span>
     <span class='ocr_line' id='line_1_9' title="bbox 425 2216 1479 2292; baseline -0.002 -19"><span class='ocrx_word' id='word_1_54' title='bbox 425 2235 466 2286; x_wconf 91' lang='lat' dir='ltr'>se,</span> <span class='ocrx_word' id='word_1_55' title='bbox 489 2218 652 2291; x_wconf 81' lang='lat' dir='ltr'>conpellere</span> <span class='ocrx_word' id='word_1_56' title='bbox 674 2237 767 2292; x_wconf 90' lang='lat' dir='ltr'>neque</span> <span class='ocrx_word' id='word_1_57' title='bbox 797 2237 901 2292; x_wconf 89' lang='lat' dir='ltr'>capere</span> <span class='ocrx_word' id='word_1_58' title='bbox 919 2218 1078 2290; x_wconf 86' lang='lat' dir='ltr'>opsidendo</span> <span class='ocrx_word' id='word_1_59' title='bbox 1098 2226 1223 2291; x_wconf 88' lang='lat' dir='ltr'>poterat,</span> <span class='ocrx_word' id='word_1_60' title='bbox 1245 2235 1281 2271; x_wconf 93' lang='lat' dir='ltr'>ne</span> <span class='ocrx_word' id='word_1_61' title='bbox 1303 2216 1416 2273; x_wconf 91' lang='lat' dir='ltr'>duabus</span> <span class='ocrx_word' id='word_1_62' title='bbox 1436 2235 1479 2289; x_wconf 91' lang='lat' dir='ltr'>op·</span> 
     </span>
     <span class='ocr_line' id='line_1_10' title="bbox 425 2321 1480 2397; baseline -0.001 -21"><span class='ocrx_word' id='word_1_63' title='bbox 425 2323 651 2397; x_wconf 79' lang='lat' dir='ltr'>pugnationibus</span> <span class='ocrx_word' id='word_1_64' title='bbox 680 2324 872 2397; x_wconf 83' lang='lat' dir='ltr'>nequicquam</span> <span class='ocrx_word' id='word_1_65' title='bbox 905 2321 1045 2397; x_wconf 84' lang='lat' dir='ltr'>fatigatus</span> <span class='ocrx_word' id='word_1_66' title='bbox 1075 2321 1156 2377; x_wconf 92' lang='lat' dir='ltr'>miles</span> <span class='ocrx_word' id='word_1_67' title='bbox 1186 2330 1277 2389; x_wconf 85' lang='lat' dir='ltr'>esset,</span> <span class='ocrx_word' id='word_1_68' title='bbox 1301 2340 1388 2394; x_wconf 90' lang='lat' dir='ltr'>quam</span> <span class='ocrx_word' id='word_1_69' title='bbox 1411 2321 1480 2395; x_wconf 84' lang='lat' dir='ltr'>prius</span> 
     </span>
     <span class='ocr_line' id='line_1_11' title="bbox 384 2419 1481 2502; baseline 0 -20"><span class='ocrx_word' id='word_1_70' title='bbox 384 2419 402 2474; x_wconf 81' lang='grc'><strong>4</strong></span> <span class='ocrx_word' id='word_1_71' title='bbox 425 2426 563 2484; x_wconf 88' lang='lat' dir='ltr'>intactam</span> <span class='ocrx_word' id='word_1_72' title='bbox 592 2431 692 2486; x_wconf 88' lang='lat' dir='ltr'>urbem</span> <span class='ocrx_word' id='word_1_73' title='bbox 721 2428 893 2501; x_wconf 72' lang='lat' dir='ltr'>reliqueret,</span> <span class='ocrx_word' id='word_1_74' title='bbox 918 2427 1045 2502; x_wconf 86' lang='lat' dir='ltr'>diripuit.</span> <span class='ocrx_word' id='word_1_75' title='bbox 1089 2426 1174 2483; x_wconf 87' lang='lat' dir='ltr'>Alter</span> <span class='ocrx_word' id='word_1_76' title='bbox 1195 2424 1295 2481; x_wconf 84' lang='lat' dir='ltr'>consul</span> <span class='ocrx_word' id='word_1_77' title='bbox 1317 2423 1352 2485; x_wconf 87' lang='lat' dir='ltr'>C.</span> <span class='ocrx_word' id='word_1_78' title='bbox 1373 2424 1481 2483; x_wconf 88' lang='lat' dir='ltr'>Cassius</span> 
     </span>
     <span class='ocr_line' id='line_1_12' title="bbox 426 2530 1482 2611; baseline 0.001 -24"><span class='ocrx_word' id='word_1_79' title='bbox 426 2550 479 2588; x_wconf 89' lang='lat' dir='ltr'>nee</span> <span class='ocrx_word' id='word_1_80' title='bbox 501 2533 529 2588; x_wconf 92' lang='lat' dir='ltr'>in</span> <span class='ocrx_word' id='word_1_81' title='bbox 552 2532 662 2602; x_wconf 89' lang='lat' dir='ltr'>Gallia,</span> <span class='ocrx_word' id='word_1_82' title='bbox 684 2553 770 2607; x_wconf 89' lang='lat' dir='ltr'>quam</span> <span class='ocrx_word' id='word_1_83' title='bbox 788 2533 908 2590; x_wconf 82' lang='lat' dir='ltr'>sortitus</span> <span class='ocrx_word' id='word_1_84' title='bbox 924 2543 995 2602; x_wconf 84' lang='lat' dir='ltr'>erat,</span> <span class='ocrx_word' id='word_1_85' title='bbox 1018 2530 1206 2611; x_wconf 81' lang='lat' dir='ltr'>memorabile</span> <span class='ocrx_word' id='word_1_86' title='bbox 1230 2531 1385 2605; x_wconf 89' lang='lat' dir='ltr'>quicquam</span> <span class='ocrx_word' id='word_1_87' title='bbox 1402 2532 1482 2607; x_wconf 82' lang='lat' dir='ltr'>gessit</span> 
     </span>
     <span class='ocr_line' id='line_1_13' title="bbox 425 2636 1481 2712; baseline 0.003 -21"><span class='ocrx_word' id='word_1_88' title='bbox 425 2646 454 2692; x_wconf 89' lang='lat' dir='ltr'>et</span> <span class='ocrx_word' id='word_1_89' title='bbox 475 2656 528 2711; x_wconf 87' lang='lat' dir='ltr'>per</span> <span class='ocrx_word' id='word_1_90' title='bbox 551 2637 707 2712; x_wconf 77' lang='lat' dir='ltr'>Illyricum·</span> <span class='ocrx_word' id='word_1_91' title='bbox 722 2639 825 2694; x_wconf 90' lang='lat' dir='ltr'>ducere</span> <span class='ocrx_word' id='word_1_92' title='bbox 847 2636 975 2711; x_wconf 85' lang='lat' dir='ltr'>legiones</span> <span class='ocrx_word' id='word_1_93' title='bbox 998 2637 1027 2691; x_wconf 93' lang='lat' dir='ltr'>in</span> <span class='ocrx_word' id='word_1_94' title='bbox 1051 2636 1252 2692; x_wconf 90' lang='lat' dir='ltr'>Macedoniam</span> <span class='ocrx_word' id='word_1_95' title='bbox 1275 2654 1353 2692; x_wconf 88' lang='lat' dir='ltr'>vano</span> <span class='ocrx_word' id='word_1_96' title='bbox 1377 2638 1481 2711; x_wconf 89' lang='lat' dir='ltr'>incepto</span> 
     </span>
     <span class='ocr_line' id='line_1_14' title="bbox 387 2734 1483 2817; baseline 0.002 -21"><span class='ocrx_word' id='word_1_97' title='bbox 387 2734 404 2788; x_wconf 84' lang='lat'><strong>5</strong></span> <span class='ocrx_word' id='word_1_98' title='bbox 427 2749 471 2796; x_wconf 90' lang='lat' dir='ltr'>est</span> <span class='ocrx_word' id='word_1_99' title='bbox 494 2754 623 2799; x_wconf 86' lang='lat' dir='ltr'>conatus.</span> <span class='ocrx_word' id='word_1_100' title='bbox 668 2742 835 2815; x_wconf 82' lang='lat' dir='ltr'>ingressum</span> <span class='ocrx_word' id='word_1_101' title='bbox 857 2743 914 2798; x_wconf 84' lang='lat' dir='ltr'>hoc</span> <span class='ocrx_word' id='word_1_102' title='bbox 935 2742 990 2797; x_wconf 90' lang='lat' dir='ltr'>iter</span> <span class='ocrx_word' id='word_1_103' title='bbox 1012 2742 1174 2812; x_wconf 87' lang='lat' dir='ltr'>consulem,</span> <span class='ocrx_word' id='word_1_104' title='bbox 1196 2751 1314 2797; x_wconf 87' lang='lat' dir='ltr'>senatus</span> <span class='ocrx_word' id='word_1_105' title='bbox 1337 2761 1375 2798; x_wconf 90' lang='lat' dir='ltr'>ex</span> <span class='ocrx_word' id='word_1_106' title='bbox 1397 2743 1483 2817; x_wconf 90' lang='lat' dir='ltr'>Aqui·</span> 
     </span>
     <span class='ocr_line' id='line_1_15' title="bbox 424 2844 1482 2919; baseline 0.002 -19"><span class='ocrx_word' id='word_1_107' title='bbox 424 2844 574 2900; x_wconf 86' lang='lat' dir='ltr'>leiensium</span> <span class='ocrx_word' id='word_1_108' title='bbox 590 2844 693 2919; x_wconf 85' lang='lat' dir='ltr'>legatis</span> <span class='ocrx_word' id='word_1_109' title='bbox 708 2845 853 2919; x_wconf 85' lang='lat' dir='ltr'>cognovit,</span> <span class='ocrx_word' id='word_1_110' title='bbox 876 2846 935 2919; x_wconf 92' lang='lat' dir='ltr'>qui,</span> <span class='ocrx_word' id='word_1_111' title='bbox 952 2856 1103 2919; x_wconf 86' lang='lat' dir='ltr'>querentes</span> <span class='ocrx_word' id='word_1_112' title='bbox 1121 2846 1263 2902; x_wconf 85' lang='lat' dir='ltr'>coloniam</span> <span class='ocrx_word' id='word_1_113' title='bbox 1283 2863 1367 2901; x_wconf 88' lang='lat' dir='ltr'>suam</span> <span class='ocrx_word' id='word_1_114' title='bbox 1384 2865 1482 2903; x_wconf 86' lang='lat' dir='ltr'>novam</span> 
     </span>
     <span class='ocr_line' id='line_1_16' title="bbox 427 2949 1483 3022; baseline 0.004 -19"><span class='ocrx_word' id='word_1_115' title='bbox 427 2956 456 3004; x_wconf 93' lang='lat' dir='ltr'>et</span> <span class='ocrx_word' id='word_1_116' title='bbox 477 2949 636 3022; x_wconf 86' lang='lat' dir='ltr'>infirmam,</span> <span class='ocrx_word' id='word_1_117' title='bbox 675 2953 796 3008; x_wconf 89' lang='lat' dir='ltr'>necdum</span> <span class='ocrx_word' id='word_1_118' title='bbox 828 2952 900 3008; x_wconf 86' lang='lat' dir='ltr'>eatis</span> <span class='ocrx_word' id='word_1_119' title='bbox 931 2950 1070 3007; x_wconf 88' lang='lat' dir='ltr'>munitam</span> <span class='ocrx_word' id='word_1_120' title='bbox 1099 2949 1325 3007; x_wconf 53' lang='lat' dir='ltr'>intertiniestas</span> <span class='ocrx_word' id='word_1_121' title='bbox 1358 2952 1483 3007; x_wconf 84' lang='lat' dir='ltr'>nationes</span> 
     </span>
     <span class='ocr_line' id='line_1_17' title="bbox 386 3048 1484 3131; baseline 0.005 -27"><span class='ocrx_word' id='word_1_122' title='bbox 386 3048 593 3109; x_wconf 82' lang='lat' dir='ltr'>bHistrorum</span> <span class='ocrx_word' id='word_1_123' title='bbox 623 3063 651 3110; x_wconf 90' lang='lat' dir='ltr'>et</span> <span class='ocrx_word' id='word_1_124' title='bbox 672 3055 836 3130; x_wconf 87' lang='lat' dir='ltr'>illyriorum</span> <span class='ocrx_word' id='word_1_125' title='bbox 862 3074 940 3124; x_wconf 88' lang='lat' dir='ltr'>esse,</span> <span class='ocrx_word' id='word_1_126' title='bbox 967 3064 1197 3128; x_wconf 82' lang='lat' dir='ltr'>competerent,</span> <span class='ocrx_word' id='word_1_127' title='bbox 1223 3065 1254 3110; x_wconf 90' lang='lat' dir='ltr'>ut</span> <span class='ocrx_word' id='word_1_128' title='bbox 1275 3066 1394 3131; x_wconf 80' lang='lat' dir='ltr'>senatus</span> <span class='ocrx_word' id='word_1_129' title='bbox 1416 3071 1484 3112; x_wconf 78' lang='lat' dir='ltr'>cure</span> 
     </span>
    </p>
   </div>
   <div class='ocr_carea' id='block_1_5' title="bbox 424 3144 1484 3234">
    <p class='ocr_par' dir='ltr' id='par_1_8' title="bbox 424 3144 1484 3234">
     <span class='ocr_line' id='line_1_18' title="bbox 424 3144 1484 3234; baseline 0 -21"><span class='ocrx_word' id='word_1_130' title='bbox 424 3158 560 3229; x_wconf 88' lang='lat' dir='ltr'>haberet,</span> <span class='ocrx_word' id='word_1_131' title='bbox 584 3163 730 3232; x_wconf 92' lang='lat' dir='ltr'>quomodo</span> <span class='ocrx_word' id='word_1_132' title='bbox 752 3179 787 3216; x_wconf 91' lang='lat' dir='ltr'>ea</span> <span class='ocrx_word' id='word_1_133' title='bbox 811 3160 926 3217; x_wconf 89' lang='lat' dir='ltr'>colonia</span> <span class='ocrx_word' id='word_1_134' title='bbox 948 3158 1123 3228; x_wconf 82' lang='lat' dir='ltr'>muniretur,</span> <span class='ocrx_word' id='word_1_135' title='bbox 1144 3144 1324 3234; x_wconf 83' lang='lat' dir='ltr'>interrogati,</span> <span class='ocrx_word' id='word_1_136' title='bbox 1348 3160 1484 3216; x_wconf 87' lang='lat' dir='ltr'>vellentne</span> 
     </span>
    </p>
   </div>
   <div class='ocr_carea' id='block_1_6' title="bbox 386 3261 1485 3550">
    <p class='ocr_par' dir='ltr' id='par_1_9' title="bbox 386 3261 1485 3550">
     <span class='ocr_line' id='line_1_19' title="bbox 386 3261 1484 3337; baseline 0 -18"><span class='ocrx_word' id='word_1_137' title='bbox 386 3261 401 3313; x_wconf 84' lang='grc'><strong>7</strong></span> <span class='ocrx_word' id='word_1_138' title='bbox 425 3282 488 3320; x_wconf 90' lang='lat' dir='ltr'>eam</span> <span class='ocrx_word' id='word_1_139' title='bbox 512 3283 572 3320; x_wconf 88' lang='lat' dir='ltr'>rem</span> <span class='ocrx_word' id='word_1_140' title='bbox 596 3263 630 3322; x_wconf 86' lang='lat' dir='ltr'>O.</span> <span class='ocrx_word' id='word_1_141' title='bbox 654 3263 755 3321; x_wconf 89' lang='lat' dir='ltr'>Cassio</span> <span class='ocrx_word' id='word_1_142' title='bbox 778 3264 889 3321; x_wconf 90' lang='lat' dir='ltr'>consuli</span> <span class='ocrx_word' id='word_1_143' title='bbox 911 3262 1058 3330; x_wconf 90' lang='lat' dir='ltr'>mandari,</span> <span class='ocrx_word' id='word_1_144' title='bbox 1090 3264 1317 3337; x_wconf 87' lang='lat' dir='ltr'>responderunt,</span> <span class='ocrx_word' id='word_1_145' title='bbox 1346 3262 1484 3333; x_wconf 84' lang='lat' dir='ltr'>Cassium,</span> 
     </span>
     <span class='ocr_line' id='line_1_20' title="bbox 424 3367 1484 3444; baseline 0 -19"><span class='ocrx_word' id='word_1_146' title='bbox 424 3369 591 3441; x_wconf 84' lang='lat' dir='ltr'>Aquileiam</span> <span class='ocrx_word' id='word_1_147' title='bbox 613 3369 720 3425; x_wconf 90' lang='lat' dir='ltr'>indicto</span> <span class='ocrx_word' id='word_1_148' title='bbox 743 3370 879 3440; x_wconf 89' lang='lat' dir='ltr'>exercitu,</span> <span class='ocrx_word' id='word_1_149' title='bbox 904 3367 1064 3444; x_wconf 85' lang='lat' dir='ltr'>profectum</span> <span class='ocrx_word' id='word_1_150' title='bbox 1093 3387 1146 3442; x_wconf 91' lang='lat' dir='ltr'>per</span> <span class='ocrx_word' id='word_1_151' title='bbox 1168 3368 1313 3443; x_wconf 73' lang='lat' dir='ltr'>Illyricum</span> <span class='ocrx_word' id='word_1_152' title='bbox 1336 3368 1366 3424; x_wconf 91' lang='lat' dir='ltr'>in</span> <span class='ocrx_word' id='word_1_153' title='bbox 1389 3370 1484 3425; x_wconf 85' lang='lat' dir='ltr'>Mace·</span> 
     </span>
     <span class='ocr_line' id='line_1_21' title="bbox 426 3472 1485 3550; baseline 0.003 -23"><span class='ocrx_word' id='word_1_154' title='bbox 426 3472 542 3528; x_wconf 90' lang='lat' dir='ltr'>doniam</span> <span class='ocrx_word' id='word_1_155' title='bbox 565 3492 637 3529; x_wconf 84' lang='lat' dir='ltr'>esse.</span> <span class='ocrx_word' id='word_1_156' title='bbox 681 3475 727 3531; x_wconf 87' lang='lat' dir='ltr'>Ee</span> <span class='ocrx_word' id='word_1_157' title='bbox 747 3493 795 3531; x_wconf 89' lang='lat' dir='ltr'>res</span> <span class='ocrx_word' id='word_1_158' title='bbox 815 3474 910 3550; x_wconf 87' lang='lat' dir='ltr'>primo</span> <span class='ocrx_word' id='word_1_159' title='bbox 932 3472 1106 3531; x_wconf 89' lang='lat' dir='ltr'>incredibilis</span> <span class='ocrx_word' id='word_1_160' title='bbox 1128 3472 1208 3544; x_wconf 84' lang='lat' dir='ltr'>visa,</span> <span class='ocrx_word' id='word_1_161' title='bbox 1231 3482 1260 3530; x_wconf 86' lang='lat' dir='ltr'>et</span> <span class='ocrx_word' id='word_1_162' title='bbox 1280 3492 1334 3549; x_wconf 90' lang='lat' dir='ltr'>pro</span> <span class='ocrx_word' id='word_1_163' title='bbox 1357 3492 1390 3530; x_wconf 88' lang='lat' dir='ltr'>se</span> <span class='ocrx_word' id='word_1_164' title='bbox 1413 3473 1485 3548; x_wconf 90' lang='lat' dir='ltr'>quis·</span> 
     </span>
    </p>
   </div>
   <div class='ocr_carea' id='block_1_7' title="bbox 421 3733 1488 3887">
    <p class='ocr_par' dir='ltr' id='par_1_10' title="bbox 421 3733 1488 3887">
     <span class='ocr_line' id='line_1_22' title="bbox 424 3733 1485 3802; baseline -0.001 -16"><span class='ocrx_word' id='word_1_165' title='bbox 424 3733 446 3795; x_wconf 82' lang='grc' dir='ltr'>Ι,</span> <span class='ocrx_word' id='word_1_166' title='bbox 459 3734 484 3789; x_wconf 91' lang='grc'>1,</span> <span class='ocrx_word' id='word_1_167' title='bbox 499 3742 510 3783; x_wconf 91' lang='lat' dir='ltr'>l</span> <span class='ocrx_word' id='word_1_168' title='bbox 527 3744 601 3783; x_wconf 83' lang='lat' dir='ltr'>aetate</span> <span class='ocrx_word' id='word_1_169' title='bbox 610 3737 613 3802; x_wconf 79' lang='grc' dir='ltr'>Ι</span> <span class='ocrx_word' id='word_1_170' title='bbox 622 3737 646 3785; x_wconf 90' lang='lat' dir='ltr'>in</span> <span class='ocrx_word' id='word_1_171' title='bbox 663 3736 785 3786; x_wconf 88' lang='lat' dir='ltr'>thessalia</span> <span class='ocrx_word' id='word_1_172' title='bbox 796 3737 897 3800; x_wconf 84' lang='lat' dir='ltr'>legatus</span> <span class='ocrx_word' id='word_1_173' title='bbox 907 3734 954 3785; x_wconf 86' lang='lat' dir='ltr'>Kr.</span> <span class='ocrx_word' id='word_1_174' title='bbox 979 3734 1069 3798; x_wconf 68' lang='lat' dir='ltr'>Lepeti</span> <span class='ocrx_word' id='word_1_175' title='bbox 1078 3750 1159 3784; x_wconf 83' lang='lat' dir='ltr'>nomeu</span> <span class='ocrx_word' id='word_1_176' title='bbox 1172 3734 1292 3785; x_wconf 79' lang='lat' dir='ltr'>intercidit</span> <span class='ocrx_word' id='word_1_177' title='bbox 1305 3751 1354 3794; x_wconf 83' lang='lat' dir='ltr'>uec,</span> <span class='ocrx_word' id='word_1_178' title='bbox 1368 3745 1396 3784; x_wconf 82' lang='lat' dir='ltr'>ut</span> <span class='ocrx_word' id='word_1_179' title='bbox 1404 3734 1485 3800; x_wconf 63' lang='lat' dir='ltr'>Sicca</span> 
     </span>
     <span class='ocr_line' id='line_1_23' title="bbox 421 3820 1488 3887; baseline 0.002 -18"><span class='ocrx_word' id='word_1_180' title='bbox 421 3822 525 3885; x_wconf 82' lang='lat' dir='ltr'>putavit,</span> <span class='ocrx_word' id='word_1_181' title='bbox 546 3821 576 3880; x_wconf 70' lang='lat' dir='ltr'>Q</span> <span class='ocrx_word' id='word_1_182' title='bbox 588 3820 686 3871; x_wconf 80' lang='lat' dir='ltr'>Mucius</span> <span class='ocrx_word' id='word_1_183' title='bbox 698 3824 719 3872; x_wconf 79' lang='lat' dir='ltr'>ie</span> <span class='ocrx_word' id='word_1_184' title='bbox 730 3840 780 3872; x_wconf 78' lang='lat' dir='ltr'>aare</span> <span class='ocrx_word' id='word_1_185' title='bbox 790 3824 874 3887; x_wconf 81' lang='lat' dir='ltr'>potuit.</span> <span class='ocrx_word' id='word_1_186' title='bbox 886 3822 973 3887; x_wconf 74' lang='lat' dir='ltr'>(Gryn.</span> <span class='ocrx_word' id='word_1_187' title='bbox 988 3821 1015 3869; x_wconf 90' lang='lat' dir='ltr'>in</span> <span class='ocrx_word' id='word_1_188' title='bbox 1030 3821 1163 3870; x_wconf 83' lang='lat' dir='ltr'>Thessalia</span> <span class='ocrx_word' id='word_1_189' title='bbox 1175 3823 1284 3883; x_wconf 82' lang='lat' dir='ltr'>equestri</span> <span class='ocrx_word' id='word_1_190' title='bbox 1298 3836 1387 3884; x_wconf 82' lang='lat' dir='ltr'>pugna</span> <span class='ocrx_word' id='word_1_191' title='bbox 1406 3824 1488 3871; x_wconf 85' lang='lat' dir='ltr'>vicere</span> 
     </span>
    </p>
   </div>
   <div class='ocr_carea' id='block_1_8' title="bbox 424 3908 1489 4333">
    <p class='ocr_par' dir='ltr' id='par_1_11' title="bbox 424 3908 1489 4333">
     <span class='ocr_line' id='line_1_24' title="bbox 424 3908 1488 3991; baseline -0.003 -16"><span class='ocrx_word' id='word_1_192' title='bbox 424 3924 542 3983; x_wconf 79' lang='lat' dir='ltr'>Romani,</span> <span class='ocrx_word' id='word_1_193' title='bbox 550 3926 664 3989; x_wconf 81' lang='lat' dir='ltr'>legatus)</span> <span class='ocrx_word' id='word_1_194' title='bbox 684 3912 769 3976; x_wconf 53' lang='lat' dir='ltr'>2co-ns</span> <span class='ocrx_word' id='word_1_195' title='bbox 779 3911 898 3991; x_wconf 60' lang='lat' dir='ltr'>omissus}</span> <span class='ocrx_word' id='word_1_196' title='bbox 908 3908 1065 3988; x_wconf 82' lang='lat' dir='ltr'>oppugnejui</span> <span class='ocrx_word' id='word_1_197' title='bbox 1073 3925 1206 3973; x_wconf 86' lang='lat' dir='ltr'>ceremiam</span> <span class='ocrx_word' id='word_1_198' title='bbox 1224 3923 1318 3983; x_wconf 68' lang='lat' dir='ltr'>Weiss,</span> <span class='ocrx_word' id='word_1_199' title='bbox 1328 3923 1384 3988; x_wconf 69' lang='lat' dir='ltr'>My.</span> <span class='ocrx_word' id='word_1_200' title='bbox 1394 3924 1488 3975; x_wconf 83' lang='lat' dir='ltr'>Nomen</span> 
     </span>
     <span class='ocr_line' id='line_1_25' title="bbox 425 4010 1488 4081; baseline 0.002 -22"><span class='ocrx_word' id='word_1_201' title='bbox 425 4011 490 4059; x_wconf 76' lang='lat' dir='ltr'>urbis</span> <span class='ocrx_word' id='word_1_202' title='bbox 507 4012 618 4062; x_wconf 81' lang='lat' dir='ltr'>incertum</span> <span class='ocrx_word' id='word_1_203' title='bbox 637 4023 677 4062; x_wconf 74' lang='lat' dir='ltr'>eet.</span> <span class='ocrx_word' id='word_1_204' title='bbox 703 4012 793 4081; x_wconf 80' lang='lat' dir='ltr'>(Gryu.</span> <span class='ocrx_word' id='word_1_205' title='bbox 814 4012 908 4075; x_wconf 85' lang='lat' dir='ltr'>oppida</span> <span class='ocrx_word' id='word_1_206' title='bbox 926 4011 950 4058; x_wconf 85' lang='lat' dir='ltr'>vi</span> <span class='ocrx_word' id='word_1_207' title='bbox 969 4010 1057 4074; x_wconf 86' lang='lat' dir='ltr'>atque)</span> <span class='ocrx_word' id='word_1_208' title='bbox 1094 4010 1354 4074; x_wconf 73' lang='lat' dir='ltr'>2,10mniaquaete</span> <span class='ocrx_word' id='word_1_209' title='bbox 1393 4017 1488 4061; x_wconf 75' lang='lat' dir='ltr'>2con·</span> 
     </span>
     <span class='ocr_line' id='line_1_26' title="bbox 425 4096 1489 4163; baseline 0.002 -18"><span class='ocrx_word' id='word_1_210' title='bbox 425 4099 502 4148; x_wconf 89' lang='lat' dir='ltr'>cessit</span> <span class='ocrx_word' id='word_1_211' title='bbox 519 4101 546 4147; x_wconf 89' lang='lat' dir='ltr'>in</span> <span class='ocrx_word' id='word_1_212' title='bbox 564 4101 682 4163; x_wconf 89' lang='lat' dir='ltr'>opinione</span> <span class='ocrx_word' id='word_1_213' title='bbox 699 4101 703 4158; x_wconf 92' lang='grc' dir='ltr'>Ι</span> <span class='ocrx_word' id='word_1_214' title='bbox 719 4113 768 4160; x_wconf 89' lang='lat' dir='ltr'>que</span> <span class='ocrx_word' id='word_1_215' title='bbox 787 4105 935 4146; x_wconf 82' lang='lat' dir='ltr'>cernentem</span> <span class='ocrx_word' id='word_1_216' title='bbox 950 4111 997 4159; x_wconf 86' lang='lat' dir='ltr'>cap</span> <span class='ocrx_word' id='word_1_217' title='bbox 1010 4097 1133 4145; x_wconf 88' lang='lat' dir='ltr'>munitam</span> <span class='ocrx_word' id='word_1_218' title='bbox 1169 4096 1194 4153; x_wconf 83' lang='lat'>3,</span> <span class='ocrx_word' id='word_1_219' title='bbox 1214 4102 1228 4144; x_wconf 83' lang='lat'>2</span> <span class='ocrx_word' id='word_1_220' title='bbox 1249 4097 1370 4161; x_wconf 91' lang='lat' dir='ltr'>conplere</span> <span class='ocrx_word' id='word_1_221' title='bbox 1410 4104 1426 4147; x_wconf 79' lang='lat'><em>8</em></span> <span class='ocrx_word' id='word_1_222' title='bbox 1446 4112 1489 4147; x_wconf 86' lang='lat' dir='ltr'>ne·</span> 
     </span>
     <span class='ocr_line' id='line_1_27' title="bbox 425 4182 1488 4248; baseline 0.003 -18"><span class='ocrx_word' id='word_1_223' title='bbox 425 4186 547 4248; x_wconf 85' lang='lat' dir='ltr'>quiquam</span> <span class='ocrx_word' id='word_1_224' title='bbox 606 4183 753 4246; x_wconf 75' lang='lat' dir='ltr'>treliqlrat</span> <span class='ocrx_word' id='word_1_225' title='bbox 813 4182 838 4240; x_wconf 84' lang='lat'>4,</span> <span class='ocrx_word' id='word_1_226' title='bbox 867 4189 883 4231; x_wconf 84' lang='grc'><strong>3</strong></span> <span class='ocrx_word' id='word_1_227' title='bbox 910 4182 1044 4245; x_wconf 86' lang='lat' dir='ltr'>inlyricum</span> <span class='ocrx_word' id='word_1_228' title='bbox 1061 4183 1065 4245; x_wconf 92' lang='grc' dir='ltr'>Ι</span> <span class='ocrx_word' id='word_1_229' title='bbox 1080 4182 1188 4245; x_wconf 82' lang='lat' dir='ltr'>ligiones</span> <span class='ocrx_word' id='word_1_230' title='bbox 1203 4183 1208 4244; x_wconf 90' lang='grc' dir='ltr'>Ι</span> <span class='ocrx_word' id='word_1_231' title='bbox 1225 4184 1371 4232; x_wconf 88' lang='lat' dir='ltr'>madoniam</span> <span class='ocrx_word' id='word_1_232' title='bbox 1429 4184 1488 4245; x_wconf 63' lang='lat' dir='ltr'>5,ss</span> 
     </span>
     <span class='ocr_line' id='line_1_28' title="bbox 425 4268 1382 4333; baseline 0.002 -16"><span class='ocrx_word' id='word_1_233' title='bbox 425 4271 620 4333; x_wconf 77' lang='lat' dir='ltr'>qqu.Irerentes</span> <span class='ocrx_word' id='word_1_234' title='bbox 656 4276 672 4317; x_wconf 83' lang='grc'><strong>4</strong></span> <span class='ocrx_word' id='word_1_235' title='bbox 690 4276 830 4332; x_wconf 83' lang='lat' dir='ltr'>systrornm</span> <span class='ocrx_word' id='word_1_236' title='bbox 866 4268 890 4329; x_wconf 82' lang='lat'>7,</span> <span class='ocrx_word' id='word_1_237' title='bbox 910 4274 924 4317; x_wconf 79' lang='lat'><strong>2</strong></span> <span class='ocrx_word' id='word_1_238' title='bbox 944 4268 1077 4331; x_wconf 84' lang='lat' dir='ltr'>inlyricum</span> <span class='ocrx_word' id='word_1_239' title='bbox 1094 4272 1099 4333; x_wconf 85' lang='grc' dir='ltr'>Ι</span> <span class='ocrx_word' id='word_1_240' title='bbox 1115 4271 1291 4320; x_wconf 77' lang='lat' dir='ltr'>macedoniam</span> <span class='ocrx_word' id='word_1_241' title='bbox 1305 4284 1331 4320; x_wconf 87' lang='lat' dir='ltr'>se</span> <span class='ocrx_word' id='word_1_242' title='bbox 1350 4285 1382 4319; x_wconf 83' lang='lat' dir='ltr'>ea</span> 
     </span>
    </p>
   </div>
   <div class='ocr_carea' id='block_1_9' title="bbox 0 0 1761 5084">
    <p class='ocr_par' dir='ltr' id='par_1_12' title="bbox 0 0 1761 5084">
     <span class='ocr_line' id='line_1_29' title="bbox 0 0 1761 5084; baseline 0 0"><span class='ocrx_word' id='word_1_243' title='bbox 0 0 1761 5084; x_wconf 95' lang='lat' dir='ltr'> </span> 
     </span>
    </p>
   </div>
  </div>
 </body>
</html>
