3475 5084
496 515 551 570 tec
758 510 948 560 Liaerxulv.
978 510 1025 574 (A.
1046 524 1070 558 a.
1091 524 1113 558 e.
1134 508 1208 572 aas.)

448 693 574 768 proteri,
596 694 666 768 quia
688 712 833 769 nusquam
847 696 955 753 cumuli
976 696 1168 769 apparebant,
1189 711 1248 767 quo
1262 702 1379 767 regesta
1399 712 1415 749 e
1435 693 1502 749 losse

447 809 527 856 terra
547 798 637 869 ioret,
666 800 820 857 monstrati
840 800 1069 861 suntiomices:
1099 817 1156 855 non
1179 799 1217 855 ad
1239 798 1361 855 eandem
1381 798 1502 856 creantu-

449 903 559 975 dinem,
588 922 677 978 quam
706 914 833 961 veterem
864 924 993 975 murum,
1027 905 1079 961 sed
1107 903 1229 976 simplici
1257 900 1381 959 laterum
1417 902 1503 958 ordine

409 1010 426 1065 6
449 1018 574 1065 structos
596 1026 670 1067 esse.
713 1006 874 1065 Consilium
896 1009 985 1084 igitur
999 1009 1083 1083 cepit,
1104 1006 1267 1065 transfosso
1289 1006 1401 1080 pariete
1419 1008 1469 1063 iter
1481 1007 1503 1063 in
1543 1064 1552 1091 Α

449 1111 549 1167 urbem
576 1110 750 1183 patefacere.
794 1112 910 1172 Fallere
939 1124 1036 1171 autem
1060 1114 1103 1171 ita
1126 1130 1157 1170 se
1179 1130 1281 1185 posse,
1311 1112 1351 1182 ei,
1379 1131 1503 1169 maresa

447 1224 531 1288 parte
553 1216 612 1273 alia
640 1216 726 1273 scalis
749 1217 883 1288 adortus,
912 1218 1035 1275 tumultu
1058 1218 1179 1288 iniecto,
1206 1216 1235 1273 in
1265 1218 1428 1275 custodiam
1454 1218 1503 1274 eius

408 1328 423 1380 l
447 1319 503 1375 loci
526 1334 755 1395 propugnatores
778 1322 857 1379 urbis
872 1324 1033 1379 avertisset.
1076 1323 1168 1381 Erant
1190 1322 1219 1378 in
1238 1321 1374 1395 praesidio
1391 1320 1503 1379 Caesen-

446 1424 540 1495 drea,
574 1437 679 1499 praeter
716 1445 775 1483 non
805 1426 1044 1484 contemnendam
1082 1427 1258 1485 iuventutem
1294 1426 1504 1499 oppidanorum,

447 1527 554 1587 DCCC
565 1531 721 1605 Agrianes,
740 1540 770 1586 et
780 1532 838 1587 duo
854 1530 935 1587 milia
946 1532 1136 1589 Penestarum
1148 1531 1324 1607 lllyriorum,
1346 1549 1366 1587 a
1378 1532 1503 1589 Pleurato

407 1642 423 1697 8
446 1634 514 1691 inde
535 1635 625 1703 missi,
647 1635 813 1692 bellicosum
837 1647 991 1709 utrumque
1014 1652 1115 1710 genus.
1159 1635 1215 1691 His
1238 1635 1387 1692 tuentibus
1411 1654 1504 1701 neuros,

446 1756 511 1795 curn
540 1739 638 1797 subire
658 1742 783 1799 Romani
804 1759 920 1797 sumina
946 1741 976 1797 vi
1002 1740 1175 1810 niterentur,
1208 1750 1356 1797 momento
1379 1740 1504 1812 temporis

447 1844 572 1917 parietes
601 1844 742 1903 fornicum
775 1845 897 1920 perfossi
920 1846 1020 1902 urbem
1050 1843 1257 1919 patefecerunt.
1301 1843 1392 1916 Quod
1411 1845 1445 1915 si,
1465 1845 1504 1919 qni

405 1950 423 2005 9
445 1948 650 2022 inrumperent,
665 1952 768 2008 armati
780 1950 911 2021 iniissent,
923 1950 1067 2023 extemplo
1082 1949 1234 2023 cepissent.
1256 1951 1323 2007 Hoc
1338 1950 1390 2005 ubi
1406 1947 1505 2022 pericc-

446 2064 506 2108 tum
523 2070 586 2110 esse
600 2071 674 2127 opus
688 2055 826 2112 militibus
840 2055 1002 2112 nuntiatum
1019 2065 1072 2124 est,
1093 2054 1249 2111 clamorem
1272 2054 1387 2112 alacres
1408 2055 1504 2131 gaudio

445 2165 563 2229 repente
584 2158 697 2229 tollunt,
719 2157 769 2215 alii
790 2168 874 2230 parte
895 2159 954 2215 alia
975 2158 1005 2215 in
1027 2160 1126 2216 urbem
1149 2158 1301 2233 inrupturi.

363 2256 403 2326 12
528 2263 637 2319 Hostes
664 2262 788 2335 primum
817 2263 972 2321 admiratio
994 2263 1085 2337 cepit,
1108 2265 1247 2338 quidnam
1269 2265 1324 2322 sibi
1346 2266 1504 2340 repentinus

311 2444 316 2453 Ι
404 2368 556 2425 ἳοΙιιωοι·
577 2368 671 2425 vellet.
715 2369 877 2442 Postquam
900 2378 1000 2442 patere
1020 2370 1120 2427 urbem
1137 2387 1274 2443 accepere
1289 2369 1421 2443 praefecti
1443 2389 1504 2445 pra·

444 2473 510 2530 sidii
526 2473 622 2547 Pytho
644 2481 673 2528 at
687 2471 853 2546 Philippus,
876 2492 929 2548 pro
951 2488 1002 2543 eo,
1024 2475 1073 2549 qui
1093 2485 1263 2548 occupasset
1283 2475 1418 2551 adgredi,
1442 2493 1504 2549 opus
1552 2482 1553 2487 ’

442 2577 551 2635 factum
582 2594 646 2633 esse
676 2577 747 2647 rati,
775 2594 841 2635 cum
863 2579 961 2636 valida
991 2598 1077 2636 manu
1100 2578 1263 2653 Agrianum
1285 2578 1504 2655 lllyriorumque

402 2684 420 2740 3
442 2689 596 2754 erumpunt
625 2683 846 2755 Romanosque,
877 2684 927 2758 qui
950 2683 999 2740 elii
1025 2683 1141 2741 aliunde
1163 2684 1280 2741 coibant
1305 2686 1504 2742 convocaban-

443 2799 555 2859 turque,
577 2794 609 2841 ut
629 2786 713 2862 signa
727 2786 758 2843 in
772 2789 873 2844 urbem
896 2786 1044 2859 inferrent,
1065 2788 1263 2861 inconpositos
1284 2788 1383 2864 adque
1404 2788 1504 2847 inordi-

441 2899 527 2946 natos
552 2890 655 2965 fugant
683 2902 929 2966 persecunturque
963 2892 1001 2949 ad
1029 2891 1155 2963 fossam,
1184 2893 1213 2949 in
1243 2912 1331 2969 quam
1354 2896 1503 2969 conpulsos

441 2994 527 3051 ruina
552 2996 707 3055 cumulant.
758 2995 814 3055 DC
841 2996 934 3055 ierme
963 2997 1005 3054 ibi
1030 2996 1189 3068 interfecti,
1221 3017 1383 3074 omnesque
1412 3019 1504 3075 prope,

400 3108 418 3161 4
441 3101 491 3175 qui
512 3100 587 3157 inter
607 3119 721 3158 murum
745 3100 914 3177 fossamque
941 3103 1075 3177 deprensi
1099 3111 1195 3172 erant,
1220 3104 1420 3163 vulnerantur.
1464 3106 1504 3163 lta

439 3224 493 3262 auo
514 3206 577 3280 ipse
597 3215 704 3263 conatu
719 3207 867 3280 perculsus
883 3217 989 3281 praetor
1002 3206 1119 3283 segnior
1141 3207 1179 3264 ed
1201 3207 1259 3265 alia
1277 3206 1373 3267 iactus
1390 3210 1503 3268 consilia

439 3318 510 3368 eret.
554 3311 593 3368 Et
620 3330 656 3368 ne
684 3312 808 3370 Eumeni
838 3313 971 3387 quidem,
999 3311 1085 3370 simul
1114 3330 1132 3369 a
1162 3313 1250 3384 mari,
1277 3314 1362 3372 simul
1391 3330 1503 3374 eterra

397 3422 415 3477 5
438 3415 627 3491 aggredienti,
649 3416 807 3491 quidquam
828 3419 899 3475 satis
915 3418 1098 3491 procedebat.
1144 3417 1259 3475 Placuit
1273 3419 1361 3494 igitur
1383 3422 1502 3496 utrique,

438 3652 524 3710 equa
541 3653 654 3695 emerem
672 3642 728 3708 Hp.
766 3648 938 3694 carracenses
957 3644 1092 3693 consilium
1145 3642 1171 3700 6,
1192 3649 1202 3692 1
1224 3645 1309 3707 coepit
1323 3643 1330 3710 Ι
1344 3645 1407 3696 item
1427 3649 1455 3696 in
1489 3652 1501 3693 t

437 3749 524 3799 fauere
542 3756 627 3797 autem
663 3747 852 3797 tauertisaent
887 3744 935 3805 'l‚l
957 3746 1115 3810 inpraetdio
1134 3761 1178 3796 cas
1196 3754 1289 3812 praeter
1324 3734 1501 3815 tcontcmpt-
1553 3808 1554 3825 χ

437 3836 548 3885 uenalem
597 3840 701 3884 tacco.
748 3832 811 3894 8,2
836 3847 943 3882 romano
988 3832 1259 3897 tinrupereinarmati
1277 3832 1391 3887 Pen'zorr.
1411 3837 1499 3903 (Grpn.
1553 3828 1554 3875 i

436 3923 563 3985 irrupere,
580 3919 682 3982 armati)
718 3919 748 3977 9,
767 3925 783 3968 8
802 3919 861 3968 aliis
880 3944 913 3955 -
932 3920 1094 3983 inrupturum
1116 3916 1190 3969 Gran.
1210 3918 1280 3971 Fert.
1300 3921 1396 3973 tollunt
1413 3931 1443 3972 ut
1460 3924 1500 3971 alii
1553 3900 1554 3919 χ

437 4032 468 4042 --
488 4004 544 4055 Em.
563 4005 622 4055 567
643 4005 733 4071 (Gryu
752 4006 809 4055 aliis
828 4032 861 4041 -
880 4005 1037 4069 irrupturis.)
1093 4005 1161 4067 ΧΠ,
1181 4005 1213 4065 1,
1240 4011 1251 4055 l
1279 4006 1361 4057 hostis
1377 4007 1382 4074 1
1398 4011 1499 4073 quidam

434 4109 460 4168 2,
482 4115 493 4159 1
513 4092 754 4174 postquamapatere
786 4109 895 4172 aphyto
907 4109 911 4174 Ι
922 4124 1003 4174 proco
1030 4108 1142 4160 Frcinele.
1161 4107 1250 4174 (Gryn-
1261 4109 1498 4175 Philippuel’roco,

436 4195 494 4259 qni)
538 4194 678 4245 tualidoa
713 4200 888 4258 tetrumpunt
922 4194 948 4254 3,
970 4200 980 4243 l
1002 4194 1140 4243 alialiunde
1177 4195 1344 4245 audieerant
1379 4198 1498 4261 singen

434 4288 601 4345 persecuntur
618 4282 703 4345 adque
719 4278 814 4330 iussam
850 4281 879 4329 in
896 4290 947 4344 qua
1001 4265 1073 4330 eii.
1110 4279 1136 4341 4,
1155 4288 1171 4329 4
1190 4280 1341 4343 ingredienti
