3475 5084
502 619 539 675 20
924 615 1055 663 Periocha

460 821 486 863 ct
505 828 538 862 ex
555 827 585 862 eo
604 813 748 877 Torquatus
768 820 805 861 est
822 819 993 876 nuncupatus.
1030 813 1095 861 Duas
1113 811 1194 861 tribus
1213 812 1319 871 additae,
1337 811 1468 875 Pomptina
1482 820 1501 859 st

393 930 396 936 ¹
460 905 579 955 Publilia.
617 905 730 955 Licinius
740 906 813 955 Stolo
825 906 881 967 lege
894 922 911 953 a
919 922 944 954 aa
953 904 1006 953 latu
1019 904 1153 953 damnatus
1166 912 1212 961 est,
1229 904 1297 966 quod
1307 903 1363 967 plus
1373 904 1501 967 quingentis

459 998 588 1060 iugeribus
607 997 662 1059 agri
678 998 827 1061 possideret.
863 998 900 1047 Μ.
912 997 1029 1046 Valerius
1050 997 1167 1045 tribunus
1186 996 1294 1045 militum
1310 996 1422 1055 Gallum,
1438 1011 1502 1060 aquo

459 1098 611 1155 provocatus
630 1098 696 1148 erat,
721 1089 847 1139 insidente
869 1090 953 1152 galee
974 1104 1050 1139 corvo
1076 1097 1100 1137 ct
1124 1090 1251 1151 unguibus
1270 1098 1401 1153 rostroque
1418 1090 1504 1139 hostem

460 1181 605 1242 infestante,
630 1182 725 1231 occidit
742 1190 767 1231 et
789 1196 823 1229 ex
843 1197 874 1230 eo
894 1180 968 1231 Corvi
994 1196 1088 1231 nomeu
1106 1182 1217 1245 accepit,
1244 1182 1384 1245 consulque
1401 1183 1505 1245 proximo

459 1288 539 1335 anno,
559 1288 638 1337 quum
656 1287 736 1324 annos
754 1274 846 1325 XXlll
864 1275 981 1333 haberet,
1008 1275 1041 1323 ob
1059 1274 1175 1323 virtutem
1196 1282 1295 1323 creatus
1312 1285 1359 1324 est.
1399 1276 1507 1323 Amicitia

460 1380 519 1416 cum
538 1365 794 1429 Carthaginiensibus
811 1367 898 1415 iuncta
917 1374 962 1417 est.
1006 1365 1129 1430 Campani
1149 1382 1226 1429 quum
1245 1384 1260 1415 a
1273 1366 1430 1416 Samnitibus
1448 1367 1506 1415 bello

460 1468 622 1523 urgerentur,
652 1460 748 1508 anxilio
775 1446 896 1509 ad'versus
923 1473 966 1507 eos
985 1474 1000 1507 a
1018 1468 1108 1508 senatu
1131 1461 1225 1523 petito,
1253 1475 1332 1524 quum
1350 1460 1376 1507 id
1400 1474 1450 1507 non
1468 1461 1506 1507 im·

459 1560 594 1616 patrarent,
614 1552 702 1600 urbem
722 1561 747 1599 et
760 1566 835 1612 agros
849 1551 944 1615 populo
961 1552 1078 1600 Romano
1094 1553 1257 1611 dediderunt;
1276 1552 1309 1600 ob
1323 1566 1399 1613 quam
1415 1567 1507 1601 causam

461 1660 500 1704 ea,
520 1659 577 1709 quae
594 1644 680 1708 populi
698 1645 807 1693 Romani
826 1643 895 1693 facta
913 1653 1014 1705 essent,
1043 1643 1145 1693 delendi
1164 1644 1231 1693 bello
1250 1646 1372 1693 adversus
1393 1644 1508 1695 Samnites

459 1739 563 1802 placuit.
617 1736 702 1797 Quum
733 1737 766 1785 ab
794 1739 826 1785 Δ.
853 1735 972 1786 Cornelio
1007 1751 1057 1785 cos.
1085 1737 1209 1785 exercitus
1241 1737 1268 1784 iu
1291 1737 1376 1785 locum
1401 1737 1508 1799 iniquum

460 1830 582 1877 deductus
607 1829 635 1876 in
653 1844 746 1891 magno
769 1829 913 1877 discrimine
939 1838 1019 1890 esset,
1046 1828 1074 1878 P.
1095 1829 1165 1877 Decii
1185 1828 1265 1877 Muris
1290 1830 1384 1877 tribuni
1408 1829 1508 1877 militum

460 1934 538 1984 opera
555 1928 668 1970 servatus
687 1929 734 1980 est,
754 1921 806 1984 qui,
825 1928 949 1985 occupato
968 1920 1032 1971 colle
1050 1936 1125 1985 super
1137 1923 1163 1971 id
1175 1923 1272 1985 iugum,
1292 1923 1318 1970 in
1332 1921 1510 1985 quoSamnites

460 2014 640 2074 consederant,
669 2015 828 2063 occasionem
848 2012 946 2063 consuli
971 2014 998 2061 in
1021 2015 1157 2075 aequiorem
1181 2016 1266 2063 locum
1286 2013 1411 2062 evadendi
1432 2014 1510 2071 dedit;

458 2108 512 2169 ipse
529 2106 562 2155 ab
580 2107 698 2156 hostibus
712 2109 891 2156 circumsessus
904 2108 994 2170 erupit.
1032 2104 1115 2165 Quum
1128 2106 1219 2155 milites
1230 2106 1351 2169 Romani,
1371 2106 1414 2167 qui
1422 2106 1510 2170 Capua

413 2261 416 2270 1
459 2200 485 2247 in
503 2199 620 2263 praesidio
639 2200 720 2247 relicti
739 2207 818 2258 erant,
847 2202 879 2249 de
898 2200 1047 2263 occupanda
1065 2200 1127 2247 urbe
1147 2199 1340 2262 conspirassent
1357 2208 1392 2261 et,
1417 2200 1510 2247 detecto

460 2293 575 2353 consilio,
593 2300 664 2340 metu
682 2292 798 2356 supplicii
817 2308 833 2340 a
852 2292 947 2357 populo
960 2294 1074 2341 Romano
1094 2290 1252 2350 defecissent,
1271 2305 1318 2355 per
1334 2292 1372 2343 M.
1384 2292 1511 2339 Valerium

461 2384 572 2434 Corvum
592 2387 751 2445 dictatorem,
777 2385 821 2448 qui
839 2385 946 2434 consilio
965 2401 1011 2434 suo
1029 2398 1073 2433 eos
1092 2398 1107 2431 a
1125 2381 1210 2433 furore
1228 2394 1401 2445 revocaverat,
1427 2385 1511 2446 patriae

458 2479 567 2527 restituti
587 2486 652 2528 sunt.
699 2478 750 2526 Rea
768 2486 893 2541 practerea
910 2484 999 2526 contra
1016 2476 1141 2525 Hernicos
1160 2483 1185 2524 et
1203 2475 1292 2525 Gallos
1312 2486 1337 2525 ct
1355 2477 1472 2525 Tiburtes
1488 2484 1512 2525 et

457 2569 617 2620 Privernates
641 2577 667 2619 et
684 2570 883 2634 Tarquinienses
908 2577 933 2619 et
951 2570 1078 2620 Samnites
1103 2576 1130 2615 et
1146 2568 1257 2617 Volscos
1281 2582 1404 2633 prospere
1429 2578 1512 2631 gestas

458 2663 577 2711 continet.

873 2731 922 2781 EX
940 2730 1007 2779 LIB.
1027 2728 1102 2779 VIII.

533 2845 618 2895 Latini
629 2859 687 2893 cum
697 2842 832 2908 Campanis
852 2845 968 2895 deiecere
986 2853 1019 2908 et,
1039 2846 1125 2895 missis
1143 2846 1235 2907 legatis
1260 2846 1294 2893 ad
1313 2856 1435 2904 senatum,
1457 2861 1512 2895 con·

459 2939 586 2988 dicionem
605 2938 731 2996 tulerunt,
757 2945 797 2996 ut,
828 2938 849 2986 si
876 2951 963 2999 pacem
982 2935 1076 2984 habere
1101 2937 1211 2996 vellent,
1240 2938 1349 2987 alterum
1368 2954 1401 2987 ex
1419 2939 1511 2987 Latinis

461 3032 589 3081 consulem
615 3030 741 3089 lacerent;
772 3044 823 3092 qua
851 3029 979 3090 legatione
1003 3028 1108 3091 perlata,
1133 3037 1225 3093 praetor
1251 3044 1338 3078 eorum
1358 3032 1461 3080 Annius
1487 3031 1512 3078 da

460 3110 588 3188 Capitolio
608 3124 643 3171 ita
659 3122 792 3186 prolapsus
811 3129 856 3180 cst,
879 3130 908 3168 nt
925 3122 1117 3171 exanimaretur.
1153 3122 1185 3171 T.
1198 3122 1310 3171 Manlius
1326 3124 1512 3207 consulfilinm,

460 3218 528 3281 quod
547 3224 636 3265 contra
660 3215 770 3262 edictum
797 3214 849 3262 eiua
871 3215 990 3261 adversus
1009 3214 1115 3263 Latinos
1138 3223 1303 3277 pugnaverat,
1324 3218 1441 3278 quamvis
1460 3231 1513 3280 pro·

459 3324 533 3373 spere
551 3314 697 3373 pugnasset,
724 3306 805 3355 securi
823 3307 956 3368 percussit,
1002 3305 1191 3355 Laborantibus
1215 3307 1241 3354 in
1266 3307 1320 3355 acie
1344 3308 1472 3357 Romanis
1489 3308 1513 3355 P.

460 3402 566 3461 Decius,
585 3408 645 3449 tunc
664 3398 753 3448 consul
772 3412 829 3445 cum
848 3398 955 3457 Manlio,
974 3399 1077 3446 devovit
1094 3412 1121 3447 se
1140 3413 1186 3461 pro
1205 3398 1327 3459 exercitu,
1347 3408 1374 3447 et
1393 3402 1515 3449 concitatu

460 3508 525 3557 equo
544 3508 622 3556 quum
640 3493 667 3540 in
683 3491 779 3539 medios
798 3489 885 3538 hostes
913 3504 938 3540 se
957 3492 1096 3550 intulisset,
1122 3489 1270 3539 interiectus
1295 3500 1378 3539 morte
1403 3508 1452 3542 sua
1472 3494 1516 3541 Bo

460 3587 542 3634 manis
560 3586 692 3634 victoriam
712 3582 829 3630 restituit.
865 3583 951 3632 Latini
975 3585 1000 3631 in
1025 3584 1181 3631 deditionem
1199 3592 1330 3634 venerunt.
1371 3586 1402 3634 Τ.
1423 3586 1516 3633 Manlio

459 3680 484 3727 in
504 3679 590 3725 urbem
610 3691 709 3725 reverso
728 3690 803 3723 nemo
821 3690 854 3723 ex
872 3676 1002 3725 iuventute
1021 3674 1121 3724 obviam
1141 3677 1273 3739 processit.
1316 3676 1433 3727 Minucia
1451 3680 1517 3740 virgo

459 3770 571 3818 Vestalis
598 3769 689 3818 incesti
717 3770 838 3815 damnata
864 3777 908 3817 est.
962 3769 1108 3818 Ausonibus
1127 3768 1201 3817 victis
1226 3769 1252 3817 in
1277 3770 1400 3833 oppidum
1429 3786 1463 3819 ex
1488 3771 1518 3818 eis

461 3872 563 3927 captum
582 3861 658 3911 Cales
686 3861 788 3909 colonia
814 3860 924 3907 deducta
950 3867 994 3908 cst.
1043 3860 1106 3909 Item
1132 3862 1257 3923 Fregellae
1283 3862 1387 3911 colonia
1414 3865 1519 3911 deducta

460 3965 505 4005 eat.
541 3955 699 4004 Veneficium
721 3953 888 4015 complurium
908 3960 1079 4001 matronarum
1099 3955 1283 4017 deprehensum
1303 3964 1349 4014 est,
1377 3971 1411 4004 ex
1431 3957 1517 4020 quibus

460 4048 575 4112 plurimae
593 4048 678 4095 statim
697 4046 778 4109 epotis
797 4046 1007 4095 medicaminibus
1025 4048 1161 4111 perierunt.
1198 4048 1253 4095 Lex
1271 4049 1303 4096 de
1321 4050 1446 4098 veneficio
1466 4060 1518 4097 tunt

459 4141 567 4204 primum
590 4139 727 4187 constituta
747 4146 793 4187 est.
829 4139 1028 4198 Privernatibus,
1049 4153 1126 4201 quum
1146 4140 1319 4199 rebellassent,
1338 4142 1415 4191 victis
1434 4143 1516 4190 civitas

460 4233 522 4280 data
541 4241 586 4279 est.
623 4230 783 4294 Neapolitani
802 4232 871 4280 bello
891 4240 915 4279 et
934 4232 1067 4280 obsidione
1084 4233 1146 4281 victi
1165 4234 1192 4281 in
1210 4233 1366 4281 deditionem
1387 4240 1515 4282 venerunt.

460 4322 491 4383 Q.
504 4324 624 4382 Publilio,
643 4326 686 4387 qui
705 4339 748 4373 eos
766 4324 908 4384 obsederat,
927 4325 1010 4388 primo
1029 4332 1053 4372 et
1071 4326 1204 4390 imperium
1224 4328 1351 4391 prolatum
1372 4334 1411 4376 est
1432 4337 1458 4375 et
1476 4337 1515 4388 pro
1547 4374 1548 4409 ἢ

460 4418 566 4466 consule
585 4417 726 4480 triumphus
745 4417 871 4465 decretus.
901 4415 979 4465 Plebs
998 4431 1065 4465 nexu
1083 4418 1190 4467 liberata
1202 4427 1240 4468 est
1261 4428 1364 4483 propter
1379 4420 1411 4469 L.
1425 4418 1513 4483 Papirii
