3475 5084
481 537 538 591 tto
750 528 830 579 unm
846 528 932 579 xnn.
971 529 1017 595 (A.
1031 544 1056 578 u.
1072 540 1094 577 ο.
1111 528 1183 589 ess.)

435 717 516 793 pacis
537 714 651 783 Iacer03
684 714 760 771 ultro
788 732 859 770 mox
887 714 1072 787 quaesituros,
1094 712 1171 786 quod
1194 709 1323 767 oblatum
1344 706 1508 765 fastidiant.

378 825 412 879 tt
436 825 561 881 Perseus
583 822 659 877 hanc
679 821 773 895 ipsam
796 820 962 893 superbiam
987 819 1108 893 (quippe
1130 836 1166 874 ex
1184 817 1291 873 fiducia
1306 816 1410 871 virium
1426 817 1507 887 esse)
1556 785 1557 865 l

435 930 551 1000 timere,
583 937 612 983 at
640 944 783 982 summam
812 924 943 1000 pecuniae
965 943 1090 997 augenS,
1118 924 1142 979 si
1164 923 1258 997 pretio
1280 940 1385 996 pacem
1408 942 1508 978 emere

377 1034 412 1089 15
435 1044 548 1109 posset,
580 1052 639 1089 non
670 1031 779 1087 destitit
812 1032 939 1087 animum
974 1030 1100 1086 consulis
1129 1038 1279 1103 temptare.
1339 1029 1507 1101 Postquam

434 1139 506 1195 nihil
528 1158 565 1195 ex
587 1158 631 1208 eo,
654 1138 732 1211 quod
750 1137 845 1211 primo
863 1138 1062 1212 responderat,
1085 1136 1230 1204 mutabat,
1253 1134 1410 1208 desperata
1431 1154 1508 1209 pace
1557 1135 1558 1209 l

436 1245 473 1301 ad
496 1244 658 1320 Sycurium,
675 1244 750 1299 unde
766 1240 914 1317 profectus
931 1252 1002 1312 erat,
1018 1242 1112 1312 rediit,
1132 1240 1199 1297 belli
1217 1258 1317 1299 casum
1338 1240 1376 1296 de
1391 1239 1507 1314 integro
1557 1214 1558 1221 ἵ

434 1339 636 1424 temptaturus.

353 1447 393 1517 63
521 1456 616 1511 Fama
646 1453 787 1527 equestris
814 1472 919 1529 pugnae
955 1452 1075 1527 vulgata
1110 1470 1163 1527 per
1197 1450 1343 1533 Graeciam
1385 1452 1508 1507 nudavit
1558 1483 1559 1571 q

435 1559 600 1617 voluntates
621 1559 778 1616 hominum.
815 1560 884 1615 Non
907 1558 981 1615 enim
1005 1558 1097 1614 solum
1122 1559 1170 1632 qui
1192 1558 1284 1632 partis
1308 1558 1507 1613 Macedonum
1558 1578 1559 1617 t

436 1676 527 1734 erant,
549 1665 599 1720 sed
621 1664 751 1739 plerique
781 1664 945 1738 ingentibus
967 1665 1166 1721 Romanorum
1197 1662 1319 1738 obligati
1348 1664 1507 1733 beneficiis,

437 1771 554 1844 quidam
583 1770 641 1827 vim
674 1771 898 1844 superbiamque
924 1772 1028 1841 replum
1058 1770 1184 1844 experti,
1215 1768 1271 1825 laeti
1300 1788 1366 1824 earn
1395 1768 1506 1825 famam

395 1870 412 1923 2
436 1894 583 1949 accepere,
604 1894 662 1930 non
685 1877 722 1932 ob
746 1876 832 1931 aliam
852 1894 970 1931 causam
990 1894 1076 1947 quam
1096 1894 1189 1950 pravo
1208 1874 1314 1937 studio,
1334 1894 1394 1947 quo
1417 1875 1504 1931 etiam

435 1983 464 2038 in
487 1980 691 2036 certaminibus
712 1979 829 2036 ludicris
848 1980 952 2055 vulgus
968 1980 1066 2049 utitur,
1089 1980 1224 2036 deteriori
1242 1980 1338 2053 adque
1353 1981 1507 2036 infirmiori
1559 2024 1560 2029 κ

395 2079 571 2143 3favendo.
623 2085 735 2141 Eodem
769 2096 900 2159 tempore
931 2086 961 2141 in
993 2086 1108 2142 Boeotia
1136 2104 1249 2141 summa
1275 2085 1304 2141 vi
1337 2087 1508 2143 Haliartum

437 2190 588 2247 Lucretius
610 2200 717 2265 praetor
739 2193 943 2265 oppugnabat;
966 2200 994 2247 et
1016 2211 1192 2265 quamquam
1208 2210 1260 2248 nec
1279 2192 1432 2274 habebant
1459 2212 1507 2248 ex-

436 2307 520 2354 terna
542 2296 651 2352 auxilia
674 2297 784 2352 obsessi
806 2308 911 2371 praeter
933 2295 1139 2354 Coronaeorum
1165 2297 1308 2368 iuniores,
1339 2298 1390 2370 qui
1413 2299 1508 2371 prima

437 2403 588 2458 obsidione
607 2403 713 2458 moenia
730 2403 919 2472 intraverant,
941 2421 1035 2476 neque
1052 2405 1219 2478 sperabant,
1242 2412 1340 2457 tamen
1364 2403 1422 2477 ipsi
1447 2405 1507 2459 ani·
1560 2428 1561 2443 ¹

397 2504 490 2563 tmis
519 2508 613 2581 magis
645 2528 731 2581 qnam
761 2508 872 2564 viribus
902 2508 1083 2564 resistebant.
1134 2508 1211 2563 Nam
1235 2516 1264 2563 et
1288 2488 1459 2582 eruptiones
1480 2510 1507 2565 in

437 2633 527 2688 opera
552 2614 654 2668 crebro
680 2612 842 2682 faciebant,
876 2622 904 2669 et
935 2614 1052 2669 arietem
1076 2614 1225 2669 admotum
1248 2632 1324 2669 nnnc
1346 2616 1396 2649 ὖ*
1419 2614 1506 2671 libra·

436 2731 532 2773 mento
555 2717 664 2791 plumbi
687 2728 840 2791 gravatum
864 2719 903 2774 ad
925 2727 1032 2774 terram
1057 2720 1233 2793 urguebant,
1263 2729 1292 2775 et
1318 2719 1342 2774 si
1372 2739 1434 2793 qua
1458 2722 1506 2776 de-

436 2823 756 2895 clinare‘nequiverant
777 2823 875 2892 ictum,
899 2842 953 2897 pro
973 2824 1067 2879 diruto
1087 2844 1169 2880 muro
1187 2842 1294 2880 novum
1314 2826 1504 2883 tumultuario

436 2946 532 3001 opere,
554 2927 658 3000 raptim
681 2946 717 2982 ex
739 2928 802 3002 ipsa
824 2928 915 2985 ruinae
930 2939 1028 3003 strage
1043 2929 1186 3002 congestis
1206 2929 1296 2998 saxis,
1318 2934 1504 2988 extruebant.

395 3028 411 3079 5
435 3032 508 3091 Cum
534 3032 670 3107 operibus
698 3032 802 3090 lentior
824 3038 990 3109 oppupnatio
1021 3046 1110 3105 esset,
1140 3034 1235 3091 scalas
1262 3054 1316 3109 per
1337 3038 1504 3112 manipulos

434 3139 525 3195 dividi
546 3147 653 3213 praetor
673 3140 770 3210 iussit,
800 3138 861 3217 [ut]
894 3158 1002 3197 corona
1024 3140 1150 3214 undique
1171 3140 1278 3197 muenia
1302 3140 1504 3215 adgressurus,

337 3247 341 3251 ’
434 3265 469 3303 eo
500 3246 594 3320 magis
622 3243 808 3301 suffecturam
842 3247 880 3302 ad
910 3246 940 3302 id
963 3246 1171 3302 multitudinem
1194 3254 1291 3314 ratus,
1320 3249 1416 3321 quod,
1449 3268 1505 3323 qua

433 3361 517 3426 parte
538 3351 623 3426 palus
644 3351 745 3406 urbem
763 3351 861 3425 cingit,
884 3370 937 3409 nec
959 3351 1108 3408 adtinebat
1126 3352 1290 3427 oppugnari
1301 3342 1361 3410 ¹nec
1377 3364 1504 3428 poterat.

434 3602 620 3663 equaesiturus
655 3598 823 3662 14,2praetio
852 3599 997 3648 sanimum
1018 3606 1191 3663 contemptura
1223 3598 1265 3659 15,
1285 3606 1299 3647 2
1316 3603 1504 3663 responderant

433 3688 567 3737 mutabant
583 3688 587 3748 Ι
603 3701 667 3750 pace
685 3687 810 3735 assarium
847 3692 862 3734 3
882 3687 948 3735 redit
988 3686 1085 3743 LXIII,
1104 3686 1129 3746 1,
1149 3692 1165 3734 4
1184 3687 1384 3750 superbiamque
1404 3690 1503 3752 experti

433 3773 489 3838 My.
506 3784 562 3838 post
582 3772 735 3834 Grouomum,
754 3774 797 3837 qui
814 3774 985 3823 Macedonum
1004 3772 1135 3837 supplebat,
1161 3772 1245 3823 Weus.
1265 3774 1342 3835 regis.
1385 3773 1412 3829 2,
1435 3780 1446 3822 l
1471 3777 1502 3825 ab

433 3862 510 3911 aliam
541 3862 712 3910 2infirmi0re
755 3861 779 3920 3,
797 3866 807 3907 t
828 3862 853 3909 in
873 3862 984 3909 boetiam
999 3862 1004 3921 1
1020 3860 1127 3909 aliarum
1146 3860 1268 3908 lucretius
1302 3865 1503 3923 toppugnarut

432 3947 501 3997 Duk.
519 3949 523 4010 Ι
540 3950 638 3997 externi
684 3955 699 3997 8
725 3948 921 3997 coronitaeorum
991 3946 1057 4005 4,2
1095 3962 1163 3995 nunc
1190 3947 1347 3997 libramento
1381 3946 1501 4013 (Kreyss.

432 4050 500 4085 nuuc
518 4037 587 4085 saxis
605 4036 760 4097 ingentibus,
779 4049 847 4082 nuuc
864 4035 1026 4083 libramento.
1043 4032 1118 4098 Gryn.
1133 4050 1178 4082 orn.
1193 4034 1274 4094 nunc)
1304 4038 1320 4081 3
1338 4034 1502 4085 declinarent

432 4140 475 4203 qui
492 4121 636 4201 sugderant
660 4138 753 4188 Vahlen
769 4136 859 4187 Ptttot.
879 4136 953 4186 1863
964 4154 988 4200 p.
1001 4135 1056 4185 156
1075 4136 1165 4201 (Gryn.
1186 4136 1345 4185 declinarent
1371 4140 1415 4201 qui
1439 4155 1501 4201 age

431 4223 494 4274 bant
511 4226 604 4286 ictum)
642 4228 656 4272 t
677 4238 754 4287 opera
799 4223 824 4283 5,
847 4230 858 4273 t
880 4225 999 4287 operibus
1018 4223 1098 4272 lentio
1117 4231 1184 4273 esset
1202 4223 1291 4289 (ὕψη.
1312 4225 1434 4288 operibns
1454 4242 1501 4290 op·

430 4311 554 4373 pugnatio
572 4310 666 4360 lentior
683 4310 760 4374 esset)
797 4316 812 4359 2
833 4318 861 4358 ut
880 4310 972 4359 ructavit
988 4308 1071 4360 Drak.
