3475 5084
757 563 816 604 m

249 751 321 800 nent
343 739 431 819 (Cum
449 744 506 801 lsoec
524 744 694 817 sererentur)
714 753 742 801 et
763 743 966 802 animadversa
987 745 1110 812 lacuna,
1147 747 1227 820 quod
1256 745 1311 803 iam

253 827 401 902 Grynaeus
425 826 553 895 fecerat,
575 826 660 884 facile
684 836 765 903 patet
784 828 856 884 illud
877 847 925 884 nec
954 847 983 886 eo
1009 831 1117 901 seqnias
1145 828 1246 886 referri
1277 829 1314 886 ad

251 910 406 985 superiora
437 911 494 968 hac
532 910 687 967 sententia:
733 929 918 985 „quanquam
964 912 1155 984 discesserant
1193 913 1314 987 legati“3

250 994 354 1067 itaque
376 1013 469 1067 quone,
493 1003 525 1050 ut
545 993 624 1062 alibi,
646 1013 737 1069 prave
758 995 886 1050 additum
900 1005 944 1051 est
965 1005 1084 1070 propter
1105 996 1315 1072 precedentem

252 1077 494 1150 comparativum.
556 1078 633 1134 Tum
655 1097 712 1134 non
735 1078 771 1134 de
791 1096 824 1134 re
846 1078 944 1134 nascio
967 1098 1025 1153 qua
1046 1079 1231 1152 exsequenda
1252 1078 1316 1152 agi-

252 1169 314 1230 tur,
349 1159 401 1216 sed
429 1160 465 1217 de
494 1161 624 1234 urgenda
652 1170 681 1216 et
701 1161 740 1216 ad
760 1161 845 1217 finem
867 1161 1050 1236 perducenda
1072 1179 1123 1234 spe
1145 1181 1162 1218 a
1183 1162 1316 1219 Decimio

252 1242 349 1311 iacta,
382 1261 470 1317 posse
503 1244 668 1300 auctoribus
688 1245 796 1300 Perseo
822 1243 940 1302 favendi
975 1243 1095 1301 sublatis
1118 1245 1315 1302 Romanorum

252 1326 379 1401 gratiam
402 1327 591 1383 reconciliari.
635 1328 739 1400 ltaque
760 1327 890 1402 reposui:
912 1328 1125 1401 perseverabant
1145 1330 1200 1383 iam
1222 1330 1250 1384 in
1271 1348 1315 1384 ee·

254 1410 396 1484 sequenda
420 1428 478 1484 spe,
501 1429 583 1483 quom
603 1410 713 1466 Decimi
734 1411 830 1466 leudos
851 1411 1014 1468 ostenderat.
1059 1410 1117 1484 (52
1141 1409 1243 1468 vellem
1266 1411 1318 1467 ad-

256 1495 376 1548 venticia
399 1493 429 1548 in
451 1503 532 1550 textu
555 1489 769 1569 posuissem.)¹)

337 1573 413 1650 Cap.
442 1580 488 1644 17,
510 1578 527 1632 2
551 1577 686 1649 quoniam
709 1577 739 1633 in
760 1577 868 1646 codice,
892 1577 1022 1634 detracta
1046 1577 1150 1645 littera,
1174 1594 1261 1651 quam
1282 1577 1317 1633 li·

254 1659 370 1716 brarius
403 1658 492 1716 deleri
517 1660 617 1728 iussit,
638 1659 785 1717 scribitur:
816 1662 844 1715 in
872 1661 1057 1716 macedoniam
1084 1661 1167 1716 calmi
1186 1662 1319 1716 nominati

254 1753 326 1810 cat,
354 1760 414 1798 non
444 1761 507 1798 snm
537 1761 624 1800 ausus
656 1760 808 1817 spernere,
840 1744 919 1817 quod
947 1741 1063 1800 omnino
1093 1743 1248 1818 significari
1275 1744 1318 1800 vi·

254 1825 339 1881 detur
361 1827 480 1881 culratim
504 1827 553 1898 (na
574 1845 611 1882 cx
631 1844 666 1881 no
689 1823 836 1900 retracto).
899 1826 1084 1902 significatur
1104 1838 1218 1886 autem.
1239 1825 1319 1900 lega·

254 1909 342 1964 tionis
372 1909 484 1982 ipsius,
517 1927 581 1983 qum
615 1910 835 1979 nominabatur,
867 1909 993 1966 culmina
1021 1922 1048 1966 et
1086 1910 1229 1984 principes
1261 1919 1318 1966 tres

254 1991 424 2049 consulares
446 1991 548 2057 fuisse3
570 1992 698 2067 alioquin
720 1993 793 2048 enim
816 2010 887 2049 sane
903 1993 1045 2068 genitivus
1062 1992 1211 2050 addendus
1224 1992 1320 2050 luerat

255 2076 392 2142 (arimino
412 2078 478 2149 reip.
502 2074 691 2150 similiterve).
736 2075 845 2134 Saltem
875 2078 931 2133 hoc
958 2085 1056 2132 tenere
1086 2086 1204 2150 praestat
1231 2093 1318 2149 quam

254 2157 444 2215 licentissime
464 2177 518 2233 pro
539 2159 622 2215 calmi
641 2159 813 2221 substituere
834 2161 993 2215 consulares
1015 2168 1152 2233 quattuor.
1199 2159 1319 2215 Lamina

254 2244 340 2298 cumae
369 2243 424 2298 hos
453 2251 511 2298 tres
538 2241 704 2300 consulares
725 2241 830 2311 fuisse,
864 2242 943 2298 nulla
968 2251 1011 2299 est
1035 2242 1113 2317 apud
1142 2241 1258 2299 Livium
1289 2241 1319 2298 in

255 2326 360 2382 horum
390 2343 531 2381 annorum
551 2326 638 2381 rebus
659 2325 810 2382 narrandis
832 2319 1044 2399 significatio.2)

273 2426 279 2434 ’
341 2406 416 2482 Cap.
436 2410 514 2474 24,9
537 2427 624 2482 qaum
646 2407 676 2464 in
698 2408 797 2465 codice
818 2409 868 2464 sit:
890 2428 946 2465 aaa
966 2418 1016 2464 aut
1037 2408 1121 2464 dubia
1143 2417 1182 2464 est
1202 2417 1233 2464 at
1251 2427 1318 2481 qra-

256 2494 320 2546 aior
341 2494 387 2562 sit,
410 2492 605 2564 quamquain
627 2492 767 2565 proximis
794 2491 889 2549 verbis
918 2493 975 2563 (illi
1001 2492 1131 2548 danobis
1156 2491 1319 2562 iudicarent)

256 2573 413 2631 manifesto
447 2575 683 2641 desideratura,
710 2575 832 2648 primum
860 2575 986 2649 intellegi
1015 2575 1101 2632 debet
1129 2574 1158 2650 id
1181 2573 1269 2630 latere
1290 2574 1320 2629 in

255 2660 307 2726 sit3
329 2658 435 2714 deinde
457 2658 485 2714 in
508 2658 560 2725 iis,
585 2677 649 2732 quae
669 2668 788 2726 restant,
811 2658 895 2714 unius
917 2658 1018 2714 litterae
1040 2657 1200 2714 adiectione
1222 2656 1318 2713 absol-

255 2741 333 2796 vitur
355 2741 519 2797 emendatio
541 2750 590 2797 out
605 2742 688 2797 dnbio
710 2751 751 2797 est
770 2750 820 2796 cat
831 2745 953 2813 pronior.
987 2741 1124 2798 Eiusdem
1149 2740 1249 2814 capitis
1262 2744 1279 2812 §
1294 2744 1319 2802 l,

257 2835 451 2899 praeterquam
475 2825 553 2897 quod
577 2826 668 2882 verba
688 2826 830 2898 offensione
852 2828 961 2880 aemam
983 2824 1111 2880 ablativo
1134 2841 1202 2880 casu
1225 2823 1320 2897 posita

257 2907 376 2963 omnino
401 2908 559 2974 abundant,
581 2907 644 2982 ipse
665 2909 775 2981 positus
797 2907 959 2981 negationis
980 2906 1086 2963 indicio
1101 2916 1153 2975 est,
1175 2906 1320 2963 contraria

254 2990 330 3047 inter
351 3008 385 3046 se
405 2989 507 3046 referri
536 2993 703 3064 offersionem
729 2993 838 3046 aemam
867 2990 1046 3064 (accusativo
1069 2988 1150 3064 casu)
1176 2999 1204 3045 et
1226 2992 1320 3063 perni-

275 3256 303 3319 ¹)
326 3261 368 3314 ts,
394 3261 425 3304 16
444 3257 513 3319 quod
530 3256 557 3304 in
575 3255 721 3305 Emendatt.
742 3258 791 3304 597
809 3256 922 3303 coniecit
941 3253 1225 3318 praedicamentum,
1246 3255 1271 3300 in
1290 3267 1320 3300 eo

327 3325 452 3375 convenire
469 3325 545 3375 elicui
561 3341 612 3374 uon
631 3327 722 3374 Latine
739 3325 850 3389 ponitur.
880 3325 989 3374 Videtur
1007 3324 1092 3372 Livius
1111 3339 1163 3385 qna
1180 3323 1322 3386 proveniant

327 3395 424 3444 dixisse
445 3397 477 3444 de
495 3396 558 3458 ipsis
575 3396 641 3458 illis,
665 3410 722 3458 quae
742 3403 808 3443 terra
825 3394 906 3452 ierat,
924 3396 1023 3458 fructae
1048 3395 1078 3440 de
1096 3393 1179 3440 reditu
1197 3394 1320 3444 universe.

327 3465 476 3514 discrimine
495 3479 557 3514 saue
577 3467 681 3527 exiguo.

280 3551 306 3619 ²)
329 3556 393 3620 Gap.
406 3561 446 3611 18.
465 3562 480 3605 3
500 3564 599 3606 tantum
617 3558 709 3619 dicam,
728 3556 821 3607 frustra
835 3556 950 3605 adhiberi
964 3556 1159 3618 interpungendi
1178 3555 1319 3611 artificium,

327 3634 356 3673 ut
373 3625 467 3676 metalli
483 3624 642 3676 Macedonici
657 3629 766 3691 pendeat
789 3643 805 3676 a
823 3625 931 3690 oedipol.
980 3625 1070 3688 Neque
1095 3627 1162 3673 enim
1187 3631 1239 3674 tam
1259 3639 1320 3673 con-

328 3704 395 3745 torto
414 3696 551 3744 verborum
577 3698 665 3746 ordine
684 3698 771 3746 Livius
797 3712 858 3746 usus
882 3705 962 3752 esset,
987 3695 1194 3758 scripsissetqne:
1224 3693 1323 3743 Metalli

328 3782 421 3829 quoqne
439 3765 599 3815 Macedonici
615 3765 729 3831 oecdqul,
756 3766 822 3831 quod
839 3767 920 3830 inpens
938 3774 996 3813 erat.
1050 3767 1084 3813 Et
1106 3772 1220 3814 remanet
1238 3765 1320 3813 omnis

327 3834 466 3884 difficultas
494 3837 521 3884 iu
552 3837 659 3885 sublatis
683 3837 853 3886 locationibus
883 3835 1036 3899 praediorum
1064 3836 1232 3892 rusticorum,
1265 3848 1320 3896 quae

327 3919 410 3967 neque
429 3920 485 3968 qum
503 3907 555 3956 sint
574 3905 663 3970 (quum
689 3907 725 3955 sic
748 3923 763 3954 a
781 3908 886 3955 metallo
906 3904 1066 3968 separantur)
1094 3919 1177 3967 neque
1203 3920 1248 3953 cur
1271 3905 1320 3952 tol-

327 3974 429 4032 lantur,
459 3975 626 4036 intelligitur,
656 3984 682 4024 et
707 3977 739 4024 de
757 3992 809 4025 uno
828 3978 870 4037 agi
889 3974 995 4022 metallo
1013 3975 1066 4022 sive
1086 3975 1182 4024 metalli
1201 3974 1320 4034 vectigali

327 4045 429 4092 sublato
445 4044 679 4094 manifestissimum
698 4057 736 4095 est
754 4061 787 4095 ex
799 4046 881 4096 verbis
898 4045 937 4105 §5
952 4045 1041 4107 positis
1059 4043 1087 4092 id
1104 4061 1218 4094 masere.
1256 4041 1319 4107 Cap.

331 4119 371 4174 ts,
393 4119 423 4162 15
452 4115 492 4174 (iu
519 4115 607 4165 Stratii
632 4116 759 4175 oratione)
788 4116 865 4164 miror
893 4128 953 4162 eane
979 4115 1083 4162 iniurias
1107 4113 1192 4178 populi
1217 4113 1322 4162 Romani

330 4184 395 4245 (hoc
414 4185 480 4232 enim
506 4184 597 4244 littera
620 4185 778 4247 significant)
803 4185 1013 4242 commemorari3
1041 4199 1100 4232 nam
1126 4186 1157 4232 de
1181 4184 1320 4232 vicinorum

328 4266 419 4314 regum
452 4255 657 4317 populorumque
681 4256 779 4306 iniuriis
802 4256 887 4318 potius
919 4254 1083 4315 cogitandum
1111 4253 1190 4302 luisse
1213 4254 1319 4302 videtur.

328 4321 381 4371 Sed
395 4323 488 4386 probra
508 4324 665 4385 (verborum)
687 4340 720 4372 ex
737 4326 810 4384 regni
827 4325 924 4372 viribus
942 4324 1068 4372 distractis
1086 4338 1138 4372 nou
1157 4323 1319 4372 timebantur.
