3475 5084
587 516 667 567 hibor
683 518 768 569 XLII.
790 517 845 589 th.
865 514 927 567 Chr.
951 517 1025 582 171.)
1261 522 1298 578 85

267 698 363 756 ullam
385 702 581 773 censuissent,
602 704 714 779 reliqua
735 704 909 762 consultatio
931 713 1009 773 erat,
1038 721 1164 778 quonam
1188 702 1275 760 modo
1297 678 1342 759 tu'-
1365 704 1382 759 2

265 810 332 860 tum
365 805 421 862 iter
450 807 553 882 legatis
583 818 668 870 esset.
718 810 768 867 Ad
795 809 826 866 id
847 810 1014 867 necessaria
1041 808 1143 883 petitio
1164 806 1340 863 indutiarum

266 927 332 967 cum
356 910 518 983 videretur,
541 923 715 989 cuperetque
736 914 866 972 Marcius
893 932 986 989 neque
1011 914 1089 971 aliud
1113 912 1268 987 conloquio
1291 931 1341 987 pe-

264 1015 365 1085 tisset,
386 1026 509 1091 gravate
534 1026 563 1074 et
582 1018 613 1075 in
633 1037 770 1093 magnam
792 1020 917 1093 gratiam
941 1018 1064 1094 petentis
1079 1018 1229 1075 concessit.
1259 1016 1342 1075 Nihil
1365 1020 1382 1077 3
1474 1042 1476 1047 ¹

265 1122 348 1179 enim
371 1122 444 1178 satis
467 1131 602 1197 paratum
625 1124 662 1180 ad
685 1124 790 1181 bellum
812 1125 841 1181 in
864 1124 1018 1199 praesentia
1039 1123 1187 1180 habebant
1205 1121 1341 1191 Romani,
1402 1100 1417 1151 Ι·

264 1244 330 1283 non
354 1227 528 1299 exercitum,
550 1244 609 1286 non
631 1228 748 1299 ducem,
769 1248 834 1286 cum
856 1232 998 1300 Perseus,
1020 1229 1050 1285 ni
1072 1246 1138 1303 spes
1160 1245 1238 1284 vana
1259 1226 1340 1301 pacis

266 1341 447 1390 occaecasset
468 1333 604 1404 consilia,
635 1334 733 1390 omnia
753 1344 920 1409 praeparata
942 1336 1037 1409 adque
1058 1335 1199 1390 instructa
1221 1331 1340 1401 haberet,

266 1445 300 1493 et
321 1455 378 1494 sno
399 1438 526 1495 maxime
547 1446 679 1513 tempore
700 1438 796 1513 adque
818 1438 913 1497 alieno
931 1438 1062 1496 hostibus
1084 1438 1210 1513 incipere
1233 1436 1340 1493 bellum

265 1551 379 1617 posset.
423 1545 551 1601 Abhoc
569 1544 733 1618 conloquio,
758 1544 815 1601 lide
836 1544 1012 1602 indutiarum
1035 1543 1222 1618 interposite,
1250 1540 1339 1617 legati
1362 1542 1380 1597 d

264 1648 399 1705 Romani
423 1648 453 1704 in
474 1650 619 1707 Boeotiam
642 1662 657 1716 †
678 1649 830 1722 conparati
846 1659 921 1706 sunt.
954 1649 1000 1707 Ibi
1018 1650 1076 1707 iam
1098 1658 1193 1706 motus
1210 1653 1338 1723 coeperat
1361 1648 1377 1701 5

266 1771 336 1809 esse
366 1753 578 1811 discedentibus
616 1772 635 1811 a
664 1754 803 1812 societate
838 1755 998 1812 communis
1026 1754 1137 1813 consilii
1168 1755 1337 1811 Boeotorum

266 1858 446 1932 quibusdam
468 1858 598 1933 populis,
630 1878 668 1915 ex
689 1877 747 1933 quo
771 1861 965 1918 renuntiatum
991 1870 1071 1932 erat,
1092 1858 1277 1935 respondisse
1298 1857 1338 1913 le·

265 1973 375 2037 gatos,
405 1963 623 2038 appariturum,
655 1964 758 2037 quihus
786 1967 902 2041 populis
928 1966 1046 2041 proprie
1074 1966 1242 2023 societatem
1273 1980 1338 2019 cum

265 2068 332 2143 regi
357 2067 438 2142 iungi
460 2067 661 2143 displicuisset.
713 2070 805 2127 Primi
828 2089 847 2127 a
868 2070 1029 2128 Charonea
1057 2070 1161 2146 legati,
1190 2069 1294 2125 deinde
1322 2086 1340 2123 a
1363 2068 1380 2124 6

265 2172 384 2230 Thebis
405 2172 435 2228 in
456 2173 521 2247 ipso
542 2172 644 2230 itinere
666 2184 866 2244 occurrerunt,
895 2174 1074 2232 affirmantes
1095 2194 1154 2231 non
1175 2174 1340 2232 interfuisse

264 2296 311 2348 se,
333 2295 394 2351 quo
416 2278 540 2335 societas
563 2297 598 2335 oa
619 2279 737 2337 decreta
759 2290 845 2350 esset,
866 2278 1003 2348 concili03
1037 2298 1110 2354 quos
1132 2279 1236 2353 legati,
1259 2277 1339 2334 nullo

263 2382 298 2438 in
315 2383 471 2457 praesentia
487 2401 627 2458 responso
646 2385 725 2456 dato,
737 2384 904 2443 Chalcidem
925 2402 957 2442 se
978 2386 1059 2459 sequi
1075 2386 1227 2441 iusserunt.
1256 2383 1338 2440 The·
1362 2387 1377 2440 7

266 2486 315 2544 bis
346 2506 455 2562 magna
484 2488 630 2545 contentio
663 2501 729 2547 orta
759 2500 822 2547 eret
846 2509 884 2547 ex
905 2491 963 2548 alio
986 2491 1152 2547 certamine.
1206 2487 1339 2545 Comitiis

264 2591 415 2667 praetoriis
435 2592 606 2650 Boeotorum
637 2596 715 2652 victa
741 2614 826 2670 pars,
857 2594 992 2652 iniuriam
1014 2612 1205 2669 persequens,
1234 2580 1358 2651 coacta'

265 2697 454 2755 multitudine
476 2698 620 2756 decretum
636 2703 706 2774 jecit
726 2701 853 2768 Thebis,
883 2718 919 2756 ne
940 2699 1122 2757 Boeotarchae
1150 2700 1269 2757 urbibus
1291 2719 1336 2757 re·

264 2802 444 2877 ciperentur.
487 2803 597 2861 Exules
621 2806 764 2881 Thespias
793 2805 921 2863 universi
942 2816 1160 2877 concesserun13
1189 2806 1256 2862 inde
1278 2806 1337 2880 (re-
1360 2806 1378 2863 8

264 2906 347 2981 cepti
369 2906 444 2963 enim
464 2909 526 2965 sine
543 2911 725 2968 cunctatione
743 2910 837 2981 erant)
853 2911 983 2981 Thebas,
1006 2911 1064 2967 iam
1089 2912 1207 2968 mutatis
1225 2911 1337 2981 animis,

263 3012 401 3070 revocati
425 3012 570 3071 decretum
597 3014 717 3088 faciunt,
740 3025 772 3074 ut
794 3015 961 3086 duodecim,
983 3016 1032 3088 qui
1052 3015 1159 3090 privati
1182 3025 1286 3073 coetum
1310 3024 1338 3073 et

265 3117 423 3177 concilium
446 3120 625 3193 habuissent,
647 3122 734 3179 exilio
753 3122 951 3179 multarentur.
983 3122 1088 3177 Novus
1109 3121 1211 3178 deinde
1231 3130 1338 3196 praetor
1359 3122 1378 3177 9

265 3223 475 3301 (Ῑεῐηεηίαε»ἰε
496 3236 574 3298 erat,
604 3227 649 3284 vir
677 3226 781 3283 nobilis
810 3244 845 3283 ac
865 3226 982 3300 potens)
1015 3225 1147 3300 capitalis
1170 3244 1262 3301 poenae
1284 3226 1336 3281 ab·

264 3339 366 3386 sentes
388 3347 438 3386 eos
460 3330 576 3388 decreto
599 3332 727 3391 damnat.
763 3310 930 3389 Chalcidem
953 3329 1103 3405 fugerant3
1126 3329 1194 3386 inde
1217 3330 1253 3386 ad
1275 3332 1337 3389 Ro·

264 3516 293 3577 2,
314 3522 330 3565 2
349 3517 508 3566 indutiarum
526 3518 657 3566 uideretur
675 3516 730 3582 My.
750 3516 844 3583 (Gsyn.
864 3519 897 3566 ad
915 3518 942 3566 id
961 3532 1018 3566 cum
1037 3516 1197 3580 necessaria)
1243 3512 1337 3579 tgr'a·
1384 3575 1387 3581 1

264 3610 337 3651 nata
352 3610 379 3651 et
397 3603 449 3652 iam
469 3617 590 3664 magnam
614 3602 698 3665 (Nam
720 3612 746 3653 et
770 3611 901 3666 tamquam
924 3604 1065 3667 gratiaml)
1103 3602 1128 3662 3,
1149 3609 1163 3651 3
1189 3618 1237 3657 nos
1262 3617 1336 3652 exer·

265 3690 350 3739 citum
390 3695 575 3739 toccecasset
589 3689 594 3753 Ι
609 3689 776 3746 instructaet
794 3706 841 3740 suo
876 3690 930 3750 4,l
952 3690 1053 3739 adhoc
1091 3690 1237 3739 hboetiam
1254 3690 1259 3753 Ι
1275 3704 1337 3738 con-

264 3776 352 3840 parati
366 3783 426 3825 sunt
438 3784 573 3841 emptum
586 3785 621 3825 est
631 3792 674 3825 aec
685 3776 819 3841 probabilis
828 3777 942 3826 correctio
952 3776 1055 3835 iuventa,
1065 3776 1178 3839 quoniam
1187 3793 1217 3825 ec
1227 3775 1337 3841 proiecti

264 3878 286 3912 s.
306 3871 352 3911 aot
370 3864 486 3913 conversi
505 3878 526 3912 s.
548 3871 623 3911 ortam
641 3880 691 3912 esse
709 3864 795 3927 aequit.
814 3862 932 3913 Fortasse
952 3861 1048 3926 aliquid
1064 3860 1161 3912 eccidit.
1212 3862 1237 3922 5,
1257 3869 1272 3911 2
1291 3864 1337 3913 de-

264 3948 450 3999 scendentibus
477 3950 505 3998 in
529 3948 678 3998 societatem
701 3948 800 4011 (Fuitne
825 3949 1001 3999 deserentibus
1027 3948 1207 4012 societateml)
1223 3950 1228 4012 Ι
1245 3948 1336 4001 consili

264 4034 360 4099 (Gryn.
381 4036 496 4098 concilii)
512 4035 517 4100 Ι
531 4037 665 4085 boetorum
700 4042 716 4083 4
735 4037 858 4086 societate
911 4036 936 4095 6,
958 4042 969 4085 1
991 4037 1112 4100 ceroniel
1129 4035 1219 4084 deinde
1235 4036 1336 4085 athenis

265 4127 281 4170 ἵ
309 4121 398 4170 itineri
427 4126 443 4171 ³
470 4123 527 4185 quis
552 4123 632 4186 legati
654 4121 729 4172 Groa.
776 4122 955 4172 toslchidem
1009 4121 1033 4181 7,
1054 4128 1068 4169 2
1097 4121 1201 4170 comitia
1218 4122 1335 4183 praetoris

262 4209 402 4259 boetarum
449 4214 641 4273 ,aperseqnens
660 4224 691 4259 eo
709 4216 768 4258 acta
821 4210 985 4258 tdecretum
1004 4207 1090 4257 thebis
1108 4208 1162 4258 sine
1180 4207 1337 4257 belloetarce

263 4296 374 4348 urbibus
414 4295 442 4358 8,
461 4296 591 4401 l‘tespias
627 4296 734 4346 2tehas
763 4294 906 4361 uprinatis
943 4294 999 4354 9,2
1019 4294 1132 4344 absentis
1163 4293 1336 4343 scalchidem
