3475 5084
476 526 543 581 toa
737 519 815 571 uren
832 520 930 571 xmv.
960 520 1009 583 (s.
1027 534 1053 569 u.
1073 532 1095 569 e.
1116 518 1189 581 ses.)

429 714 482 772 ret,
503 712 536 762 nt
557 705 772 780 opperientibus
794 722 858 763 sese
879 707 975 774 rebus,
997 705 1127 763 emisisse
1151 704 1188 761 de
1210 702 1345 760 manibus
1367 719 1410 771 ee,
1432 718 1492 774 qus

389 816 500 869 lmox
525 809 618 883 repeti
642 828 702 866 non
730 820 857 885 possent.
901 810 995 869 Simul
1022 811 1097 867 enim
1124 808 1211 865 cessit
1233 805 1416 882 possessione
1435 804 1492 870 Dii,

430 914 569 971 excitavit
596 915 724 983 hostem,
746 923 778 973 ut
799 927 867 973 tune
889 915 1006 971 taudem
1037 914 1170 981 sentiret,
1200 910 1400 985 recuperanda
1424 926 1492 977 esse,

389 1025 407 1077 5
431 1037 496 1093 que
517 1019 598 1093 prius
619 1019 705 1095 culpe
726 1020 835 1079 amissa
856 1022 960 1080 forent.
1004 1019 1117 1077 Audite
1135 1018 1210 1074 enim
1227 1014 1407 1091 profeotione
1428 1032 1493 1072 eou-

429 1124 513 1191 sulis,
541 1140 690 1197 regressus
711 1122 818 1192 Dium,
849 1142 914 1197 que
943 1124 1065 1181 disieots
1091 1142 1126 1181 ao
1155 1131 1273 1179 vestale
1294 1121 1332 1177 eb
1358 1119 1494 1177 Romenis

430 1238 522 1298 erant,
543 1227 644 1296 reficit,
664 1227 769 1303 pinnas
791 1227 927 1285 moenium
950 1229 1088 1287 decussas
1109 1226 1233 1302 reponit,
1255 1226 1293 1282 ab
1314 1224 1394 1281 omni
1410 1232 1495 1299 ‚parte

430 1350 528 1389 muros
556 1334 666 1400 firmat3
694 1332 798 1389 deinde
828 1332 956 1406 quinque
983 1333 1064 1391 milia
1093 1348 1232 1407 passuum
1262 1331 1301 1386 ab
1331 1330 1402 1386 urbe
1426 1330 1496 1386 eitra

430 1437 524 1511 ripam
535 1437 621 1511 Elpei
642 1436 736 1493 amnis
750 1446 848 1493 eastre
863 1438 954 1511 ponit,
974 1456 1090 1495 emnem
1105 1436 1210 1511 ipsum,
1232 1433 1356 1491 transitu
1371 1433 1495 1510 perdiffi-

383 1542 407 1595 b
430 1541 523 1611 uilem,
538 1560 592 1617 pro
607 1541 785 1597 munimento
799 1542 960 1600 habiturus.
1004 1543 1084 1601 Fluit
1098 1561 1135 1599 ex
1150 1541 1227 1599 valle
1242 1538 1362 1614 Olympi
1384 1538 1495 1603 montis,

430 1657 531 1702 testate
552 1645 689 1719 exiguum
716 1645 844 1702 hibernis
865 1646 941 1704 idem
968 1647 1102 1705 incitatus
1123 1645 1229 1721 pluviis
1252 1654 1281 1701 et
1302 1662 1393 1719 supra
1411 1662 1495 1717 rupes
1555 1710 1556 1727 ἶ

430 1750 560 1823 ingentes
581 1750 710 1823 gurgites
731 1749 803 1806 iacit
831 1761 860 1807 et
886 1750 980 1821 infra,
1008 1760 1157 1826 prorutam
1184 1750 1214 1807 in
1236 1768 1317 1807 mare
1339 1748 1495 1805 evolvendo

431 1863 549 1922 terram,
570 1854 706 1928 praealtas
717 1855 883 1929 voragines,
905 1864 1067 1929 cavetoque
1082 1856 1178 1914 medio
1194 1855 1289 1925 alveo,
1304 1854 1386 1929 ripas
1400 1853 1497 1909 utrim-

392 1964 406 2017 7
431 1977 489 2032 que
518 1958 688 2033 praecipites.
733 1960 800 2015 Hoc
826 1960 945 2041 flumine
976 1970 1137 2035 opsaeptum
1165 1960 1220 2017 iter
1247 1960 1340 2017 hostis
1371 1958 1496 2027 eredens,
1556 1982 1557 2003 ι

391 2066 408 2122 8
431 2064 585 2119 extrahere
613 2064 731 2121 relioum
760 2073 875 2139 tempus
902 2065 1010 2123 aestatis
1037 2066 1067 2123 in
1099 2065 1196 2122 animo
1227 2065 1365 2121 habebat
1417 2064 1496 2121 Inter

431 2167 493 2223 haee
515 2168 615 2225 consul
636 2187 655 2225 s
676 2168 763 2225 Phila
785 2169 932 2243 Popilium
955 2187 1019 2226 eum
1043 2168 1156 2227 duobus
1181 2170 1296 2227 milibus
1319 2176 1495 2225 armatorum

391 2278 408 2333 9
432 2272 606 2329 Heracleum
622 2272 716 2329 mittit.
745 2274 838 2330 Abest
854 2293 873 2329 u
888 2274 975 2331 Pbile
991 2275 1018 2329 V
1035 2275 1114 2331 milia
1128 2274 1220 2332 ferme
1234 2292 1383 2349 passuum,
1406 2273 1497 2329 media

432 2376 550 2449 regione
564 2377 639 2433 inter
652 2378 742 2435 Dium
758 2379 937 2453 Tempeque,
959 2380 988 2435 in
1003 2398 1075 2455 rupe
1095 2381 1173 2437 amni
1194 2381 1351 2437 inminente
1366 2381 1497 2454 positum.

346 2474 369 2544 il
516 2480 657 2554 Popilius,
678 2482 847 2557 priusquam
870 2494 999 2541 armatos
1022 2483 1111 2542 muris
1134 2486 1320 2553 admoveret,
1343 2484 1429 2554 misit,
1452 2481 1497 2557 qui

433 2585 652 2659 magistratibus
681 2587 919 2662 principibusque
947 2589 1118 2658 suaderent,
1147 2589 1232 2645 fidem
1262 2589 1498 2661 clementiamque

391 2693 408 2747 2
432 2690 630 2746 Romanorum
664 2710 752 2765 quam
782 2693 840 2749 vim
873 2694 998 2768 experiri
1028 2694 1154 2751 mellens
1205 2692 1286 2749 Nihil
1316 2712 1353 2750 ee
1382 2690 1497 2749 consilia

433 2804 600 2863 moverunt,
627 2797 697 2870 quia
716 2797 798 2871 ignes
821 2799 858 2854 ad
881 2799 1004 2874 Elpeum
1027 2800 1064 2856 bx
1085 2800 1162 2874 regis
1184 2800 1286 2856 eastris
1308 2798 1496 2872 apparebant.
1558 2796 1559 2799 ’

433 2900 510 2955 Tum
534 2908 611 2957 terre
635 2903 766 2976 marique
799 2898 843 2975 (et
871 2903 972 2961 elassis
1000 2904 1123 2980 adpulsu
1150 2904 1187 2961 ab
1216 2903 1301 2959 litore
1328 2901 1437 2977 stabat)
1461 2902 1496 2957 si·

393 3008 411 3063 3
434 3003 493 3059 mul
504 3004 602 3071 armis,
613 3005 699 3063 simul
709 3007 846 3082 operibus
859 3008 1057 3083 nraehinisque
1069 3010 1232 3084 oppugnari
1246 3006 1343 3081 coepti.
1377 3007 1496 3064 Iuvenes

433 3107 519 3163 etiem
549 3109 667 3182 quidam
687 3112 828 3179 Romani,
855 3112 967 3170 ludicro
997 3113 1116 3169 oiroensi
1144 3113 1182 3169 ad
1210 3129 1293 3169 usum
1317 3111 1385 3169 belli
1406 3128 1495 3177 verso,

393 3218 409 3270 t
434 3223 546 3287 partem
574 3213 762 3271 humillimam
793 3218 868 3273 muri
898 3228 1044 3292 oeperunt.
1089 3218 1157 3275 Mos
1180 3227 1243 3274 erat
1264 3225 1341 3287 tum,
1374 3216 1495 3273 nondum

434 3317 489 3373 hae
511 3316 651 3375 effusione
672 3320 789 3379 inducta
803 3322 902 3379 bestiis
921 3323 1049 3379 omniurn
1064 3288 1191 3397 gentitim
1208 3322 1314 3379 circum
1337 3320 1496 3396 conplendi,

435 3563 648 3613 tomisisseDala
656 3563 749 3629 (Grpe.
757 3568 841 3629 utqui,
851 3564 1015 3615 offerentibus
1023 3578 1078 3614 sesa
1090 3592 1131 3625 -‚
1141 3562 1277 3624 omisisset)
1297 3569 1313 3612 3
1324 3562 1424 3627 repenti
1448 3560 1497 3619 4,³

435 3646 613 3712 Kreyss.priue
630 3650 708 3713 ipsius
721 3649 812 3714 eulpal
827 3651 893 3701 foret
918 3650 943 3709 b,
953 3656 964 3698 l
975 3652 1160 3715 profectionem
1179 3651 1317 3699 ttdeoussa
1334 3656 1349 3698 4
1361 3663 1465 3713 pessum
1484 3652 1497 3695 b

434 3734 500 3796 enipi
511 3733 566 3797 Mp.
578 3734 634 3785 Eos.
645 3734 711 3785 566.
743 3736 817 3801 ὕψη.
837 3738 930 3801 Enipei
948 3736 1024 3801 Apud
1041 3736 1167 3802 Polybium
1178 3734 1322 3794 XXIX,3
1336 3733 1499 3799 (inempti

439 3818 588 3882 ursiniano)
601 3820 662 3871 idem
670 3821 789 3871 occidisse
794 3832 862 3886 puto,
877 3821 944 3887 quod
952 3824 989 3873 tic
1005 3822 1116 3889 Grynoeo.
1154 3822 1306 3884 6‚10umpi
1344 3822 1499 3883 2exigumu

434 3923 579 3984 tingentis
597 3925 742 3988 gurgitibus
763 3924 927 3992 Gronlintra
944 3911 1084 3990 potorupta
1105 3924 1179 3977 Gran.
1219 3925 1401 3989 bpraeeipitiis
1440 3923 1498 3982 7‚1

434 4026 537 4075 flumine
555 4028 778 4092 hospesetseptum
803 4028 887 4079 Weiss.
915 4026 990 4094 Grpe.
1010 4029 1115 4079 flumine
1134 4027 1243 4077 Perseus
1262 4034 1363 4092 septum
1410 4010 1502 4077 ture·

434 4115 530 4165 lienum
549 4116 775 4177 tempuseaestatis
794 4113 849 4177 Mp.
868 4114 925 4165 Em.
944 4114 1003 4165 566
1022 4113 1113 4178 (Grpe.
1133 4120 1235 4177 tempus
1254 4114 1309 4163 eina
1329 4114 1439 4176 estatis)
1476 4114 1501 4167 8.

435 4207 450 4249 3
469 4201 587 4250 heraclea
608 4198 683 4249 Gron.
704 4199 797 4264 (ἂψ.
817 4200 983 4263 Heracleam)
1019 4200 1044 4259 9,
1067 4206 1078 4249 1
1099 4200 1153 4263 pila
1188 4205 1204 4248 2
1223 4200 1335 4249 interdiu
1353 4211 1432 4265 temp.
1453 4215 1504 4263 qne

434 4289 461 4335 in
473 4302 536 4367 rupe
549 4288 626 4335 enimi
653 4284 700 4345 IX,
710 4284 736 4341 2.
748 4292 762 4334 2
773 4287 883 4350 elipeum
896 4285 987 4351 (Grpe.
1001 4286 1141 4350 Enipeum)
1157 4288 1161 4343 Ι
1177 4286 1346 4349 appareibaut
1382 4286 1410 4346 4,
1422 4294 1437 4336 2
1448 4288 1505 4335 base
