3475 5084
541 469 619 517 Liber
635 468 720 518 XLII.
756 471 803 532 (A.
823 470 884 521 Chr.
908 473 979 533 171.)
1197 478 1253 533 103

229 664 277 709 aut
287 652 455 710 Cretenses.
490 652 625 711 Constitit
647 674 709 723 rex,
732 654 866 726 incertus,
889 665 999 729 quanta
1020 666 1096 713 esset
1117 657 1295 719 oisltostr'am.
1320 662 1336 717 8

230 759 311 815 Duas
329 758 406 827 ‚inde
427 778 464 815 ex
480 760 597 833 agmine
618 770 729 816 turmas
744 762 902 831 Threcum,
926 762 1000 817 duas
1015 761 1208 819 Macedonum
1231 781 1296 819 cum

229 862 298 918 binis
334 862 521 920 Cretensium
554 865 721 921 cohortibus
753 875 782 921 et
810 868 955 923 Threcum
1002 865 1088 925 misit.
1146 869 1336 942 Proelium,9

230 986 288 1023 cum
312 987 406 1042 pares
428 989 550 1026 numero
578 979 674 1027 esseut
702 988 796 1044 neque
825 972 863 1027 ab
891 972 947 1027 hac
970 979 1021 1027 aut
1041 970 1092 1027 illa
1113 984 1197 1046 parte
1218 945 1297 1031 nova

229 1072 336 1128 auxilia
372 1073 575 1142 subvenirent,
607 1074 720 1131 incerta
751 1076 875 1133 victoria
910 1077 1020 1132 linitum
1054 1086 1105 1132 est.
1159 1077 1298 1135 Eumenis

228 1176 315 1233 ferme
339 1179 464 1252 triginta
485 1172 642 1246 interfecti3
664 1180 739 1236 inter
759 1199 833 1254 quos
856 1180 1047 1255 Cassignatus
1070 1180 1130 1235 dux
1143 1178 1297 1237 Gallorum

227 1282 336 1338 cecidit.
385 1284 427 1339 Et
448 1292 516 1337 tunc
538 1284 652 1356 quidem
666 1287 791 1342 Perseus
814 1288 852 1343 ad
867 1287 1019 1362 Sycurium
1043 1286 1143 1360 copias
1165 1284 1294 1354 reduxit3
1323 1291 1358 1345 lt)

226 1401 342 1459 postero
368 1388 417 1443 die
438 1388 517 1443 circa
539 1390 659 1445 eandem
681 1392 783 1447 horam
807 1391 836 1447 in
859 1392 980 1448 eundem
1002 1391 1098 1447 locum
1121 1409 1173 1445 rex
1195 1390 1296 1463 copias

226 1492 369 1563 admovit,
393 1493 531 1566 plaustris
554 1513 618 1551 cum
642 1514 719 1568 aqua
743 1498 938 1569 sequentibus.
972 1498 1050 1553 Nam
1074 1495 1225 1551 duodecim
1245 1494 1297 1551 mi-

226 1596 291 1653 lium
316 1616 462 1671 passuum
485 1599 533 1655 via
562 1601 656 1655 omnis
682 1601 744 1657 siue
773 1621 851 1675 aqua
881 1614 909 1657 et
939 1601 1055 1675 plurimi
1076 1601 1203 1676 pulveris
1226 1609 1298 1669 erat,

227 1701 420 1777 adfectosque
442 1703 499 1773 siti,
520 1704 545 1760 si
567 1705 660 1779 primo
683 1706 713 1761 in
730 1716 886 1780 conspectu
900 1706 1093 1777 dimicassent,
1118 1717 1298 1782 pugnaturos

227 1805 314 1864 luisse
338 1810 512 1882 apparebat.
573 1808 646 1866 Cum
669 1812 796 1867 Romani
818 1812 980 1885 quiessent,
1015 1812 1188 1869 stationibus
1211 1810 1298 1867 etiam
1324 1811 1357 1864 ll

228 1912 301 1968 intra
319 1914 434 1970 vallum
458 1914 599 1984 reductis,
635 1916 708 1989 regii
730 1935 846 1990 quoque
868 1918 898 1973 in
928 1926 1025 1975 castra
1054 1919 1183 1976 redeunt.
1231 1916 1299 1973 Hoc

228 2036 278 2090 per
299 2017 417 2092 aliquot
439 2019 499 2075 dies
524 2018 671 2090 iecerunt,
706 2033 857 2095 sperantes
879 2023 952 2092 lore,
986 2032 1016 2079 ut
1037 2022 1165 2080 Romani
1187 2020 1299 2094 equites

231 2124 399 2181 abeuntium
422 2124 612 2182 novissimum
638 2145 741 2201 agmen
772 2128 1016 2202 adgrederentur3
1052 2128 1119 2183 inde
1141 2125 1298 2183 certamine
1325 2124 1359 2179 12

230 2240 301 2300 orto,
327 2250 398 2287 cum
419 2231 534 2303 lougius
558 2249 576 2287 a
598 2234 700 2289 castris
723 2252 772 2289 eos
796 2234 969 2300 elicuissent,
1002 2232 1104 2300 facile,
1131 2230 1230 2286 ubiubi
1252 2247 1297 2285 es-

232 2344 298 2406 seut,
333 2354 379 2406 se,
411 2336 461 2409 qui
480 2336 609 2409 equitatu
632 2347 661 2394 et
681 2338 739 2395 levi
763 2350 913 2395 armatura
934 2338 998 2413 plus
1018 2344 1145 2412 possent,
1174 2352 1299 2392 conver·

229 2457 309 2496 suros
330 2442 436 2498 aciem.

309 2540 478 2619 Postquam
500 2548 645 2622 inceptum
667 2567 727 2604 non
748 2549 936 2618 succedebat,
970 2556 1066 2605 castra
1095 2544 1214 2620 propius
1244 2543 1298 2597 ho·
1342 2536 1384 2605 58

232 2658 299 2707 stem
333 2652 430 2709 movit
460 2672 514 2709 rex
545 2662 574 2709 et
605 2671 624 2708 a
656 2654 783 2727 quinque
816 2654 931 2710 milibus
963 2670 1100 2726 passuum
1123 2648 1299 2707 communiit.

233 2754 301 2813 Inde
320 2758 390 2813 luce
410 2757 505 2831 prima
525 2757 556 2813 in
578 2758 689 2827 eodem,
711 2778 769 2831 quo
791 2758 914 2829 solebat,
932 2759 998 2815 loco
1021 2758 1147 2831 peditum
1171 2756 1233 2811 acie
1254 2755 1300 2809 in·
1323 2756 1340 2810 2

233 2869 360 2930 structa,
394 2863 553 2936 equitatum
590 2883 703 2919 omnem
737 2864 889 2937 levemque
921 2873 1099 2920 armaturam
1132 2862 1170 2919 ad
1203 2874 1300 2917 castra

234 2964 360 3023 hostium
380 2967 482 3026 ducit.
541 2967 631 3024 Visus
665 2978 694 3023 et
725 2967 850 3041 plurium
883 2978 912 3024 et
941 2970 1062 3043 propior
1088 2968 1173 3024 solito
1202 2964 1298 3040 pulvis
1321 2966 1338 3021 3

235 3072 458 3147 trepidationem
485 3072 515 3129 in
543 3047 645 3129 castris
667 3073 808 3129 Romanis
836 3072 912 3129 fecit.
960 3074 999 3130 Et
1022 3074 1115 3148 primo
1137 3072 1187 3128 vix
1210 3069 1301 3126 credi·

236 3184 291 3233 tum
313 3178 459 3234 nuntianti
486 3187 547 3246 est,
582 3178 651 3251 quia
673 3178 818 3253 prioribus
852 3178 995 3235 continuis
1023 3178 1123 3235 diebus
1144 3192 1302 3247 numquam

237 3294 300 3339 aute
324 3286 430 3339 horam
456 3293 590 3355 quartam
613 3285 705 3339 hostis
729 3293 921 3358 apparuerat3
952 3293 1011 3339 tum
1034 3283 1103 3339 solis
1127 3292 1207 3337 ortus
1232 3287 1302 3337 erat.

237 3386 350 3445 Deinde
379 3398 411 3444 ut
436 3388 561 3462 plurium
589 3388 716 3444 clamore
746 3400 774 3445 et
802 3407 887 3445 cursu
919 3406 937 3443 a
959 3388 1049 3463 portis
1078 3384 1220 3443 dubitatio
1251 3402 1301 3439 ex·
1326 3387 1343 3441 4

238 3629 261 3688 8,
281 3639 291 3681 l
315 3633 468 3695 constituit!
485 3640 581 3693 quanta
600 3639 666 3679 esset
686 3632 749 3679 duos
767 3644 822 3679 essc
842 3631 906 3679 duos
926 3628 1053 3693 indeMp.
1069 3628 1158 3694 (Gryu.
1179 3634 1303 3689 quantum

241 3729 303 3768 esset
322 3703 444 3768 hostium.
479 3718 561 3781 Duas)
598 3724 798 3765 2et3trccum
824 3716 913 3781 (Gryn.
925 3716 1066 3780 Thracum)
1110 3715 1304 3764 3cretensibus

239 3803 264 3850 in
292 3807 441 3855 cohortibus
500 3805 525 3864 9,
547 3811 558 3852 l
579 3804 696 3867 proelium
715 3813 784 3852 esset
803 3819 860 3852 cum
880 3820 954 3865 pares
991 3810 1005 3851 3
1031 3805 1153 3851 incertam
1172 3802 1304 3849 uictoriam

243 3895 342 3955 lquos
365 3894 480 3953 signatus
525 3892 573 3950 10,
602 3892 748 3953 lsycirium
797 3891 954 3953 3.plaustris
980 3906 1031 3953 qua
1059 3905 1115 3937 cum
1141 3888 1306 3952 sequentibus

244 3980 342 4026 tumui
373 3978 572 4040 5adtectusque
602 3978 643 4035 11,
664 3983 679 4025 2
698 3979 752 4039 regi
773 3974 1034 4040 saliquodlromani
1054 3977 1126 4039 quies
1154 3974 1194 4032 12,
1214 3980 1229 4022 3
1248 3974 1306 4037 plus

244 4076 315 4124 posse
334 4079 460 4113 conueros
479 4066 560 4114 aciem
612 4064 717 4122 LVIII,
737 4063 761 4123 l,
784 4069 792 4111 l
815 4064 932 4125 proprius
978 4069 1113 4126 2passum
1138 4063 1143 4123 Ι
1169 4060 1307 4109 communii

243 4146 296 4207 3,1
323 4159 348 4200 et
365 4151 504 4214 plurimum
529 4160 555 4199 et
572 4151 690 4214 proprior
709 4148 823 4213 (Kreyss.
847 4149 984 4213 plurimus)
1023 4149 1202 4198 suuntistum
1246 4145 1272 4206 4,
1294 4150 1305 4195 l

244 4249 360 4301 aporcrs
