3475 5084
651 530 785 579 Librorum
804 530 878 581 Livii.

665 704 862 777 uuum

271 826 275 833 ’
302 816 349 890 14)
382 816 418 890 Q.
446 818 616 893 Pompeium
647 821 780 878 morbum
808 838 963 878 excusasse
983 819 1093 891 ferunt,
1121 839 1174 890 ns,
1204 838 1296 898 quum,
1397 810 1399 818 Α

233 921 389 980 interesset
411 921 557 994 deditioni,
577 925 689 982 animos
708 926 953 984 Numantinorum
974 926 1109 983 irritaret.
1169 937 1292 986 Ριυιίοιι.

233 1024 349 1087 XVIII,
367 1025 436 1076 1198
453 1026 550 1078 Ριιαοίι.

631 1124 897 1177 mmmmm
988 1188 990 1195 Ι

309 1212 368 1276 ἰδ’)
378 1213 434 1267 Καί
439 1212 590 1282 παρελθὼν
596 1215 728 1283 (Σύλλας)
736 1217 773 1279 εἰς
782 1214 832 1285 τὴν
840 1210 1032 1277 πόλινίίπατος
1039 1211 1089 1282 μέν
1097 1214 1294 1269 ἀποδείκνυται

230 1304 305 1374 μετὰ
323 1306 444 1361 Κοΐντου
463 1307 625 1376 Πομπηΐου,
651 1308 819 1378 πεντήκοντα
837 1308 883 1377 ἔτη
906 1306 1040 1377 γεγονὼς,
1061 1313 1143 1375 γαμεῖ
1159 1304 1189 1363 δὲ
1206 1306 1294 1376 γάμον

230 1399 419 1464 ἐνδοξότατον
430 1400 576 1454 Καικιλίαν
596 1397 646 1471 τὴν
655 1402 796 1455 Μετέλλου
816 1400 958 1468 θυγατέρα
974 1402 1023 1453 τοῦ
1040 1397 1196 1469 ἀρχιερέας.
1232 1398 1293 1467 Ἐφ’

230 1483 364 1564 ᾦτιολλά
386 1489 436 1559 μέν
458 1493 498 1555 είς
522 1490 608 1549 αότὸν
625 1484 695 1565 ᾖδον
714 1494 739 1547 οί
759 1494 916 1562 δημοτικοί,
940 1491 1036 1547 πολλοί
1059 1489 1088 1545 δὲ
1107 1496 1161 1546 τῶν
1179 1492 1295 1561 πρώτων

230 1583 386 1651 ἐνεμέσων,
417 1582 468 1638 οάκ
494 1580 575 1650 άξιον
598 1580 744 1655 ἡγούμενοι
769 1589 817 1656 τῆς
838 1582 978 1654 γυναικὸς,
1003 1580 1035 1639 ὃν
1059 1581 1139 1649 ἄξιον
1162 1582 1295 1649 ὑπατείας

230 1676 357 1746 ἔκριναν,
377 1672 413 1739 άς
431 1695 515 1745 φησιν
534 1675 549 1732 ὁ
573 1681 661 1741 Τίτος.
698 1680 764 1730 Plut.
780 1679 852 1730 Sulla
873 1680 897 1729 6.

311 1768 372 1836 16⁹)
391 1767 549 1834 Μέλλοντος
562 1769 686 1842 ένῬοόμη
700 1775 749 1825 τοῦ
760 1768 895 1839 έμφυλίον
915 1767 1070 1839 ἐγείρεσθαι
1087 1766 1208 1837 πολέμου
1226 1764 1295 1823 ἄλλα

230 1880 262 1914 τε
284 1860 374 1914 πολλὰ
393 1860 506 1925 Λιούιος
524 1865 569 1917 καί
580 1864 724 1934 Διόδωρος
737 1863 883 1933 ἱστόρησαν
894 1862 940 1917 καί
950 1860 978 1927 ἐξ
992 1860 1128 1929 ἀνεφέλου
1146 1864 1195 1915 τοῦ
1214 1860 1296 1929 ἀέρος

229 1952 284 2005 καί
303 1952 419 2019 αἰθρίας
436 1960 538 2026 πολλῆς
562 1948 630 2026 ἦχον
648 1957 823 2025 ἀκουσθῆναι
842 1954 988 2023 σάλπιγγος
1013 1953 1080 2019 ὀξὺν
1099 1952 1297 2023 ἀνατεινούσης

230 2044 284 2098 καὶ
302 2044 434 2116 θρηνώδη
458 2049 506 2103 τὸν
526 2049 668 2119 φθόγγον,
694 2049 739 2102 καί
765 2048 830 2110 τοὺς
854 2045 903 2115 μέν
922 2046 1093 2109 ἀκούσαντας
1111 2043 1236 2110 άπαντας
1255 2046 1295 2101 έκ-

231 2157 348 2204 φρονας
361 2137 416 2193 ὑπὸ
426 2142 476 2193 τοῦ
486 2140 566 2203 δέους
578 2140 717 2210 γενέσθαι,
735 2139 799 2203 τοὺς
814 2138 844 2194 δέ
862 2140 1011 2210 Τυόρηνῶν
1025 2138 1135 2208 μάντεις
1144 2138 1297 2212 μεταβολὴν

229 2230 402 2298 τοῦγένους
420 2231 466 2285 καί
483 2234 685 2304 μετακόσμησιν
702 2232 908 2301 ἀποφήνασθαι
926 2235 1067 2303 σημαίνειν
1077 2229 1108 2286 τὸ
1119 2231 1207 2299 τέρας
1227 2230 1297 2287 εἶναι

229 2320 288 2391 μὲν
310 2320 364 2390 γάρ
383 2322 541 2392 ἀνθρώπων
565 2325 635 2380 ὀκτὼ
662 2327 738 2396 γένη,
766 2326 937 2393 διαφέροντα
963 2331 1021 2387 τοῖς
1042 2320 1140 2393 ἤθεσιν
1165 2324 1297 2395 ἀλλήλων,

229 2413 345 2485 ἑκάστῳ
360 2415 384 2468 δ’
398 2416 563 2486 ἀφωρίσθαι
578 2418 679 2487 χρόνον
693 2417 748 2475 ὑπὸ
757 2422 808 2474 τοῦ
819 2420 891 2472 θεοῦ
906 2416 1157 2485 συμπεραινόμενον
1170 2417 1297 2472 ἐνιαυτοῦ

230 2507 358 2577 μεγάλου
384 2510 513 2582 περιόδῳ·
540 2515 590 2582 τῆς
614 2510 638 2566 δ’
662 2502 712 2566 οὖν
735 2511 872 2579 προτέρας
897 2509 1029 2577 περιόδου
1056 2510 1219 2579 τελευτώσης
1252 2510 1299 2564 καί

230 2599 336 2668 ἑτέρας
361 2600 536 2673 ἐνισταμένης
558 2607 698 2659 κινεῖσθαί
720 2626 746 2657 τι
769 2610 879 2674 σημεῖον
898 2603 927 2657 ἐκ
945 2606 994 2672 γῆς
1011 2597 1028 2672 ἢ
1047 2600 1170 2669 ούρανοῦ
1187 2603 1298 2673 θαυμά-

233 2713 314 2761 σιον,
336 2685 355 2766 ᾗ
374 2697 457 2764 δῆλον
475 2694 561 2759 εὐθὺς
585 2702 643 2760 τοῖς
666 2700 754 2751 ταῦτα
773 2702 873 2764 σοφοῖς
895 2697 1034 2765 γίνεσθαι,
1062 2692 1104 2750 ὅτι
1123 2696 1169 2750 καί
1186 2695 1300 2762 τρόποις

232 2786 335 2849 ἄλλοις
353 2787 398 2840 καί
416 2789 488 2855 βίοις
511 2786 659 2860 ἄνθρωποι
676 2789 802 2858 γεγόνασι
819 2788 955 2857 χρώμενοι
978 2788 1023 2842 καί
1043 2792 1122 2851 θεοῖς
1146 2780 1228 2858 ἦττον
1246 2792 1300 2843 τῶν

232 2879 384 2949 προτέρων
408 2880 543 2948 μέλοντες.
585 2884 708 2934 Plancus
731 2893 831 2948 excerpt.
850 2883 940 2932 Dionis
964 2883 988 2931 in
1005 2882 1038 2931 Α.
1058 2882 1128 2934 Maii
1149 2886 1230 2949 script.
1256 2895 1299 2936 vet.

233 2993 292 3024 nov.
312 2974 366 3025 οοίί.
381 2974 419 3036 Π,
438 2976 504 3037 5483
524 2975 586 3040 (Dio
598 2975 667 3029 Cass.
680 2977 717 3027 ed.
735 2976 814 3026 Beck.
825 2977 865 3040 fr.
884 2974 946 3035 102,
965 2974 1011 3024 νοί.
1026 2974 1049 3035 1,
1070 2974 1126 3038 91,·)
1147 2979 1192 3042 cfr.
1205 2976 1299 3027 Susidas

233 3090 260 3120 v.
284 3065 404 3128 Σύλλας.

314 3158 376 3223 17“)
396 3160 469 3210 sulla
491 3175 569 3224 quum
591 3161 700 3224 primum
724 3162 756 3209 ad
780 3161 868 3209 urbem
895 3166 984 3209 eontra
1002 3159 1113 3209 Marium
1138 3170 1220 3212 cestra
1244 3179 1301 3213 mo-

234 3257 329 3312 visset,
353 3254 418 3301 adeo
436 3253 496 3301 laete
520 3260 581 3301 exte
598 3253 741 3301 immolanti
759 3251 838 3301 fuisse
858 3252 946 3300 scribit
964 3252 1061 3311 Livius,
1086 3261 1114 3301 ut
1132 3256 1254 3303 custodiri
1274 3271 1300 3305 se

232 3348 390 3400 Postumius
415 3346 542 3410 haruspex
570 3346 692 3405 voluerit,
724 3345 815 3409 capitis
840 3345 992 3408 supplicium
1021 3345 1162 3403 subiturus,
1188 3346 1236 3394 nisi
1262 3361 1300 3407 es,

235 3456 299 3507 quus
319 3442 345 3487 in
364 3440 448 3487 animo
467 3438 539 3488 Sulla
555 3440 668 3497 heberet,
690 3439 739 3488 diis
757 3437 903 3487 iuvantibus
923 3437 1084 3501 implevisset.
1125 3440 1252 3501 Ανγιιελίκ.
1272 3437 1302 3487 dc

236 3536 286 3584 civ.
309 3531 351 3581 dei
368 3530 406 3591 II,
424 3530 466 3580 24.

627 3644 669 3694 Ex
687 3643 726 3693 lib.
746 3642 916 3706 LXXXIII.

318 3737 380 3803 18⁴)
398 3739 500 3789 Eser-sis
518 3739 611 3803 quippo
630 3747 656 3786 et
672 3738 781 3787 incensis
805 3738 923 3788 omnibus
948 3754 1005 3788 eum
1024 3739 1117 3802 oppido
1135 3736 1204 3801 (Ilio)
1223 3738 1302 3786 simu-

237 3835 321 3885 lacris
340 3833 423 3881 solum
444 3832 567 3881 Minervoe
593 3831 640 3879 sub
659 3839 730 3878 tante
747 3830 822 3877 ruine
840 3831 926 3895 templi
945 3832 1026 3893 illius,
1053 3839 1082 3879 ut
1100 3830 1187 3881 scribit
1206 3831 1302 3894 Livius,

237 3931 372 3989 integrum
386 3926 484 3975 stetisse
500 3924 655 3989 perhibetur.
692 3922 818 3987 Δαγκοῑίπ.
834 3921 864 3971 de
881 3924 926 3973 α’ν.
947 3920 1047 3983 ἀοίΙΙΙ,
1064 3920 1086 3971 7.

674 4038 717 4087 Ec
740 4038 779 4087 lib.
801 4036 875 4088 XCI.

321 4131 379 4198 19')
405 4133 464 4183 Hoc
491 4129 534 4198 (ud
552 4131 707 4190 Lauronem)
738 4131 847 4194 primum
876 4132 993 4193 proelium
1022 4132 1088 4179 inter
1111 4130 1249 4179 Sertorium
1278 4134 1304 4177 et

239 4227 397 4290 Pompeium
416 4224 471 4274 tuit.
514 4226 608 4274 Decem
633 4223 713 4271 millis
730 4224 861 4272 hominum
884 4226 916 4273 do
934 4222 1048 4287 Pompeii
1073 4222 1186 4271 exercitu
1210 4221 1304 4270 amissa

241 4330 271 4370 et
290 4321 377 4370 omnis
394 4319 588 4383 impedimenta,
613 4316 700 4365 Livius
718 4324 805 4364 auctor
823 4323 868 4366 est.
906 4314 1014 4365 Frontis.
1038 4312 1141 4378 Strath.
1160 4312 1197 4374 II,
1217 4313 1242 4375 5,
1261 4312 1303 4363 31.

1079 4406 1106 4456 1*
