3475 5084
444 516 456 531 “
530 544 608 594 mua
625 544 709 594 xnv.
755 545 800 609 (A.
821 543 884 597 car.
907 550 977 608 raa.)
1183 551 1241 609 227

231 728 341 785 Gratiae
362 737 433 786 actae
461 740 490 786 et
512 730 701 807 Sempronio,
730 733 830 808 quiin
851 733 924 791 bene
950 740 1044 808 coepto
1065 744 1286 809 perseverasset,

230 842 257 889 et
277 833 411 905 Claudio,
433 836 482 909 qui
503 855 562 894 non
581 837 745 915 inpedisset.
801 838 904 896 Plures
926 856 1012 912 quam
1034 840 1070 895 ab
1092 838 1287 915 superioribus
1310 842 1327 897 8

229 950 256 995 et
276 950 379 997 senatu
403 942 475 998 moti
496 952 562 999 sunt
583 953 612 1000 at
633 963 723 1020 equos
743 946 868 1001 vendere
889 944 967 1001 iussi.
1011 942 1119 1001 Omnes
1140 945 1226 1003 iidem
1248 948 1285 1004 ab

229 1054 352 1119 utroque
373 1054 401 1102 et
422 1046 498 1102 tribu
521 1048 590 1105 moti
613 1025 754 1109 laturarii
777 1050 860 1121 facti3
883 1068 975 1124 neque
989 1049 1083 1121 ullius,
1106 1069 1190 1125 quem
1213 1052 1286 1109 alter

228 1158 351 1221 notaret,
367 1151 409 1207 oo
425 1150 517 1209 altero
531 1152 627 1211 levat-a
648 1155 815 1236 ignominia.
858 1156 1037 1225 Potentibus,
1059 1163 1091 1212 ut
1105 1175 1142 1213 ex
1156 1156 1285 1215 instituto
1309 1160 1326 1214 9

228 1255 263 1310 ad
285 1265 464 1313 sartatecta
486 1258 628 1333 exigenda
648 1272 676 1318 et
697 1263 735 1319 ad
757 1282 855 1339 opera,
878 1281 941 1337 quae
961 1263 1112 1332 locassent,
1134 1262 1286 1337 probanda

227 1360 292 1416 anni
315 1370 345 1418 et
367 1362 413 1419 VI
435 1364 573 1421 mensium
595 1375 708 1443 tempus
728 1379 944 1445 prorogaretur,
967 1365 1019 1425 Cn.
1042 1366 1212 1424 Tremellius
1233 1365 1284 1422 tri·

227 1461 334 1534 bonus,
362 1465 548 1538 quia.lectus
577 1492 636 1529 non
662 1483 725 1531 erat
745 1474 775 1531 in
799 1484 940 1546 senatum,
961 1470 1128 1530 intercessit.
1171 1468 1284 1526 Eodem
1310 1472 1345 1526 10

226 1586 300 1625 anno
327 1567 362 1629 C.
386 1570 530 1633 Cicereius
551 1579 640 1636 aedem
666 1582 791 1637 Monetae
820 1583 848 1637 in
883 1588 969 1636 monte
996 1577 1112 1635 Albano
1140 1573 1285 1631 dedicavit

227 1675 421 1752 quinquennio
443 1692 523 1757 post,
546 1673 632 1758 quam
654 1686 743 1747 vovit
789 1686 911 1743 Flamen
933 1682 1075 1742 Martialis
1096 1682 1284 1756 inauguratus

226 1790 267 1836 est
287 1801 323 1838 eo
348 1803 424 1841 euno
446 1788 480 1847 L.
503 1790 670 1846 Postumius
691 1790 824 1849 Albinus.

306 1888 345 1962 Q.
367 1891 458 1963 AElio,
480 1894 521 1951 M.
543 1895 627 1951 Iunio
655 1896 820 1953 consulibus
847 1895 883 1953 de
910 1894 1065 1970 provinciis
1087 1890 1286 1962 referentibus,
1331 1885 1368 1957 16

227 2010 362 2052 censuere
383 2008 496 2072 patres,
518 2002 591 2060 duas
611 2002 775 2077 provinciae
796 2000 968 2077 Hispaniam
997 2016 1095 2057 rursus
1116 1998 1195 2069 fieri,
1217 2014 1281 2071 quae
1298 1976 1458 2097 ffffi}

227 2116 279 2156 una
310 2122 365 2177 per
394 2104 499 2163 bellum
524 2106 744 2166 Macedonicum
774 2106 883 2177 fuerat;
913 2115 941 2162 21
961 2105 1164 2184 Macedoniam
1187 2102 1281 2179 lssyri-
1306 2119 1322 2173 2

226 2222 349 2284 cumque
370 2212 501 2283 eosdem,
523 2214 558 2273 L.
580 2215 705 2272 Paulum
728 2222 757 2271 et
778 2213 813 2271 L.
834 2212 988 2283 Anicium,
1020 2211 1163 2287 optinere,
1192 2209 1284 2267 donec

225 2310 258 2367 de
278 2316 424 2372 sententia
437 2317 597 2393 legatorum
619 2337 666 2377 res
681 2328 709 2376 et
729 2319 805 2377 bello
824 2318 955 2377 turbatas
970 2326 998 2374 21
1018 2320 1046 2374 in
1067 2324 1173 2373 statum
1195 2315 1283 2372 alium

225 2436 259 2473 ex
279 2439 374 2495 regno
395 2421 562 2481 formandas
584 2425 811 2499 conposuissent.
854 2422 1028 2481 Consulibus
1046 2424 1123 2481 Pisae
1144 2430 1173 2479 et
1187 2420 1286 2481 Gallia
1308 2425 1325 2479 3

224 2524 347 2583 decreta
370 2546 433 2584 cum
458 2530 532 2587 binis
557 2530 703 2604 legionibus
725 2533 835 2606 quium
854 2530 958 2585 milium
971 2528 1098 2605 peditum
1114 2536 1142 2585 21
1157 2526 1282 2602 equitum

224 2633 497 2707 quadringenorum.
544 2638 707 2694 Praetorurn
740 2612 833 2693 sortes
861 2634 957 2707 fuere,
986 2636 1022 2709 Q.
1048 2633 1131 2693 Cassi
1161 2633 1283 2725 urbana,

226 2733 271 2791 M’.
286 2738 404 2795 Iuventi
419 2740 540 2797 Thalnae
560 2741 634 2799 inter
654 2742 831 2817 peregrinos,
853 2742 901 2802 Ti.
917 2740 1022 2800 Claudi
1035 2740 1161 2799 Neronis
1176 2738 1283 2811 Sicilia,

227 2839 276 2899 Cn.
301 2844 391 2901 Fulvi
420 2845 566 2920 Hispania
596 2846 728 2919 citerior,
759 2849 872 2905 21122121·
905 2846 939 2907 C.
969 2847 1061 2905 Licini
1090 2847 1205 2904 Nervae.
1246 2846 1285 2905 A.
1309 2852 1325 2907 4

226 2946 337 3006 Manlio
359 2950 510 3024 Torquato
534 2951 669 3011 Sardinia
700 2953 871 3022 obvenerat3
911 2941 1020 3029 nequiit
1047 2952 1089 3009 ire
1115 2952 1145 3009 in
1166 2950 1283 3027 provin·

227 3051 308 3124 ciam,
334 3055 371 3112 ad
391 3074 438 3113 res
452 3057 590 3132 capitales
605 3059 773 3133 querendae
797 3078 834 3117 ex
858 3066 975 3115 senatus
995 3057 1125 3115 consulto
1146 3062 1282 3112 retentus.

228 3348 271 3409 8,1
282 3352 420 3416 plusquam
429 3354 463 3403 ad
469 3352 640 3417 superioribus
664 3359 678 3402 2
690 3356 781 3403 remoti
793 3344 1282 3416 2221120221ωψοι2211)1222021

229 3436 294 3488 idem
314 3468 317 3474 ‚
341 3447 356 3490 3
385 3441 452 3490 tribu
473 3440 564 3489 remoti
586 3436 660 3490 Grou.
682 3441 686 3508 Ι
705 3441 777 3489 aerari
821 3447 847 3489 4·
865 3447 966 3489 notaret
987 3440 1067 3488 altero
1087 3438 1180 3486 loeuata
1200 3433 1281 3499 (Ptol.

228 3543 343 3607 notarat)
395 3545 454 3606 9,a
478 3524 636 3608 probandida
697 3550 712 3593 3
733 3553 759 3593 21
776 3545 910 3596 bimensus¹
925 3552 1023 3617 tempus
1044 3540 1110 3592 Creu.
1136 3539 1224 3605 (Gryu.
1243 3538 1283 3587 bi·

229 3633 325 3680 nensis
353 3633 465 3696 tempus)
521 3638 538 3679 4
565 3631 591 3679 in
617 3638 706 3680 senatu
767 3632 815 3692 10,
843 3639 858 3681 2
890 3634 963 3681 adem
991 3629 1172 3680 monetalbano
1198 3624 1281 3675 Drulr.

231 3714 320 3783 (Crya.
340 3720 420 3767 aedem
439 3719 466 3766 iu
484 3726 569 3767 monte
590 3718 703 3783 Albano)
758 3726 774 3767 4
801 3720 818 3768 l.
835 3719 927 3768 abinus
946 3720 1032 3782 (sumu
1049 3716 1137 3779 serapio
1154 3713 1177 3777 1)
1194 3719 1283 3778 postu-

230 3805 293 3854 mius
348 3805 421 3865 XVI,
439 3805 464 3864 1,
483 3812 497 3855 2
516 3805 633 3869 hispania
681 3805 706 3865 2,
728 3811 739 3854 l
759 3806 909 3856 macedonia
946 3806 1092 3871 soptinere
1111 3805 1182 3852 decet
1200 3801 1231 3850 de
1267 3804 1282 3847 3

234 3888 307 3956 Gryn.
326 3892 467 3955 legatorum
486 3900 512 3941 et
529 3908 569 3941 res
582 3894 651 3942 bello
667 3894 671 3955 Ι
687 3900 713 3941 21
726 3900 819 3942 statum
835 3892 935 3959 Krepsa.
956 3891 1044 3959 (Grpe.
1059 3899 1086 3941 et
1097 3896 1189 3940 statum
1205 3888 1283 3936 aliurn

231 3994 283 4045 eius
292 3997 365 4058 regni
374 3996 523 4059 formando)
561 3996 610 4057 3,l
626 3998 715 4046 consul
724 3998 784 4061 pisa
818 4002 833 4046 2
852 4012 909 4046 cum
919 3997 986 4047 binis
997 3996 1045 4061 (H.
1056 3978 1150 4058 binise)
1169 3993 1282 4059 peditum

232 4079 312 4131 Drok.
340 4082 430 4147 (Crya.
459 4098 517 4132 cum
546 4083 612 4133 binis
643 4083 788 4147 legionibus
815 4084 940 4147 peditum)
990 4091 1005 4133 3
1042 4083 1283 4148 quadringentorum

232 4166 312 4218 Drok.
343 4168 433 4234 (Gryn.
459 4171 695 4235 quadringenteuis)
719 4171 725 4233 Ι
749 4184 773 4232 q.
798 4173 899 4221 causius
926 4172 1026 4223 urbana
1047 4186 1071 4219 m
1092 4170 1188 4218 inuenti
1206 4168 1283 4215 talnae

232 4254 288 4316 (Μ’.
307 4265 331 4305 et
351 4258 456 4306 Thalnae
475 4254 575 4322 Siqua.)
617 4258 739 4306 tsiciliae
787 4258 963 4307 beiteriorem
982 4274 1003 4307 c.
1022 4257 1091 4306 licini
1109 4254 1197 4320 (Grpe.
1218 4254 1283 4303 ulte·

233 4342 284 4391 rior
297 4353 354 4407 poet
369 4344 461 4393 Nervae
478 4344 597 4409 inaerari.)
632 4343 658 4404 4,
678 4349 693 4393 2
711 4344 806 4406 nequid
822 4345 871 4394 iret
906 4351 920 4394 3
940 4345 1055 4409 capitalis

1039 4434 1085 4487 lb*
