3475 5084
477 504 537 561 268
740 501 817 551 Liber
834 501 918 552 XLV.
970 502 1018 563 (A.
1037 514 1062 551 u.
1083 514 1105 550 c.
1126 501 1198 562 5⁸7.)

393 688 410 743 3
433 684 542 760 spoliis.
579 686 669 743 Dedit
690 687 777 745 soeiis
790 687 945 746 navalibus
966 687 996 744 in
1010 685 1140 762 singulos
1154 686 1291 743 denarios
1306 693 1491 759 septuagenos

434 789 547 864 quinos,
561 792 814 865 gubernatoribus,
829 794 879 868 qui
894 794 923 850 in
938 793 1061 849 navibus
1076 792 1201 860 fuerent,
1216 790 1336 865 duplex,
1354 787 1492 863 magistris

394 896 550 954 lnuvium
583 896 776 972 quadruplex.
841 898 968 956 Senatus
1000 898 1103 955 deinde
1137 896 1254 953 habitus
1285 892 1343 953 est.'
1393 896 1491 951 Patres

432 1011 619 1069 censuerunt,
650 1013 683 1058 ut
703 1001 740 1074 Q.
764 1000 885 1059 Cassius
907 1004 1017 1061 Persen
1037 1016 1135 1077 regem
1158 1020 1222 1059 cum
1245 999 1418 1087 „alexandro
1437 997 1494 1054 filio
1557 1056 1558 1075 ,

432 1080 541 1161 Album
570 1105 782 1164 incustoditum
812 1108 944 1176 ducerem
973 1106 1109 1177 comites,
1138 1106 1309 1181 pecuniam,
1339 1116 1494 1179 argeutum,
1557 1106 1558 1159 ζ

392 1208 666 1280 biustrumentum,
695 1212 774 1285 quod
801 1213 937 1282 haberet,
964 1212 1036 1271 nibil
1063 1213 1139 1248 *Μ
1173 1210 1275 1285 Bitbyu
1292 1213 1375 1285 filius
1398 1210 1495 1284 Cotyis,

431 1315 508 1389 regis
540 1317 688 1373 Threcum
719 1334 781 1373 eum
812 1318 963 1375 obsidibus
1003 1319 1032 1376 in
1064 1318 1225 1397 custodiam
1259 1314 1419 1374 Carseolos
1455 1323 1496 1371 est

431 1420 544 1477 missus.
594 1420 715 1479 Ceteros
745 1424 893 1497 captiuos,
923 1423 972 1497 qui
1001 1423 1030 1479 in
1058 1422 1204 1498 triumpho
1232 1420 1312 1479 ducti
1343 1429 1443 1490 erent,
1469 1418 1496 1475 in

392 1526 409 1580 6
432 1540 576 1581 carcerem
608 1527 694 1584 uendi
723 1528 840 1603 placuit.
883 1530 1000 1585 Paucos
1027 1539 1095 1603 post
1117 1530 1195 1598 dies,
1223 1546 1313 1602 quem
1344 1527 1408 1583 baee
1435 1532 1497 1583 aeta

431 1639 530 1700 eraut,
551 1630 640 1705 legati
661 1634 699 1689 ab
722 1632 817 1709 Cotye
831 1637 906 1709 'rege
927 1634 1075 1691 Thracum
1098 1643 1254 1702 venerunt,
1284 1632 1440 1707 pecuniam
1463 1629 1498 1686 ud

392 1734 630 1793 lrsdimendum
670 1737 758 1795 filium
800 1739 933 1814 aliosque
969 1739 1085 1796 obsides
1122 1740 1322 1814 adportentes
1384 1737 1437 1794 Eis
1470 1736 1498 1791 in

429 1854 561 1897 sonetum
594 1842 764 1901 introductis
800 1856 829 1901 et
862 1846 894 1902 id
929 1846 1023 1921 ipsum
1057 1844 1220 1920 argumenti
1254 1842 1499 1919 praetendentibus

430 1945 571 2017 orationi,
597 1966 656 2003 uon
675 1968 729 2005 suu
750 1950 899 2007 voluntate
921 1950 1016 2027 Cotyn
1040 1950 1116 2008 bello
1138 1949 1246 2007 iuvisse
1267 1950 1396 2018 Persea,
1423 1947 1498 2022 quud

430 2049 546 2107 obsides
566 2052 638 2110 dare
659 2067 777 2113 coactus
797 2067 882 2127 esset,
905 2056 1127 2129 orantibusque,
1149 2064 1181 2111 ut
1202 2073 1253 2112 eos
1276 2054 1381 2129 pretio,
1405 2071 1498 2127 quan·

429 2164 489 2212 tum
518 2156 573 2232 ipsi
593 2161 761 2217 statuissent
782 2174 895 2236 putres,
924 2161 1026 2219 redimi
1048 2171 1229 2237 paterentur,
1259 2178 1437 2234 responsum
1465 2177 1499 2215 ex

387 2263 405 2320 8
428 2263 600 2321 auctoritate
621 2277 738 2322 senatus
753 2277 807 2334 est,
828 2268 966 2343 populum
983 2269 1147 2326 Romanum
1172 2265 1337 2323 meminisse
1354 2264 1499 2331 amicitis,
1558 2276 1559 2285 ¹

428 2385 493 2441 quse
514 2387 579 2427 eum
602 2369 696 2445 Cotye
720 2371 935 2446 maioribusque
964 2372 1025 2429 eius
1052 2384 1082 2429 et
1102 2383 1188 2448 gente
1209 2374 1358 2430 Threcum
1383 2370 1499 2427 fuisset.

389 2474 406 2529 9
429 2472 554 2532 Obsides
588 2476 673 2533 datos
701 2480 825 2548 crimen,
858 2496 918 2535 non
946 2479 1073 2536 criminis
1102 2478 1299 2535 defensionem
1328 2494 1405 2546 esse,
1435 2494 1499 2533 eum

429 2580 577 2637 Thracum
609 2583 689 2657 genti
724 2602 761 2639 ne
797 2583 911 2657 quietus
945 2584 1060 2658 quidem
1096 2586 1237 2653 Perseus,
1275 2581 1381 2638 nedum
1424 2580 1500 2637 bello

369 2686 405 2741 10
427 2685 562 2743 Romano
595 2698 769 2763 oeeuputuu,
801 2689 945 2745 timendus
976 2688 1073 2747 fuerit.
1131 2688 1282 2757 Ceterum,
1316 2687 1372 2743 etsi
1407 2685 1501 2763 Cotys

428 2789 528 2847 Persei
557 2792 681 2866 gretiam
712 2794 885 2868 praetulisset
917 2794 1051 2851 emirities
1086 2794 1187 2869 populi
1215 2792 1358 2862 Romani,
1392 2793 1501 2868 magis,

428 2892 498 2965 quid
530 2912 561 2951 se
591 2895 709 2970 dignum
740 2910 831 2969 esset,
858 2917 946 2973 quem
977 2900 1046 2973 quid
1074 2902 1176 2957 merito
1207 2900 1269 2956 eius
1297 2898 1361 2955 fieri
1386 2908 1501 2973 posset,

368 3000 402 3055 ll
428 2999 653 3071 aestimaturum3
681 3003 771 3061 tilium
794 3005 891 3079 adque
914 3005 1030 3061 obsides
1057 3005 1085 3063 ei
1105 3005 1303 3062 remissurum.
1347 3005 1501 3063 Beneficia

427 3106 556 3179 gratuitu
576 3125 640 3165 esse
661 3107 762 3183 populi
782 3110 924 3179 Romeni3
955 3111 1078 3186 pretium
1101 3130 1200 3169 eorum
1223 3110 1310 3167 melle
1331 3111 1501 3187 relinquere

428 3304 659 3315 ——.-

428 3458 453 3517 3.
474 3465 484 3508 l
506 3461 532 3508 iu
551 3462 667 3524 singulos
685 3478 703 3511 x
721 3471 893 3526 septuagenos
912 3464 1024 3526 quinque
1064 3462 1211 3525 smagtstri
1247 3460 1273 3519 4,
1293 3468 1308 3509 t
1328 3471 1351 3510 et
1369 3461 1395 3521 5,
1421 3468 1433 3511 1
1456 3464 1499 3512 hs·
1559 3484 1560 3501 t

428 3545 501 3593 beret
519 3548 584 3595 nihil
602 3549 669 3610 regis
688 3557 786 3597 trucum
803 3536 935 3598 obsidibus
956 3550 1047 3614 (Gryu.
1067 3549 1182 3599 haberet.
1202 3548 1267 3598 Bitis
1283 3549 1352 3610 regis
1363 3548 1500 3599 Threcum

428 3631 495 3680 filius
519 3648 576 3681 eum
599 3634 746 3697 obsidibus)
774 3634 889 3684 Videntur
907 3634 1022 3685 excidisse
1035 3633 1170 3684 huiusmodi
1184 3633 1307 3699 quodum:
1327 3636 1391 3683 nihil
1413 3638 1500 3686 detru-

427 3717 491 3767 heus
509 3719 604 3769 hebere
622 3722 730 3779 sineret;
758 3723 846 3786 Bit-bys
864 3722 972 3785 (Zouur.
992 3718 1045 3781 IX,
1064 3722 1124 3785 24),
1151 3720 1196 3771 sed
1219 3720 1248 3770 de
1265 3724 1354 3787 ,sorum
1379 3726 1500 3775 orationis

428 3802 487 3853 nibil
504 3803 600 3867 definio.
656 3807 680 3865 6,
705 3814 714 3857 l
741 3808 796 3857 haee
822 3818 893 3857 tantu
910 3810 987 3871 legati
1010 3808 1063 3873 Mp.
1083 3808 1138 3858 Em.
1161 3807 1215 3858 625
1239 3808 1327 3875 (Grpe.
1348 3810 1405 3859 baee
1432 3824 1498 3871 sets

427 3890 517 3953 legati)
555 3899 649 3956 2rege
671 3905 780 3943 tractum
808 3895 922 3943 3tilium
940 3894 1056 3957 filiosque
1076 3895 1178 3944 obsides
1213 3895 1237 3954 l,
1257 3901 1273 3944 2
1292 3905 1318 3945 et
1336 3898 1364 3945 in
1382 3898 1408 3945 id
1430 3900 1499 3963 ipsut

427 3997 670 4047 durationisGron.
700 4000 815 4063 4proetio
844 3998 1005 4059 8,2trucum
1024 3998 1103 4048 luisse
1138 4000 1300 4058 9,ltreeum
1319 4005 1393 4063 genti
1413 4019 1499 4069 neque

427 4081 452 4129 ui
472 4097 555 4146 neque
572 4085 686 4132 eiusdem
704 4086 806 4149 quidem
825 4101 928 4150 perseus
956 4084 1005 4153 Ι11,
1022 4091 1033 4134 l
1050 4086 1173 4135 beneficia
1183 4089 1310 4149 grauitate
1321 4103 1377 4139 esse
1403 4098 1498 4156 2prae-

427 4169 488 4216 tium
505 4169 509 4229 Ι
525 4170 592 4217 mule
610 4172 700 4236 relinq.
719 4187 746 4221 re
760 4172 817 4236 (sic)
