3475 5084
463 533 500 586 to
736 528 814 577 niter
831 527 903 578 xnt.
941 527 989 590 (s.
1008 541 1033 579 ιι.
1054 544 1076 578 0.
1097 527 1171 591 su.)

418 710 504 768 minis
525 711 633 782 Latini,
664 712 719 787 ipsi
740 713 904 771 maioresve
925 733 1035 783 eorum,
1066 715 1110 772 M.
1132 713 1266 782 Claudio,
1287 715 1325 774 Τ.
1347 713 1488 786 Quinctio

418 814 587 872 censoribus
608 827 712 890 postve
732 835 768 873 ea
792 819 870 892 apud
898 818 994 876 socios
1020 820 1144 877 nominis
1162 819 1257 878 Latini
1279 819 1356 876 censi
1379 827 1487 887 essent,

417 930 450 978 ut
471 938 572 977 omnes
601 921 631 977 in
666 938 748 977 suam
781 923 905 996 ortisque
931 924 1077 981 civitatem
1109 933 1177 981 ante
1208 923 1273 985 cat.
1299 925 1488 982 Novembres

358 1023 395 1080 10
417 1025 552 1082 redirent.
601 1024 740 1097 Quaestio,
764 1029 877 1101 quiite
898 1047 958 1085 non
980 1029 1132 1100 redissem,
1156 1031 1190 1087 L.
1203 1028 1345 1087 Mummio
1367 1029 1488 1104 pretori

418 1129 535 1186 decreta
555 1139 608 1186 est
656 1131 706 1188 Ad
728 1132 821 1206 legem
844 1134 1015 1191 etedictum
1039 1135 1165 1192 consulis
1186 1134 1488 1191 senatusconsultum
1573 1189 1574 1204 ,

359 1238 392 1294 tt
420 1233 563 1291 adiectum
586 1245 638 1304 est,
660 1247 701 1305 nt,
723 1237 857 1305 dictator,
879 1237 989 1307 consul,
1010 1239 1147 1308 interrex,
1169 1257 1281 1308 censor,
1302 1248 1411 1313 praetor
1434 1237 1488 1310 qui

418 1348 486 1395 tunc
508 1350 584 1396 esset
605 1343 684 1414 quive
702 1343 818 1416 posthae
831 1345 949 1416 saturus
973 1353 1052 1412 esset,
1091 1353 1163 1419 aput
1192 1362 1292 1402 eorum
1321 1361 1406 1417 quem
1438 1344 1491 1416 qui

418 1445 682 1513 manumitteretur,
713 1447 743 1503 in
765 1447 927 1504 libertatem
960 1448 1173 1516 vindicaretur,
1209 1457 1241 1504 nt
1262 1448 1307 1504 ius
1328 1447 1487 1504 iurandum

418 1548 516 1618 daret,
546 1550 595 1623 qui
616 1569 682 1607 enm
704 1551 936 1622 manumitteret,
971 1553 1096 1610 civitatis
1119 1553 1264 1609 mutandos
1286 1570 1376 1609 causa
1397 1571 1488 1608 manu

417 1671 476 1707 non
498 1654 626 1721 mittere3
647 1656 676 1711 in
699 1675 757 1731 quo
778 1657 808 1713 id
830 1675 888 1714 non
910 1657 1029 1726 inraret,
1057 1677 1122 1714 enm
1145 1657 1404 1714 manumittendum
1427 1675 1490 1713 non

359 1751 395 1806 ¹2
418 1769 599 1815 censuerunt.
647 1761 768 1818 Haecin
792 1774 939 1836 posterum
963 1775 1049 1820 cauta
1072 1763 1201 1836 iussique
1222 1762 1316 1818 edicto
1333 1759 1367 1818 C.
1380 1759 1490 1820 Claudi

418 1879 498 1923 cons.
520 1865 568 1900 *⁴
590 1862 715 1922 Claudio
738 1867 855 1924 decreta
876 1878 929 1924 est.

336 1950 376 2022 10
503 1967 582 2023 Dum
604 1969 666 2025 bec
686 1972 789 2026 Romae
809 1983 957 2046 geruntur,
979 1973 1020 2030 M.
1042 1971 1144 2030 Iunius
1164 1984 1193 2028 et
1213 1973 1253 2028 Α.
1275 1971 1413 2041 Manlius,
1436 1971 1489 2044 qui

418 2072 516 2147 priore
536 2091 614 2129 anno
635 2076 767 2132 consules
788 2076 913 2146 fuerant,
935 2096 999 2134 cnm
1012 2077 1155 2151 Aquileiae
1176 2076 1386 2144 hibernassent,
1407 2078 1489 2152 prin-

378 2177 495 2252 2cipio
523 2178 600 2234 veris
630 2179 658 2234 in
680 2181 752 2235 lines
775 2182 942 2240 Histrorum
976 2183 1133 2239 exercitum
1156 2182 1387 2239 introduxerunt.
1425 2182 1489 2241 Ubi

418 2299 483 2336 cum
506 2281 597 2340 effuse
626 2285 849 2358 popularentur,
880 2288 965 2343 dolor
985 2287 1079 2360 magis
1101 2297 1131 2342 et
1151 2286 1311 2361 indignatio
1333 2285 1418 2361 diripi
1440 2303 1489 2342 res

418 2401 488 2442 suas
509 2399 660 2444 cernentes
681 2390 809 2460 Histros,
842 2409 930 2465 quam
962 2402 1041 2448 certa
1072 2410 1154 2466 spes,
1189 2391 1264 2448 satis
1293 2391 1349 2446 sibi
1379 2390 1488 2446 virium

378 2500 395 2555 3
418 2492 559 2549 adversus
581 2495 655 2552 duos
676 2497 819 2553 exercitus
841 2515 915 2565 esse,
942 2496 1059 2554 excivit.
1118 2496 1268 2556 Concursu
1291 2515 1328 2554 ex
1350 2497 1488 2553 omnibus

416 2598 533 2671 populis
554 2597 711 2656 iuventutis
734 2599 822 2668 facto,
855 2602 1022 2674 repentinus
1056 2611 1085 2658 et
1114 2601 1319 2658 tumultuarius
1341 2601 1489 2658 exercitus

418 2768 434 2809 4
454 2770 562 2825 postque
580 2777 611 2810 es
646 2761 701 2827 My.
735 2763 779 2819 10,
797 2769 813 2811 2
831 2764 856 2812 A
873 2763 968 2828 syllaba
986 2773 1040 2812 tum
1060 2765 1085 2814 iu
1103 2766 1173 2814 uerbo
1192 2765 1304 2814 edictum
1324 2781 1386 2813 nunc
1404 2765 1491 2828 incipit

417 2863 494 2913 codex
519 2863 634 2925 Vindob,
658 2864 725 2914 cuius
744 2866 850 2914 varietas
870 2867 972 2930 posthac
990 2866 1101 2932 sotumi
1122 2840 1193 2919 coba.
1214 2839 1249 2918 sc.
1287 2868 1329 2926 11,
1351 2873 1362 2916 i
1384 2883 1457 2917 cons.
1480 2867 1484 2930 Ι
1540 2916 1542 2922 ,

417 2948 455 3030 pr.
494 2973 510 3015 2
527 2982 595 3016 nnnc
606 2965 660 3032 Sip.
680 2968 807 3018 Lacunam
827 2971 919 3019 notavit
935 2979 958 3018 et
973 2969 1092 3034 supplevit
1104 2969 1307 3037 massamuti
1324 2979 1386 3035 aput
1396 2985 1487 3020 eornm

418 3068 492 3117 quem
520 3055 740 3102 manumitteretur
759 3053 884 3104 Creverius
902 3055 992 3122 (Gryu.
1009 3059 1077 3122 apud
1096 3057 1179 3105 lorum
1199 3057 1287 3121 quem)
1313 3059 1488 3106 4manumit·

418 3136 636 3203 terelmnttsndoe
654 3148 699 3189 aut
714 3142 852 3190 multandis
878 3148 953 3191 enon
974 3145 1155 3209 mitterenquid
1174 3159 1224 3192 nou
1243 3144 1327 3192 iurare
1349 3158 1408 3191 eum
1429 3143 1485 3208 Hp.

417 3225 474 3276 Est,
498 3225 553 3275 497
586 3237 608 3275 et
628 3227 778 3290 Hermopea
805 3227 898 3292 (Gryn.
930 3230 1030 3278 mittere
1060 3231 1103 3292 qni
1134 3231 1160 3278 id
1187 3245 1239 3278 non
1269 3230 1382 3284 inraret.
1412 3231 1487 3291 cnm)

418 3311 461 3371 12,
482 3318 493 3359 l
515 3325 593 3362 causa
611 3312 667 3377 My.
686 3313 743 3364 En.
762 3312 823 3364 498.
840 3316 845 3376 Ι
861 3331 885 3364 c.
908 3315 994 3366 claudi
1013 3331 1083 3366 cons.
1103 3317 1206 3365 claudio
1224 3318 1327 3366 decreta
1346 3324 1392 3367 est.
1430 3316 1486 3366 La·
1575 3331 1576 3396 p

417 3414 502 3446 mmm
528 3397 646 3447 indicavit
675 3399 730 3464 My.
751 3399 799 3450 ibd.
819 3400 964 3466 (Gryneust
995 3404 1201 3466 crassiorisque
1226 3403 1305 3452 dictio
1323 3401 1353 3452 Ο.
1374 3401 1487 3452 Claudio
1575 3397 1576 3430 l

417 3482 477 3534 Cos.
498 3485 601 3532 decreta
619 3484 680 3547 est.)
716 3486 777 3534 Post
798 3487 902 3535 decreta
926 3497 965 3536 est
983 3505 1059 3537 uacuo
1083 3487 1217 3553 spetiali
1240 3498 1284 3538 aut
1304 3488 1333 3537 14
1351 3486 1486 3537 litterarum

417 3586 499 3618 verm
517 3570 663 3620 metiuntur.
695 3571 730 3627 X,
743 3571 796 3629 1,ss
816 3581 934 3626 snsntnt
951 3573 982 3622 In
1000 3574 1047 3624 isac
1065 3593 1121 3624 voce
1139 3584 1161 3624 st
1178 3573 1271 3639 aliquot
1288 3573 1344 3623 aliis
1362 3573 1387 3622 ia
1403 3575 1486 3637 primo
1575 3555 1576 3572 ³

416 3654 508 3705 codicis
522 3655 629 3719 popina,
653 3656 838 3706 minuimus
857 3675 979 3718 versuum,
1003 3659 1086 3710 littere
1104 3661 1196 3726 aliquot
1218 3677 1286 3725 pene
1304 3659 1416 3709 suamdoe
1434 3660 1485 3726 dff-

409 3740 510 3805 Jiculter
521 3740 641 3806 lepuntur3
660 3758 694 3790 nr
704 3742 742 3791 lic
756 3744 893 3793 maiuscula
901 3734 1064 3809 scribarum]
1080 3749 1123 3811 qui
1137 3748 1255 3810 aquileiae
1272 3746 1275 3812 Ι
1289 3748 1486 3800 hibernassent·

417 3833 433 3876 3
452 3827 504 3876 aeri
519 3832 523 3883 1
539 3827 597 3877 finis
614 3828 765 3880 hisraornm
807 3829 832 3888 2,
853 3837 867 3878 2
888 3829 969 3880 effuso
993 3838 1079 3885 astet
1123 3833 1200 3883 tEae
1222 3834 1298 3883 sabb
1321 3835 1387 3882 duos
1412 3849 1486 3882 exer-

417 3914 483 3962 citus
502 3914 597 3962 excivit
614 3923 704 3963 tantum
723 3913 778 3964 dua
794 3917 880 3980 primae
898 3915 997 3977 littera,
1015 3935 1069 3984 que
1087 3936 1178 3968 uersum
1197 3918 1320 3976 claudunt,
1339 3935 1402 3968 nunc
1420 3929 1486 3968 certo

416 3998 465 4064 lepi
478 4009 591 4064 possunt,
618 4017 660 4050 nce
686 4000 796 4051 ridentur
823 4001 909 4052 ductus
932 4006 1030 4054 obscuri
1051 4004 1080 4054 id
1104 4014 1251 4064 monstrare,
1278 4003 1345 4070 quod
1365 4004 1486 4070 thnoeus

416 4084 487 4151 lepis,
514 4086 562 4134 nt'oeei
577 4085 643 4150 quod
660 4086 792 4138 litterarum
810 4106 907 4138 numam
924 4091 1026 4152 spatium
1045 4102 1153 4140 convenit
1170 4089 1334 4156 excludimus,
1364 4091 1389 4140 εἰ
1405 4099 1485 4140 cetera

416 4181 483 4222 rectu
505 4181 567 4232 sunt,
598 4172 664 4237 quod
690 4175 798 4224 oratione
819 4173 955 4238 postulante
974 4186 1031 4240 post
1047 4176 1214 4243 Krcpssipium
1231 4175 1324 4228 addidi
1347 4177 1416 4240 (Em.
1437 4177 1484 4242 43)

417 4273 482 4309 esse.
510 4259 632 4308 &usne
649 4258 733 4309 litteras
751 4260 862 4310 videntur
879 4278 928 4310 esse
946 4263 999 4314 nid.
1039 4261 1127 4312 Versus
1144 4264 1284 4314 terminatur
1302 4264 1326 4312 in
1345 4264 1484 4328 omnilbas.

416 4344 442 4405 8,
464 4351 475 4394 l
497 4348 616 4397 omnisus
635 4347 735 4398 rosulis
