3475 5084
551 507 631 559 Liber
647 507 720 560 xm.
754 507 805 572 (Α.
823 505 885 558 chr.
907 507 981 574 ltt.)
1230 511 1264 568 13

232 689 319 746 trium
340 690 517 765 oppidorum
540 691 654 748 excidio
676 701 705 748 et
730 699 824 748 morte
843 691 922 766 regis
944 701 1049 766 pacata
1070 699 1123 762 est,
1146 709 1304 778 omnesqqe

232 796 363 869 undique
384 797 495 871 populi,
523 796 675 854 obsidibus
697 796 789 865 datis,
815 797 844 853 in
867 797 1008 854 dicionem
1036 805 1185 856 venerunt.
1244 797 1305 854 Sub
1331 799 1366 852 to

232 901 357 958 Histrici
390 904 476 960 finem
509 901 578 959 balli
617 911 690 977 aput
717 902 840 977 Ligures
874 902 996 958 concilia
1028 902 1064 959 de
1094 901 1170 959 bello
1202 901 1305 959 haberi

234 1016 340 1082 coepta.
376 1057 384 1069 ,

318 1112 369 1170 Ti.
404 1111 543 1170 Claudius
575 1113 741 1187 proconsul,
776 1112 826 1186 qui
860 1120 968 1187 praetor
1000 1111 1098 1186 priore
1130 1129 1206 1167 anno
1241 1110 1304 1168 fua·
1349 1102 1388 1174 12

233 1225 293 1285 rat,
350 1235 417 1272 cum
449 1216 584 1290 praesidio
621 1215 744 1292 legionis
784 1217 868 1274 unius
908 1216 985 1273 Pisis
1023 1225 1156 1291 praeerat.
1215 1214 1345 1273 Ouiue2

234 1321 340 1378 litteris
363 1331 482 1377 senatus
505 1323 611 1378 certior
630 1321 735 1392 faetus,
771 1339 821 1378 eas
851 1321 932 1396 ipsas
962 1321 1074 1377 litteras
1096 1321 1133 1376 ad
1158 1319 1191 1377 O.
1214 1318 1306 1377 Clau-

234 1427 313 1484 dium
340 1432 423 1494 (nam
446 1428 519 1484 altar
540 1427 641 1484 consul
661 1427 720 1483 iam
742 1427 772 1483 in
795 1426 959 1485 Sardiniam
983 1427 1148 1498 traiecerat)
1172 1424 1305 1482 deferen-

235 1533 287 1590 das
322 1541 441 1601 censet3
473 1541 503 1589 et
535 1533 623 1589 adicit
655 1533 817 1601 decretum,
850 1532 987 1606 quoniam
1013 1531 1127 1588 Histria
1153 1529 1345 1607 provincia-‘l

236 1637 371 1696 confecta
394 1646 479 1707 esset,
500 1637 525 1693 si
540 1637 567 1693 ei
581 1637 737 1707 videretur,
760 1637 918 1694 exercitum
941 1637 1107 1694 traduceret
1124 1637 1153 1693 in
1171 1637 1304 1711 Ligures.

236 1743 333 1802 Simul
364 1759 403 1798 ax
429 1740 531 1798 litteris
561 1743 704 1812 consulis,
739 1760 813 1816 quas
842 1741 879 1799 de
904 1743 992 1800 rebus
1022 1743 1052 1798 in
1074 1741 1187 1799 Histria
1216 1739 1347 1816 gestis4

235 1850 404 1924 scripserat,
427 1847 456 1904 in
473 1848 591 1905 biduum
610 1848 784 1923 supplicatio
805 1848 929 1904 decreta.
965 1848 1003 1905 Et
1025 1849 1061 1904 ab
1080 1847 1171 1904 altero
1189 1846 1307 1904 consule

236 1954 281 2011 Ti.
300 1953 478 2027 Sempronio
500 1953 529 2008 in
551 1952 687 2010 Sardinia
716 1970 857 2028 prospere
880 1971 926 2009 res
945 1962 1037 2028 gesta.
1086 1953 1253 2011 Exercitum
1276 1952 1306 2009 in
1330 1951 1347 2005 5

237 2079 342 2135 agrum
365 2058 527 2117 Sardorum
549 2057 697 2113 Iliensium
720 2056 844 2118 induxit.
882 2058 1055 2114 Balarorum
1068 2076 1175 2132 magna
1197 2056 1308 2113 auxilia

235 2166 394 2223 Iliensibus
416 2172 564 2220 venerant.
623 2160 697 2219 Cum
718 2173 843 2236 utraque
866 2174 952 2236 gente
979 2163 1069 2237 signis
1093 2161 1216 2219 conlatis
1238 2181 1307 2218 aon·

236 2270 320 2328 flixit.
375 2268 450 2325 Fusi
478 2266 628 2342 fugatique
665 2267 764 2323 hostes
805 2266 965 2340 castrisque
999 2267 1095 2335 exuti;
1132 2267 1198 2324 XII
1229 2266 1308 2324 milia

237 2384 419 2432 armatorum
442 2390 526 2428 caasa.
573 2373 698 2430 Postero
720 2371 768 2428 die
791 2373 875 2429 ardna
900 2372 976 2428 lecta
1004 2371 1096 2429 conici
1117 2373 1148 2430 in
1169 2391 1307 2430 acervum
1330 2367 1348 2422 θ

237 2481 321 2537 iussit
343 2478 447 2536 consul
465 2495 638 2551 sacrumque
657 2479 687 2534 id
699 2477 833 2534 Vulcano
855 2476 1005 2536 cremavit.
1053 2477 1202 2535 Victorem
1225 2495 1307 2534 exer·

237 2586 326 2644 citum
348 2584 380 2641 in
401 2583 524 2639 hiberna
552 2583 697 2640 sonarum
719 2583 834 2640 urbium
856 2581 981 2640 reduxit.
1038 2583 1078 2639 Et
1099 2581 1133 2640 C.
1156 2581 1306 2652 Claudius,
1330 2577 1347 2630 7

236 2690 340 2747 litteris
363 2689 412 2749 Ti.
435 2687 540 2746 Claudi
561 2698 590 2745 et
610 2699 728 2745 sanatus
755 2689 888 2745 consulto
913 2695 1048 2761 accepto,
1071 2706 1108 2744 ex
1129 2687 1243 2744 Histria
1264 2687 1307 2744 le-

238 2797 341 2872 gionas
362 2795 394 2852 in
406 2795 528 2868 Liguras
550 2793 724 2850 transduxit.
761 2794 811 2850 Ad
834 2793 1021 2852 Scultennam
1043 2794 1149 2850 flumen
1172 2793 1203 2851 in
1225 2812 1306 2850 cam·
1330 2785 1348 2842 8

238 2919 291 2976 pos
315 2898 467 2976 progressi
488 2909 585 2956 castra
606 2898 754 2956 habebant
776 2900 885 2956 hostes.
946 2899 992 2956 Ibi
1018 2917 1083 2956 cum
1111 2899 1148 2957 iis
1179 2899 1241 2956 acie
1263 2899 1308 2956 di·

238 3007 388 3064 micatum.
469 3005 530 3061 XV
562 3003 643 3060 milia
674 3022 764 3074 caesa,
807 3004 872 3080 plue
904 3002 986 3062 DCC
1032 3013 1083 3060 aut
1128 3003 1157 3059 in
1202 3002 1308 3078 proelio

238 3111 341 3168 autin
364 3108 468 3165 castris
490 3109 572 3179 (nam
595 3125 631 3166 ea
652 3128 769 3184 quoque
784 3110 1043 3184 expugnatasunt)
1065 3109 1152 3183 capti,
1175 3116 1203 3164 et
1223 3108 1308 3182 signa

239 3214 378 3274 militaria
398 3233 487 3270 unum
509 3223 538 3271 et
560 3215 585 3270 L
607 3224 702 3289 capta.
740 3214 878 3289 Ligures,
899 3214 1028 3288 reliqniae
1049 3214 1152 3282 cadis,
1173 3212 1203 3269 in
1224 3231 1307 3268 mon·
1329 3206 1347 3261 9

238 3329 281 3378 tes
302 3319 483 3395 refugerunt,
515 3320 684 3394 passimque
712 3319 865 3394 populanti
887 3329 1063 3394 campestres
1085 3336 1173 3392 agros
1195 3316 1307 3374 consuli

238 3427 318 3484 nulla
339 3445 465 3500 usquam
491 3434 689 3500 apparuerunt
710 3444 802 3482 arma.
850 3424 1004 3495 Claudius,
1033 3423 1155 3480 duarum
1177 3422 1305 3496 gentium
1332 3418 1367 3472 lll
1400 3441 1403 3446 ·

239 3549 296 3588 uno
319 3550 398 3589 anno
422 3530 526 3599 victor,
547 3531 670 3601 duabus,
692 3530 771 3603 quod
792 3548 861 3587 raro
884 3530 967 3601 alius,
988 3530 1017 3586 in
1045 3528 1195 3586 consulatu
1218 3545 1307 3602 paca·

239 3636 275 3694 tis
297 3635 467 3712 provinciis,
488 3637 614 3694 Romam
637 3635 766 3693 revertit.

238 3843 263 3902 9,
290 3850 306 3892 2
335 3858 485 3906 omnesquae
526 3818 663 3906 epopeus
705 3841 774 3901 XII,
799 3841 825 3900 1,
846 3846 858 3889 l
881 3848 908 3890 .t.
928 3840 1045 3889 claudius
1064 3837 1148 3904 Sigon.
1174 3838 1179 3902 Ι
1204 3836 1307 3887 fuerant

239 3947 264 4006 2,
284 3953 300 3996 2
326 3946 423 3996 factust
463 3947 489 4008 3,
510 3953 524 3995 2
549 3954 671 3996 concocta
710 3944 771 4004 4,2
798 3944 934 4008 suplicatio
950 3941 955 4006 Ι
971 3951 996 3992 et
1020 3943 1101 3991 altaro
1146 3947 1161 3990 2
1185 3955 1255 3990 cons.
1275 3941 1307 3990 iis

239 4034 388 4098 sempronio
429 4034 601 4082 asardiniam
618 4033 622 4094 Ι
639 4033 722 4094 gestia
745 4030 837 4096 (Gryn.
857 4031 948 4093 gestae)
989 4028 1013 4088 5,
1035 4035 1049 4077 2
1068 4029 1205 4078 illianslum
1240 4027 1307 4076 ail-

238 4121 359 4171 liansium
402 4119 428 4175 8.
450 4125 461 4169 l
482 4121 629 4169 cultennam
646 4117 768 4168 etiterum
786 4116 828 4179 18,
847 4115 876 4176 13
904 4115 954 4166 oid.
977 4113 1045 4164 Oluv.
1065 4113 1123 4164 Ital.
1149 4113 1206 4162 Ant.
1226 4109 1249 4171 I,
1267 4110 1308 4161 36

238 4223 263 4272 p,
276 4206 339 4257 417.
378 4207 452 4256 ahia
470 4205 572 4272 Krepaa.
600 4211 665 4254 san
684 4218 750 4254 caasa
767 4205 825 4267 plus
845 4204 889 4252 dct
918 4203 1030 4268 acapiti
1065 4201 1090 4261 9,
1112 4199 1242 4264 spanum
1260 4213 1307 4263 po·

240 4294 398 4358 palantiquae
416 4292 471 4359 Mp.
491 4293 548 4343 Em.
564 4290 626 4345 499.
642 4292 647 4355 Ι
663 4291 812 4355 campestris
847 4290 890 4351 10,
909 4295 924 4338 2
943 4291 1091 4352 pacatisque
1120 4286 1238 4335 tarantis
