3475 5084
551 493 630 544 Liber
647 492 732 544 XLII.
781 492 831 557 (Δ.
850 491 912 544 Chr.
936 493 1008 560 17³.)
1232 504 1268 559 41

245 677 442 738 Decemviros
464 678 493 734 in
515 697 581 736 eum
604 697 661 736 rem
682 697 720 736 ex
740 687 858 736 senatus
880 678 1012 738 consulto
1031 681 1141 739 creavit
1154 683 1192 741 Α.
1206 681 1314 742 Atilius
1336 689 1355 744 4

244 793 357 860 praetor
377 783 508 841 urbanus
529 784 571 842 Μ.
592 783 746 842 AEmilium
761 784 915 860 Lepidum,
938 781 972 842 Ο.
994 783 1139 856 Gessium,
1159 785 1196 846 T.
1218 787 1315 845 AEbu·

246 889 320 946 tium
343 886 471 959 Carum,
494 885 529 946 0.
548 887 753 958 Tremellium,
777 890 814 947 P.
837 887 1004 946 Cornelium
1029 887 1205 966 Cethegum,
1227 891 1263 965 Q.
1287 901 1316 949 et

246 994 282 1054 1..
306 988 469 1069 Apuleios,
497 993 539 1053 M.
562 991 725 1065 Caecilium,
747 992 780 1051 Ο.
803 993 965 1065 Salonium,
986 992 1020 1054 O.
1042 995 1215 1059 Munatium.
1260 994 1313 1052 Di·
1338 1002 1355 1056 5

245 1099 379 1156 viserunt
397 1097 473 1155 dena
494 1097 596 1173 iugera
616 1096 646 1154 in
667 1097 811 1174 singulos,
844 1097 931 1155 sociis
958 1098 1083 1156 nominis
1105 1098 1203 1155 Latini
1224 1108 1314 1160 terna

245 1204 308 1263 Per
329 1203 406 1260 idem
429 1210 558 1278 tempus,
584 1221 643 1278 quo
664 1203 726 1260 baec
746 1203 926 1278 agebantur,
949 1203 1040 1279 legati
1061 1222 1098 1262 ex
1120 1203 1234 1261 AEtoliu
1254 1205 1315 1263 Ro·

246 1327 328 1365 mam
350 1315 493 1364 venerunt
520 1308 557 1363 de
578 1306 730 1366 discordiis
756 1307 1004 1382 seditionibusque
1027 1307 1101 1380 suis,
1131 1317 1159 1366 et
1180 1310 1316 1368 Thessali

245 1413 339 1489 legati
360 1413 537 1483 nuntiantes,
561 1430 626 1486 quse
645 1411 676 1469 iu
697 1412 873 1471 Macedonia
896 1421 1074 1488 gererentur.

333 1519 475 1588 Perseus,
496 1517 603 1574 bellum
625 1517 684 1577 iam
707 1517 776 1576 vivo
797 1525 882 1593 patre
903 1517 1061 1594 cogitatum
1082 1517 1110 1574 in
1133 1519 1230 1576 animo
1253 1519 1315 1576 vol·
1379 1519 1399 1590 5

246 1639 331 1694 vens,
355 1639 456 1678 omnes
477 1639 536 1677 non
556 1630 659 1697 gentes
681 1623 768 1678 modo
784 1620 916 1692 Groeciae,
937 1622 989 1680 sed
1011 1622 1142 1680 civitates
1164 1623 1251 1682 etiam
1274 1624 1315 1682 le·

244 1727 416 1804 gationibus
447 1726 609 1798 mittendis,
644 1726 807 1802 pollicendo
837 1727 1032 1802 pluraquam
1055 1727 1234 1804 prestando,
1261 1728 1317 1785 sibi

244 1829 433 1888 conciliabat.
471 1830 566 1887 Erunt
586 1839 683 1888 tamen
705 1849 819 1906 maguae
840 1831 932 1907 pertis
954 1831 1102 1890 hominum
1124 1830 1315 1890 adseverem
1339 1842 1356 1897 2

246 1933 311 1990 eius
332 1933 463 1991 inclinati
486 1935 575 1992 enimi
603 1944 632 1993 et
660 1936 810 2010 aliquanto
840 1953 928 2012 quem
958 1935 988 1992 in
1009 1937 1170 1995 Eumenem
1190 1953 1315 2012 propen-

245 2038 356 2106 siores,
388 2056 453 2094 oum
475 2039 615 2096 Eumenis
643 2040 788 2098 beneficiis
818 2040 1045 2116 muneribusque
1071 2059 1171 2099 omnes
1193 2040 1315 2100 Graeeiae
1339 2055 1356 2108 3

246 2142 382 2200 civitates
411 2151 441 2199 et
467 2121 599 2220 plerique
625 2144 787 2221 principum
818 2144 939 2220 obligati
969 2156 1078 2218 essent,
1111 2155 1139 2202 et
1164 2144 1207 2202 ite
1233 2163 1265 2204 se
1285 2146 1316 2204 in

245 2265 340 2324 regno
362 2265 416 2305 suo
437 2260 560 2324 gereret,
583 2260 623 2320 ut,
650 2268 714 2324 qum
735 2251 790 2307 sub
806 2250 920 2307 dicione
941 2248 1002 2306 eius
1024 2250 1110 2308 urbes
1132 2260 1227 2322 essem,
1250 2249 1316 2308 uul-

245 2353 304 2410 lius
327 2352 426 2411 libere
447 2353 572 2411 civitatis
593 2352 740 2412 fortunam
762 2373 859 2412 secum
883 2363 1022 2411 mutatam
1045 2354 1157 2413 vellent.
1205 2352 1316 2412 Contra
1339 2363 1357 2417 4

246 2461 360 2517 Persea
381 2457 463 2517 fama
484 2468 547 2516 crat
567 2470 636 2534 post
655 2460 746 2535 patris
763 2467 887 2516 mortem
909 2475 1029 2516 uxorem
1053 2477 1139 2516 manu
1162 2476 1216 2515 sue
1237 2458 1313 2516 ocei-

247 2565 340 2634 disse3
363 2563 516 2638 Apellem,
538 2564 699 2621 ministrum
723 2565 869 2639 quondu‘m
892 2562 1003 2621 fraudis
1023 2564 1052 2620 in
1074 2563 1165 2621 fratre
1186 2563 1313 2620 tollendo

247 2671 347 2746 adque
374 2671 413 2728 ob
441 2671 471 2727 id
503 2667 561 2747 [et]
584 2669 733 2744 quesitum
756 2689 775 2727 a
795 2669 934 2745 Philippo
962 2669 999 2726 nd
1030 2665 1215 2744 supplicium,
1243 2685 1313 2725 exu-

247 2774 368 2843 lantem,
391 2775 561 2833 accersitum
580 2785 648 2850 pest
668 2774 760 2850 patris
783 2785 904 2831 mortem
920 2774 1083 2849 ingentibus
1105 2772 1254 2848 promissis
1276 2772 1315 2830 ed

246 2879 370 2955 praemia
392 2887 481 2936 tentae
501 2889 676 2956 perpetratu
698 2878 750 2948 rei,
772 2879 847 2935 clam
867 2879 1054 2937 interfecisse.
1095 2878 1243 2936 Intestinis
1265 2897 1316 2936 ex·
1339 2883 1355 2933 5

247 2985 399 3059 ternisque
419 2993 560 3060 praeterea
581 2984 680 3042 multis
704 2983 830 3041 cedibus
851 2983 989 3042 infamem
1015 3003 1068 3041 nec
1090 2983 1148 3040 ullo
1170 3000 1313 3039 commen·

248 3089 378 3147 debilem
404 3088 506 3146 merito
528 3087 724 3162 praeferebent
743 3089 831 3164 vulgo
852 3088 983 3149 civitates
1004 3102 1062 3147 tam
1085 3088 1134 3164 pio
1157 3104 1227 3160 erge
1247 3103 1316 3160 pro·

247 3193 393 3268 pinques,
418 3203 478 3250 tum
502 3192 578 3249 iusto
599 3193 629 3249 in
651 3192 746 3264 cives,
768 3205 829 3251 tam
854 3196 989 3253 munifico
1011 3212 1081 3269 erga
1102 3209 1202 3249 omnes
1223 3189 1316 3246 humi·

247 3315 301 3354 nes
323 3297 396 3372 regi,
428 3316 478 3354 sen
509 3296 592 3356 fama
621 3308 649 3355 et
681 3299 833 3357 maiestate
854 3300 1048 3359 Macedonum
1075 3314 1177 3371 regum
1206 3310 1316 3369 prseoc·
1340 3300 1357 3353 6

249 3403 350 3478 eupuli
385 3403 423 3460 ed
456 3404 648 3479 spernendam
684 3404 824 3480 originem
845 3403 916 3462 novi
936 3403 1036 3479 regni,
1068 3419 1119 3460 seu
1149 3397 1317 3458 mutationis

248 3543 485 3567 ·····-·r··--—-

249 3622 276 3682 4,
298 3629 310 3673 1
331 3626 434 3675 ineam
454 3641 487 3675 ex
533 3633 549 3675 t
575 3636 593 3676 t.
613 3626 727 3675 ebutium
743 3641 848 3691 parrum
867 3625 940 3690 Piql.
988 3632 1003 3674 3
1027 3640 1051 3688 q.
1071 3594 1212 3674 ebrnelium
1231 3621 1318 3670 cethe-

250 3725 365 3775 gumque
383 3713 442 3762 etl.
458 3713 572 3778 apuleius
609 3718 625 3761 4
644 3713 762 3762 selinium
799 3712 825 3773 5,
845 3718 861 3761 4
881 3712 1047 3762 seditionibus
1064 3712 1165 3774 suisque
1180 3707 1186 3772 Ι
1201 3706 1318 3756 thessalis

252 3793 456 3878 bgererdentur
491 3816 766 3876 v,1,1umbeuum
782 3813 836 3880 My.
850 3815 906 3864 Em.
921 3813 981 3864 510.
1020 3815 1132 3863 tombis
1169 3809 1319 3874 21(an

249 3902 334 3952 Erant
343 3911 428 3951 autem
437 3903 463 3966 i)
480 3904 484 3965 Ι
499 3903 605 3965 partirer
615 3901 715 3967 Krepes.
734 3900 826 3967 (Grpe.
837 3915 932 3962 magna
942 3915 975 3949 ox
984 3901 1069 3964 purte)
1081 3900 1085 3966 l
1096 3899 1210 3948 laborem
1230 3897 1318 3947 anniti

252 4015 278 4056 et
288 4007 440 4071 aliquantos
467 4005 492 4065 3,
504 4011 519 4055 8
532 4006 608 4056 urbes
617 4005 703 4054 nullus
718 4003 791 4054 Curio
804 4004 912 4068 (nullius
925 4001 1017 4070 Gryu.)
1041 4001 1067 4059 4.
1078 4008 1093 4051 2
1103 4017 1210 4066 perseen
1223 3999 1319 4056 lumem

254 4108 364 4174 lpatries
379 4112 385 4174 Ι
400 4123 563 4160 uxoremanu
593 4108 923 4173 sepellemmeministrum
952 4107 1012 4156 tid
1026 4114 1052 4156 et
1070 4106 1198 4171 quesitum
1217 4101 1319 4168 Kreyss.

253 4196 347 4264 (σφι.
374 4198 408 4246 ob
433 4198 459 4246 id
483 4195 646 4259 requisitum)
663 4196 844 4259 {exultantem
889 4198 995 4242 etanta
1035 4193 1100 4253 5‚2
1125 4204 1209 4256 preses
1233 4189 1320 4238 multis

254 4286 443 4350 apropinquos
481 4283 579 4332 teinis
617 4281 642 4341 6,
662 4286 677 4329 2
696 4282 867 4344 spernendum
892 4277 967 4330 Gron.
