3475 5084
553 508 632 559 Liber
649 507 734 557 XLII.
766 506 815 569 (A.
835 504 896 556 Chr.
919 508 993 571 171.)
1094 470 1100 483 ·
1227 510 1264 567 st

248 690 335 747 cidem
358 693 508 750 accersito.
560 693 652 767 Argis
671 678 829 767 praebitum
844 701 889 749 est
909 690 944 749 iis
967 690 1134 761 concilium
1167 688 1218 747 ubi
1238 689 1309 747 nihil
1333 694 1348 749 7

247 792 321 852 aliud
341 813 362 851 a
384 808 469 870 gente
490 798 666 854 Achaeorum
688 797 841 871 petierunt,
866 815 954 870 quam
977 804 1009 852 ut
1033 794 1110 851 mille
1132 792 1236 851 milites
1258 793 1309 849 de·

246 908 314 959 rent.
359 901 396 958 ld
422 903 587 975 praesidium
616 902 654 959 ad
682 900 849 959 Chalcidem
879 901 1031 971 tuendam,
1062 900 1129 956 dum
1157 899 1309 955 Romanus
1333 902 1350 958 8
1394 876 1401 897 ³

246 1007 387 1063 exercitus
414 1007 444 1062 in
473 1006 620 1065 Graeciam
654 1006 841 1076 traiceretur,
876 1007 1002 1063 missum·
1023 1013 1074 1061 est.
1122 1003 1250 1061 Marcius
1281 1011 1309 1059 et

245 1111 359 1181 Atilius,
379 1112 517 1185 peractis,
540 1097 604 1186 quas
625 1111 738 1187 agenda
754 1112 784 1167 in
802 1110 919 1169 Graecia
936 1119 1027 1181 eraut,
1048 1108 1190 1185 principio
1207 1106 1309 1165 hiemis

245 1216 367 1273 Romam
389 1216 546 1275 redierunt.

320 1320 397 1377 Inde
418 1320 526 1395 legatio
547 1320 601 1376 sub
623 1319 700 1376 idem
717 1329 829 1394 tempus
851 1321 881 1377 in
903 1320 1007 1379 Asiam
1030 1327 1056 1375 ct
1074 1318 1180 1375 circum
1198 1314 1307 1371 insulas
1349 1314 1391 1387 ,15

244 1424 336 1481 missa
353 1410 360 1419 ⁸
380 1427 457 1483 Tres
489 1433 572 1481 erant
600 1424 702 1497 legati,
732 1426 779 1485 Ti.
806 1424 959 1496 Claudius,
988 1424 1039 1499 Sp.
1062 1420 1244 1489 Postumius,
1265 1420 1308 1479 M.
1331 1428 1348 1483 2

243 1529 349 1586 lunius.
396 1530 423 1587 Ii
449 1527 658 1586 circumeuntes
688 1531 882 1603 hortabantur
906 1531 1001 1587 socios
1030 1529 1068 1587 ad
1096 1524 1309 1599 suscipiendum

244 1635 381 1691 advorsus
402 1634 514 1690 Persea
529 1653 586 1708 pro
608 1630 748 1691 Romanis
771 1634 888 1705 bellum,
911 1644 948 1705 et,
970 1653 1028 1709 quo
1047 1654 1170 1710 quaeque
1190 1634 1309 1708 opulen-

242 1740 295 1795 tior
316 1739 422 1795 civitas
444 1746 516 1807 erat,
536 1756 570 1794 eo
589 1739 752 1795 accuratius
773 1741 908 1813 agebant,
931 1740 1000 1813 quia
1022 1740 1148 1798 minores
1170 1748 1310 1797 secuturas

243 1846 383 1901 maiorum
412 1843 614 1928 auctoritatem
642 1853 733 1899 erant.
784 1843 891 1901 Rhodii
920 1845 1039 1902 maximi
1063 1846 1101 1902 ad
1126 1845 1224 1902 omnia
1246 1863 1308 1901 mo·
1331 1848 1348 1905 ³

242 1950 326 2008 menti
344 1949 539 2017 habebuntur,
556 1947 625 2022 quia
642 1967 700 2004 non
717 1946 818 2005 fovere
838 1957 960 2020 tantum,
982 1951 1033 2007 sed
1057 1951 1198 2008 adiuvare
1219 1950 1306 2007 etiam

242 2056 348 2112 viribus
365 2054 425 2111 suis
443 2047 550 2109 bellum
569 2063 713 2127 poterant,
726 2053 921 2127 quadraginta
936 2055 1059 2112 navibus
1075 2065 1194 2113 auctore
1208 2056 1306 2129 Hege-

242 2160 348 2217 silocho
380 2158 561 2233 praeparatis.
616 2158 689 2231 Qui,
719 2177 784 2216 cum
813 2160 842 2215 in
874 2176 987 2215 summo
1025 2158 1197 2233 magistratu
1232 2167 1348 2223 ossele

244 2264 393 2340 (prytanin
413 2263 470 2337 ipsi
491 2264 620 2335 vocant),
646 2262 744 2318 multis
766 2262 946 2319 orationibus
970 2261 1147 2335 perduxerat
1168 2262 1310 2333 Rhodios,
1329 2262 1333 2272 '

243 2381 272 2425 ut
291 2371 421 2438 omissa,
444 2384 530 2441 quem
552 2386 629 2441 saepe
653 2386 759 2423 vanam
782 2368 895 2442 experti
918 2376 1022 2439 essent,
1043 2386 1145 2441 regum
1167 2365 1308 2423 fovendo-

242 2495 300 2531 rum
322 2494 387 2549 spe,
410 2475 573 2529 Romanam
592 2473 770 2543 societatem,
793 2492 881 2528 unam
904 2482 963 2527 tum
984 2471 1115 2527 interris
1138 2470 1184 2527 vel
1198 2471 1308 2529 viribus

243 2581 284 2635 vel
304 2581 363 2636 fide
384 2576 536 2646 stabilem,
563 2576 734 2634 retinerent:
767 2578 881 2635 Bellum
906 2576 1059 2661 imminere
1088 2594 1152 2631 cunr
1183 2577 1307 2645 Porse03
1331 2588 1347 2641 5

243 2684 456 2741 desideraturos
486 2682 636 2738 Romanos
668 2684 790 2739 eundern
826 2682 961 2738 navalem
995 2690 1185 2755 apparatum,
1222 2697 1308 2752 quem

243 2807 329 2863 nuper
351 2787 502 2856 Antiochi,
523 2805 607 2859 quem
633 2787 761 2861 Philippi
783 2796 850 2843 ante
873 2787 948 2843 bello
970 2786 1119 2844 vidissent.
1163 2772 1348 2857 Trepidassss
1391 2840 1394 2845 ,

243 2900 319 2950 turos
349 2904 411 2949 tum
443 2902 561 2965 repente
588 2892 723 2965 paranda
752 2892 860 2962 classe,
892 2910 956 2947 cum
982 2891 1121 2947 mittenda
1143 2898 1228 2960 esset,
1253 2888 1309 2945 nisi

243 3001 357 3056 relicere
379 3016 484 3067 naves,
516 2996 571 3053 nisi
597 2998 739 3053 instruere
763 2997 917 3053 navalibus
946 2995 1031 3051 sociis
1064 2995 1226 3068 coepissent
1271 2993 1309 3051 Id

244 3124 276 3160 eo
297 3106 393 3179 magis
410 3102 494 3159 enixe
515 3102 682 3159 faciundum
705 3120 778 3173 esse,
800 3111 832 3159 ut
853 3102 974 3158 crimina
990 3100 1096 3159 ,delata
1119 3101 1155 3157 ab
1179 3100 1308 3157 Eumene

243 3210 296 3267 fide
309 3228 408 3267 rerum
419 3205 592 3263 refellerent.
624 3208 679 3265 His
696 3206 807 3264 incitati
829 3205 1024 3280 quadraginta
1048 3204 1167 3261 navium
1184 3203 1307 3261 classem
1329 3214 1346 3269 λ7

245 3374 473 3383 ψ.-

245 3505 267 3567 l,
288 3515 298 3558 t
318 3512 375 3571 argi
389 3510 395 3573 1
410 3510 428 3558 ii
444 3511 448 3573 1
465 3512 508 3559 ubi
519 3525 558 3562 res
568 3512 637 3560 aliud
654 3510 744 3560 Vereor
754 3511 791 3570 (ut
800 3507 856 3567 lt),
877 3524 905 3555 nc
919 3508 980 3557 inter
994 3522 1034 3555 res
1044 3505 1144 3555 etuliud
1153 3503 1309 3568 pluruiatcr-

245 3594 349 3647 uiderint.
387 3603 541 3645 flaccorum
578 3597 766 3657 8,lcalcidem
812 3594 895 3652 XLV,
907 3595 955 3653 1,l
977 3595 1003 3641 iu
1020 3592 1103 3641 'asiam
1123 3593 1217 3641 circum
1237 3590 1306 3640 Dido.
1329 3618 1345 3645 -,

245 3679 268 3741 2,
288 3689 299 3731 l
319 3694 337 3732 t.
357 3684 475 3733 claudius
492 3682 576 3748 Sipoa.
593 3684 638 3747 ip.
658 3683 801 3746 postumius
813 3680 896 3730 Druk.
946 3687 961 3729 3
986 3681 1096 3728 aduerus
1115 3692 1204 3743 persea
1223 3691 1308 3725 roma·

246 3770 282 3817 uis
317 3771 655 3832 tciuitatcstagebsntin
674 3784 728 3832 qua
744 3770 853 3817 minores
895 3766 920 3825 3,
943 3773 954 3815 1
976 3767 1031 3814 rodi
1051 3764 1188 3815 martimum
1205 3763 1210 3828 Ι
1227 3764 1308 3812 moui·

246 3858 320 3905 menti
358 3863 373 3905 2
387 3856 474 3905 fauere
485 3856 584 3921 Kreyss.
602 3857 607 3919 Ι
623 3858 775 3904 adiuuarent
788 3854 885 3903 uiribus
912 3853 1087 3915 3hegesilooo
1103 3851 1218 3911 Ursinus-
1231 3850 1306 3916 Gryu.

246 3939 365 4003 Hegesilo
391 3949 407 3990 4
420 3941 495 4007 Gryn.
508 3944 661 4006 comparatis
678 3941 704 4001 4,
717 3948 728 3991 l
741 3943 917 4001 magistratum
937 3939 1197 3987 2multiorationibus
1206 3937 1306 4003 Kreyss.

248 4027 334 4094 (Grpa.
357 4030 446 4078 multis
469 4029 621 4093 rationibus)
642 4027 646 4094 1
666 4029 808 4092 peruicerat
826 4027 912 4075 rodios
938 4024 993 4089 My.
1013 4024 1069 4073 Em.
1089 4023 1147 4074 536
1176 4022 1309 4087 (Scriptum

248 4116 312 4165 diora
319 4117 402 4181 fursee
417 4124 496 4180 potest
506 4118 647 4178 pervicerat
659 4123 721 4177 aput
737 4113 868 4175 Rhodios)
895 4119 910 4161 3
924 4126 990 4175 saepo
1005 4125 1055 4159 uua
1068 4112 1167 4175 experti
1194 4117 1210 4158 4
1227 4111 1309 4159 socie·

249 4202 367 4251 tationem
382 4216 434 4250 uua
470 4202 604 4251 secabiles
647 4194 706 4260 5‚'l
726 4202 1021 4262 imminerentumperseo
1052 4197 1201 4248 {tauthioci
1247 4196 1308 4258 6,ss

249 4299 299 4339 esse
345 4295 360 4339 8
380 4289 494 4338 reuicers
511 4289 516 4351 Ι
532 4287 838 4351 coepisseoteoagirenixae
854 4286 1003 4336 faciundum
1022 4291 1062 4334 est
1080 4298 1107 4334 se
1125 4291 1155 4333 ut
