3475 5084
482 529 540 584 114
741 522 821 573 Liber
837 522 923 573 XLII.
970 522 1015 588 (A.
1037 536 1063 573 u.
1084 536 1105 571 c.
1126 521 1200 585 583.)

394 710 412 767 9
435 708 577 784 petebant
596 706 699 764 iaculis
713 708 894 782 sagittisque.
926 708 1057 765 Maxime
1075 703 1348 780 cestrosphendonis
1369 704 1510 762 vulnera·

435 813 549 869 bantur.
598 812 665 868 Hoc
696 813 746 870 illo
774 814 851 870 ballo
873 832 978 869 novum
1001 830 1092 886 genus
1114 811 1164 867 teli
1185 811 1332 868 inventum
1356 818 1411 867 est.
1454 812 1510 869 Bi·

434 917 532 991 palme
554 916 695 991 spiculum
723 919 820 976 hastili
850 916 1042 975 semicubitali
1063 917 1182 972 infixum
1209 922 1287 984 erat,
1312 916 1510 975 crassitudine

377 1027 412 1083 10
437 1004 530 1096 digiti}
561 1023 628 1079 huie
658 1018 789 1094 abiegnae
816 1021 919 1077 breves
941 1021 1035 1095 pinnae
1056 1030 1129 1090 tres,
1160 1020 1239 1078 velut
1260 1020 1376 1094 sagittis
1401 1021 1509 1092 solent,

436 1126 705 1194 circumdabantur3
738 1125 829 1182 funde
856 1126 952 1181 media
980 1125 1037 1182 duo
1068 1126 1190 1182 scutalia
1217 1126 1332 1201 inparia
1360 1125 1508 1196 habebat3

436 1251 502 1289 cum
531 1234 635 1289 maion'
658 1230 721 1286 nisu
744 1230 879 1287 libratum
902 1230 1032 1286 funditor
1052 1232 1168 1287 habena
1189 1240 1316 1298 rotaret,
1347 1249 1508 1289 excussum

374 1340 410 1396 ll
436 1338 516 1394 velut
537 1337 621 1412 glans
643 1336 797 1393 emicabat.
840 1334 913 1391 Cum
938 1346 966 1392 et
989 1338 1045 1393 hoc
1069 1336 1177 1393 etalio
1200 1335 1279 1391 omni
1300 1352 1408 1409 genere
1431 1334 1507 1392 telo·

433 1460 498 1499 rum
520 1460 590 1516 pars
611 1444 764 1498 vulnerata
784 1439 906 1497 militum
929 1449 1021 1511 esset,
1056 1460 1110 1497 nec
1138 1439 1224 1497 facile
1245 1440 1304 1496 iam
1328 1458 1414 1496 arma
1436 1438 1508 1496 fessi

434 1548 622 1615 sustinerent,
652 1546 761 1601 instare
792 1563 858 1613 rex,
890 1556 921 1601 nt
942 1546 1079 1603 dederent
1099 1563 1146 1613 se,
1170 1545 1255 1601 fidem
1279 1544 1360 1612 dare,
1382 1544 1508 1617 praemia

433 1650 578 1708 interdum
610 1650 755 1726 polliceri3
787 1668 839 1706 nec
868 1650 1037 1724 cuiusquam
1069 1652 1105 1706 ad
1135 1649 1309 1705 deditionem
1331 1649 1508 1705 flectebatur

435 1756 563 1822 animus,
595 1774 659 1811 oum
689 1774 726 1810 ex
756 1754 904 1828 insperato
933 1754 990 1810 iam
1014 1754 1166 1826 opstinatis
1189 1754 1263 1810 mori
1285 1772 1352 1828 spes
1375 1753 1506 1811 adfulsit

375 1855 410 1911 12
433 1860 512 1915 Nam
544 1878 609 1915 oum
643 1879 680 1915 ex
709 1858 967 1915 frumentatoribus
994 1858 1169 1933 refugientes
1198 1860 1317 1933 quidam
1347 1859 1377 1915 in
1405 1868 1508 1915 castra
1562 1906 1563 1913 ,

433 1963 615 2018 nuntiassent
635 1962 755 2031 consuli,
774 1963 969 2019 circumsideri
991 1964 1164 2038 praesidium,
1188 1972 1282 2021 motus
1305 1964 1437 2039 periculo
1460 1972 1506 2021 tot

434 2066 539 2123 civium
564 2069 645 2140 (nam
668 2065 775 2125 DCCC
790 2066 890 2136 ferme,
912 2079 940 2124 et
958 2087 1057 2125 omnes
1073 2069 1198 2126 Romani
1218 2068 1312 2153 erant)
1337 2087 1401 2125 cum
1422 2068 1505 2143 equi-

434 2177 497 2225 tatu
521 2189 555 2227 ac
576 2172 633 2228 levi
655 2182 805 2230 armatura
826 2173 1021 2245 (accesserant
1041 2193 1120 2230 nova
1142 2174 1266 2242 auxilie,
1289 2174 1428 2229 Numidae
1451 2193 1504 2249 pe-

434 2275 508 2331 dites
530 2276 699 2351 equitesque
722 2287 751 2333 et
773 2277 930 2352 elephanti)
954 2278 1056 2335 castris
1078 2278 1234 2352 egreditur,
1256 2286 1291 2334 et·
1306 2278 1431 2335 tribunis
1450 2280 1503 2336 mi·

374 2372 410 2430 13
433 2380 513 2436 litum
543 2381 684 2457 imperat,
718 2391 750 2439 ut
771 2382 915 2456 legionum
939 2382 1023 2456 signa
1042 2392 1209 2457 sequantur.
1252 2382 1339 2456 Ipse,
1365 2382 1502 2439 velitibus
1563 2454 1564 2469 χ

312 2466 316 2473 ’
434 2486 472 2541 ad
493 2488 636 2543 firmanda
665 2487 771 2544 levium
804 2505 949 2542 armorum
982 2488 1092 2544 auxilia
1120 2487 1255 2557 adiectis,
1291 2488 1328 2543 ad
1359 2487 1501 2553 tumulum

374 2582 411 2637 ¹4
434 2592 579 2665 praecedit.
621 2590 765 2648 -Cousulis
787 2591 880 2647 latera
901 2601 1002 2665 tegunt
1026 2592 1186 2661 Eumenes,
1217 2590 1337 2649 Attalus
1360 2599 1388 2647 et
1409 2590 1502 2647 Mise-

433 2713 531 2768 genes,
552 2696 668 2767 regulus
691 2693 896 2753 Numidarum.

351 2783 392 2852 66
517 2797 590 2854 Cum
612 2799 641 2854 in
663 2810 818 2871 conspectu
841 2799 936 2872 prima
964 2800 1049 2874 signa
1077 2818 1195 2857 suorum
1217 2799 1414 2856 circumsessis
1438 2797 1499 2855 fue-

432 2909 515 2972 runt,
544 2902 685 2959 Romanis
712 2903 827 2976 quidem
859 2906 897 2959 ab
920 2904 1031 2961 ultuma
1053 2906 1255 2980 desperatione
1285 2914 1434 2960 recreatus
1457 2910 1499 2959 est

392 2997 561 3076 2animus3
587 3008 729 3078 Perseus,
762 3009 807 3065 cui
829 3009 953 3083 primum
977 3010 1103 3065 omnium
1126 3009 1237 3079 fuerat,
1266 3017 1315 3079 ut,
1349 3016 1499 3064 contentus

432 3111 552 3169 fortuito
569 3131 713 3182 successu,
735 3114 827 3187 captis
844 3114 955 3187 aliquot
972 3112 1229 3171 frumentatoribus
1248 3112 1419 3185 occisisque,
1442 3128 1498 3167 non

393 3208 410 3264 3
433 3226 540 3275 tereret
571 3227 684 3294 tempus
711 3219 740 3274 io
763 3218 913 3274 obsidione
942 3217 1084 3292 presidii,
1117 3219 1291 3288 secundum,
1324 3236 1361 3274 ea
1384 3234 1498 3291 quoque

431 3330 575 3397 temptata
598 3332 761 3395 utcumque,
783 3318 847 3378 cuni
869 3323 956 3379 sciret
978 3321 1048 3383 nihil
1069 3323 1183 3380 roboris
1205 3340 1303 3379 seeum
1327 3340 1409 3391 esse,
1431 3321 1497 3376 dum

433 3513 666 3522 ——-—---

433 3646 584 3711 4putnbant
594 3608 686 3693 iaculis
699 3645 704 3707 Ι
723 3644 797 3711 Gryn.
809 3645 939 3707 sagittisve
974 3644 999 3703 9,
1013 3649 1023 3692 l
1037 3646 1260 3709 cestruspendouis
1289 3642 1422 3696 &bellurn
1437 3640 1445 3707 1
1460 3642 1496 3691 bi·

430 3731 543 3815 palmaie
581 3749 684 3797 eastili
702 3750 854 3797 semicuitali
908 3747 1375 3810 10‚1nuicabtegesraeu0pinnae
1395 3746 1493 3811 Krousa.

431 3834 546 3900 ePolyb.
567 3834 694 3895 XXVII,
713 3834 730 3883 9
749 3835 838 3899 (Gryn.
857 3833 918 3881 huie
937 3835 968 3880 ad
988 3834 1112 3881 libramen
1133 3833 1233 3896 pinna)
1272 3838 1286 3880 2
1307 3830 1495 3881 circumfundu-

430 3922 536 3987 bantur}
546 3923 596 3969 duo
609 3936 664 3971 cum
676 3922 726 3969 alia
737 3921 819 3983 inpari
833 3918 855 3968 Ι.
871 3919 901 3967 Δ.
915 3918 1040 3968 Ernestius
1057 3919 1146 3984 (Gryn.
1160 3922 1211 3968 duo
1225 3917 1335 3981 funalia)
1365 3924 1381 3966 3
1396 3919 1496 3967 maioris

431 4027 488 4075 sinu
497 4024 611 4089 mapa,
630 4026 703 4088 Gryn.
712 4023 801 4070 maiori
814 4022 872 4069 sinu
882 4018 885 4083 l
895 4021 1009 4069 funditur
1027 4021 1092 4079 11,2
1105 4023 1169 4070 armi
1189 4021 1303 4084 aproemi
1324 4026 1337 4069 5
1354 3996 1495 4084 opstinutid=

388 4134 392 4141 ·
431 4111 473 4172 12,
495 4118 510 4159 3
533 4126 602 4159 accc.
658 4107 924 4170 lesmorensem
976 4106 1022 4163 14,
1047 4113 1058 4155 l
1082 4122 1233 4170 mysagenes
1265 4106 1306 4167 (F.
1332 4106 1493 4169 Attalusque.

430 4198 486 4248 Em.
505 4195 550 4259 70)
596 4193 699 4251 LXVI,
719 4192 743 4249 1,
765 4198 777 4240 l
798 4207 855 4253 eum
875 4193 1015 4253 inspectum
1035 4193 1119 4255 prima
1151 4192 1218 4239 tab
1238 4192 1294 4239 ultu
1329 4192 1384 4251 2,ss
1404 4192 1494 4255 capitis

386 4343 389 4348 Ι
430 4284 536 4345 aliquod
571 4286 688 4328 stetere
718 4278 744 4338 3,
764 4284 779 4325 2
799 4288 937 4342 utcumque
955 4292 1041 4328 secum
1060 4278 1138 4327 sciret
