3475 5084
546 509 626 560 mser
642 510 713 562 xor.
751 512 798 574 (a.
819 513 879 565 cnr.
902 511 974 576 ιιι.)
1211 517 1246 574 ³¹

243 699 336 760 untes
352 702 445 750 utrum
460 696 611 754 Romaum
627 716 664 754 un
681 698 849 773 Philippum
867 716 1062 772 sequeremur.
1095 696 1177 754 Nihil
1199 707 1291 756 metus
1318 699 1353 753 ts

241 815 356 872 presens
383 801 422 856 ab
448 801 590 860 Romanis
618 802 776 860 sententias
803 813 918 860 nostres
944 801 1102 871 inclinar-iu
1133 801 1188 858 luit
1215 813 1293 862 certe

241 911 328 960 temen
349 903 474 978 aliquid,
503 907 582 980 quod
610 915 671 964 tam
696 908 815 982 longam
837 907 1073 964 deliberationem
1095 905 1212 966 faceret.
1255 909 1291 966 Id

241 1007 300 1081 quid
320 1009 403 1068 eret?
445 1010 571 1068 Vetrreta
600 1013 765 1070 coniunctio
793 1031 858 1070 cum
887 1010 1113 1078 Macedonibus,
1141 1021 1241 1068 veteru
1263 1021 1291 1070 et

241 1131 336 1187 magna
361 1115 392 1171 in
419 1134 472 1173 noe
496 1135 598 1191 regum
621 1116 732 1176 merita.
773 1117 901 1174 Valeant
922 1133 998 1172 nunc
1019 1116 1120 1172 eadam
1142 1116 1207 1185 illa,
1231 1136 1290 1175 non
1317 1115 1351 1170 15

240 1229 267 1276 ut
287 1220 427 1295 praecipue
449 1221 552 1287 amici,
580 1223 631 1278 sed
659 1239 697 1278 ue
724 1222 869 1297 precipue
895 1221 1002 1278 inimici
1031 1219 1130 1280 simus.
1174 1221 1221 1278 Ne
1250 1222 1290 1293 id,

240 1324 307 1398 quod
328 1344 386 1382 non
408 1326 514 1401 agitur,
535 1325 717 1396 Callicrates,
742 1326 975 1384 simulaverimus
997 1325 1054 1400 egi.
1087 1325 1184 1383 Nemo
1206 1345 1291 1386 noves

239 1430 373 1487 rodetatis
404 1440 455 1488 aut
482 1431 551 1488 novi
578 1429 713 1501 sedem,
741 1451 800 1506 quo
825 1449 880 1488 uos
901 1441 1009 1489 temere
1031 1429 1201 1504 inligemus,
1220 1451 1288 1490 con-

239 1535 369 1593 scabendi
390 1545 436 1594 est
455 1545 572 1605 auctor3
599 1537 650 1593 sed
680 1537 885 1595 commercium
916 1545 1027 1594 tantum
1050 1536 1120 1592 iuris
1141 1537 1289 1612 praebendi
1314 1533 1350 1588 16

238 1643 433 1717 repetendique
453 1641 500 1711 sit,
521 1660 558 1699 ue
579 1640 781 1698 interdictione
797 1640 895 1697 finium
913 1651 1067 1698 poemorum
1084 1651 1201 1699 nostros
1216 1661 1289 1716 quo·

239 1763 286 1819 que
305 1760 318 1818 q
338 1756 368 1802 et
383 1765 438 1802 nos
452 1765 544 1821 regno
564 1763 724 1804 arceamus.
762 1746 811 1803 Ne
831 1745 923 1802 servis
941 1745 1048 1804 uostris
1067 1747 1165 1821 aliquo
1187 1746 1289 1821 fugere

237 1850 328 1922 liceat,
359 1852 431 1927 quid
462 1853 519 1908 hoc
545 1852 686 1916 adversus
707 1852 843 1912 Romana
871 1847 983 1907 ioedera
1011 1847 1076 1906 est?
1127 1850 1203 1922 Quid
1225 1870 1286 1908 rem
1313 1847 1347 1901 li

237 1975 345 2031 parvam
378 1965 410 2013 et
439 1966 570 2031 apertam
604 1975 742 2031 maguam
772 1964 801 2012 et
828 1964 991 2030 suspectum
1018 1952 1164 2012 iacimus?
1210 1954 1287 2028 Quid

236 2080 317 2119 venos
341 2062 481 2119 tumultus
503 2061 632 2118 ciamus?
675 2060 762 2134 Quid,
783 2069 815 2116 ut
836 2060 891 2134 ipsi
913 2057 1008 2114 locum
1034 2057 1204 2115 adsentandi
1227 2060 1287 2116 Ro·
1313 2056 1348 2112 18

236 2167 317 2224 manis
344 2168 521 2235 habeamus,
560 2175 711 2240 suspectos
740 2165 814 2224 elios
846 2163 1015 2235 invisosque
1048 2159 1210 2218 efficimus?
1255 2162 1288 2222 si

235 2270 329 2328 bellum
351 2272 418 2341 erit,
433 2291 471 2328 ne
484 2272 612 2328 Perseus
633 2269 748 2343 quidem
766 2269 889 2335 dubitet,
911 2265 980 2340 quin
998 2266 1148 2323 Romanos
1162 2267 1288 2324 secuturi

236 2374 326 2446 simue;
347 2377 376 2434 in
393 2395 475 2452 pace,
492 2375 607 2432 etiamsi
621 2393 678 2430 non
688 2374 826 2432 finiuntur
837 2372 915 2437 odia,
927 2370 1178 2429 intermittantur,“
1213 2369 1287 2428 Cum
1313 2371 1348 2426 19

235 2478 310 2538 iidem
330 2482 399 2539 huic
421 2479 561 2548 orationi,
587 2479 637 2553 qui
664 2477 767 2535 litteris
795 2476 873 2551 regie
895 2473 1009 2532 adsensi
1031 2483 1126 2545 erant,
1161 2474 1287 2532 adsenti-

235 2594 329 2655 nster,
349 2585 550 2659 indignatione
574 2582 754 2658 principum,
775 2579 867 2654 quod,
891 2598 977 2653 quem
1000 2598 1060 2636 rem
1084 2577 1287 2652 relegatione

235 2688 336 2761 quidem
359 2691 479 2764 dignam
500 2687 658 2745 iudicasset
678 2687 819 2754 Perseus,
847 2684 950 2741 litteris
969 2701 1127 2757 paucorum
1150 2698 1285 2738 versuum

234 2792 402 2869 impetraret,
422 2795 567 2851 decretum
589 2790 731 2849 differtur.
770 2789 875 2866 Legati
896 2787 999 2846 deinde
1021 2797 1124 2861 postea
1145 2782 1224 2842 missi
1245 2783 1284 2840 ab
1307 2781 1345 2839 20

235 2985 455 2997 ·-————-—

233 3149 392 3212 trequemur
450 3147 525 3208 14‚l
551 3145 626 3210 Gryu.
645 3143 768 3194 Nonnihil
821 3145 952 3194 sfcccrat
981 3139 1134 3190 Vcscosonus
1148 3142 1153 3202 1
1169 3142 1282 3205 idqucd

234 3243 280 3283 erat
297 3243 424 3286 uetustate
441 3233 534 3300 (Gryn.
553 3232 664 3294 vetusta)
681 3231 736 3296 Mp.
747 3230 804 3280 Em.
821 3226 888 3279 506.
926 3233 940 3276 5
960 3241 1044 3275 rerum
1080 3225 1122 3284 15,
1145 3232 1155 3274 l
1177 3227 1284 3277 ualeant

233 3333 321 3369 munuc
331 3321 387 3386 My.
400 3320 492 3384 (Grpe.
508 3319 620 3368 Valeant
632 3326 658 3368 et
668 3317 750 3374 nunc)
776 3316 791 3358 2
803 3320 874 3360 seluo
884 3314 1017 3377 precipuae
1028 3312 1136 3360 inimicis
1173 3319 1188 3361 3
1202 3314 1283 3364 simu·

233 3401 358 3456 leuerimur
377 3423 410 3456 ac
428 3420 504 3454 nemo
522 3403 594 3454 Kocl
623 3403 715 3467 (Gvyn.
739 3397 950 3448 simulaverimus.
975 3398 1068 3460 Nemo)
1093 3398 1098 3461 Ι
1122 3401 1183 3468 noui
1239 3398 1281 3459 16,

235 3489 447 3556 Μοτορειιᾱίῳιο
463 3492 467 3553 Ι
482 3491 570 3541 finium
594 3497 694 3539 nostros
711 3482 765 3548 My.
788 3485 792 3545 Ι
815 3491 841 3532 et
864 3486 984 3546 nossegui
1008 3499 1142 3534 arceamus
1166 3483 1281 3533 Fortasse

232 3575 293 3624 sord.
311 3587 413 3627 nostros
432 3593 532 3642 quoquc
551 3579 621 3626 cives
636 3583 713 3632 regno
731 3584 862 3620 arceamus
880 3579 924 3618 cut
941 3586 966 3619 n.
979 3586 1004 3632 q.
1020 3573 1087 3619 cives
1097 3570 1192 3618 finibus
1208 3572 1279 3632 regni

235 3669 277 3707 arc.
293 3661 387 3725 (Grpe.
405 3664 492 3712 linium
511 3665 656 3710 nostrorum
674 3663 701 3704 et
712 3670 759 3704 uos
774 3670 876 3720 quoque
892 3656 986 3718 regno)
1030 3661 1046 3704 3
1065 3654 1279 3718 Interpunctionem

232 3746 326 3804 ιιιιαυὶς
346 3763 401 3794 nam
412 3759 475 3798 erar:
488 3755 624 3800 arceamus,
636 3755 669 3789 ue
682 3743 805 3789 -liceea
825 3740 894 3800 Quid
906 3743 956 3791 hoc
975 3744 1095 3791 adversus
1107 3743 1152 3792 -i
1185 3744 1280 3806 4quod
1328 3744 1330 3748 ’

230 3827 274 3876 hcc
299 3830 746 3896 17‚2p⁸rbamapertametmegnem
772 3826 908 3876 ssciemur
943 3827 1009 3884 18‚l
1031 3839 1076 3876 eut
1094 3829 1141 3891 ipsi
1157 3829 1162 3890 Ι
1178 3830 1279 3877 romani

234 3915 384 3966 uhubemne
407 3918 414 3969 l
437 3913 495 3960 elios
512 3911 610 3961 inuisos
633 3908 760 3960 afficimus
782 3910 857 3960 Aleel
892 3911 961 3961 Fert.
986 3913 1134 3975 invisosque
1158 3913 1277 3965 iacimus.

233 3997 312 4057 (θη,
334 3994 400 4042 elios
417 4010 448 4042 ac
466 3998 517 4046 inv.
536 3995 594 4057 eff.)
629 4001 717 4042 uerat
750 4001 872 4045 suumne
888 3997 893 4059 1
909 4013 997 4061 pucem
1013 4001 1018 4060 Ι
1033 4014 1086 4046 ιιοιι
1105 3999 1166 4048 odio
1185 3997 1276 4065 (Grpe.

231 4076 295 4135 udis]
317 4078 439 4128 finiuntur
457 4075 741 4147 Euonymus-Cresius.
809 4081 886 4143 19,e
915 4085 983 4132 idem
1008 4084 1012 4145 Ι
1037 4085 1136 4134 adsenti
1164 4084 1276 4136 Freinel.

237 4143 517 4277 lGTWQZfflQW)
554 4185 569 4228 t
587 4158 725 4242 legationis
761 4185 933 4248 simperaret
953 4183 1027 4236 Grec.
