3475 5084
464 499 502 555 32
738 495 817 545 Liber
832 495 904 545 XLL
943 494 990 556 (A.
1010 509 1035 544 u.
1056 509 1077 544 c.
1099 493 1172 557 580.)

420 697 499 754 rege,
521 697 585 735 cum
609 679 787 754 Megalopoli
815 680 967 738 concilium
991 690 1080 749 esret3
1113 679 1241 752 dataque
1267 693 1359 750 opere
1383 684 1428 732 est
1449 675 1488 732 ab

420 784 467 853 iis,
491 783 540 857 qui
559 782 747 840 offensionem
772 796 843 858 sput
860 786 1010 841 Romanos
1031 784 1180 849 timebant.
1203 801 1239 838 ne
1257 782 1488 840 admitterentur.

338 884 379 953 25
527 890 586 945 Per
617 890 678 945 baee
713 900 846 963 tempera
878 889 1045 946 AEtolorum
1083 889 1112 944 in
1150 897 1241 944 semet
1272 886 1352 959 ipsos
1385 901 1488 940 versus

421 992 504 1049 furer
528 994 633 1048 mutuis
663 994 788 1049 caedibus
816 993 853 1048 ed
882 992 1104 1049 internecionem
1134 991 1310 1048 adducturus
1331 989 1489 1046 videbatur

381 1102 398 1156 2
422 1111 546 1172 gentem.
592 1099 675 1154 Fessi
700 1099 803 1154 deinde
832 1108 861 1153 et
886 1098 1010 1153 Romam
1040 1109 1163 1170 utruque
1191 1113 1259 1170 psrs
1282 1094 1423 1149 miserunt
1443 1091 1487 1148 le-

422 1214 507 1276 gatos
539 1213 566 1259 et
598 1203 673 1258 inter
703 1221 734 1258 se
761 1202 816 1275 ipsi
846 1202 882 1256 de
913 1187 1127 1256 reconcilianda
1159 1198 1315 1256 concordia
1343 1199 1487 1272 agebant3
1562 1211 1569 1228 ·

422 1325 487 1379 qnae
514 1325 592 1362 novo
616 1305 746 1362 facinore
772 1306 905 1362 discusse
934 1325 980 1362 res
1007 1315 1119 1361 veteres
1147 1304 1233 1360 etism
1257 1303 1317 1359 iras
1338 1303 1488 1359 excit-avit.

382 1416 399 1470 3
422 1411 580 1467 Exsulibus
605 1411 764 1485 Hypataeis.
788 1410 837 1483 qui
858 1408 993 1464 factionis
1016 1409 1143 1466 Proxeni
1165 1419 1267 1478 erent,
1288 1425 1352 1463 cum
1376 1406 1488 1463 reditus

423 1515 452 1571 in
475 1515 598 1588 putrium
622 1514 780 1588 promissus
802 1527 878 1570 esset
908 1514 1038 1586 fidesque
1066 1513 1136 1567 data
1158 1531 1210 1586 per
1230 1511 1390 1586 principem
1414 1511 1488 1568 civi·

381 1625 397 1678 4
423 1617 490 1673 tatis
514 1617 721 1691 Eupolemum‚
752 1619 873 1674 LXXX
899 1619 1032 1674 inlustres
1062 1618 1206 1684 homines,
1237 1616 1341 1690 quibus
1363 1617 1488 1673 redeun-

422 1723 499 1778 tibus
521 1723 596 1777 inter
617 1735 742 1777 ceteram
763 1722 972 1779 multitudinem
997 1722 1176 1794 Eupolemus
1198 1720 1284 1777 etiam
1308 1721 1413 1778 obvius
1436 1739 1488 1776 ex-

422 1826 503 1892 iernt,
526 1845 590 1882 cum
612 1826 786 1883 salutatione
807 1829 932 1902 benigna
956 1828 1069 1900 excepti
1090 1838 1185 1883 essent
1212 1827 1381 1898 dextraeque
1402 1825 1490 1894 datae,

422 1929 615 2003 ingredientes
638 1943 767 2004 portum,
796 1932 881 1988 iidem
905 1934 1002 1988 datam
1029 1933 1157 2004 deosque
1180 1943 1266 1986 testes
1290 1929 1487 2002 nequicquam

384 2047 400 2098 5
424 2035 608 2102 invocantes.
635 2035 776 2092 interfecti
802 2046 878 2095 sunt.
922 2037 994 2110 Inde
1019 2037 1137 2112 gravius
1169 2036 1206 2092 de
1234 2036 1347 2108 integro
1378 2034 1487 2090 bellum

423 2139 540 2196 exarsit.
584 2138 617 2197 O.
641 2142 775 2198 Valerius
799 2141 931 2198 Laevinus
960 2153 988 2198 et
1009 2146 1068 2214 Ap.
1091 2139 1231 2197 Claudius
1251 2139 1378 2195 Pulcher
1400 2147 1430 2192 et
1453 2134 1487 2196 0.

423 2245 577 2300 Memmius
599 2255 629 2300 et
650 2246 691 2300 M.
704 2246 834 2319 Popilius
854 2259 882 2301 et
902 2247 932 2302 L.
952 2244 1108 2302 Canuleius
1126 2245 1204 2322 missi
1222 2246 1259 2300 ab
1274 2256 1374 2300 senatu
1398 2261 1488 2300 vene·

382 2359 497 2412 (trent.
542 2355 625 2423 Aput
655 2368 705 2404 ees
733 2369 796 2406 etun
823 2351 945 2424 Delphis
971 2348 1241 2426 utriusquepartis
1267 2348 1354 2422 legati
1377 2367 1487 2424 magno

423 2456 579 2512 certamine
596 2466 724 2530 egerent,
741 2457 893 2511 Proxenus
911 2456 1036 2511 maxime
1047 2473 1110 2510 cum
1124 2473 1221 2520 causa,
1241 2465 1299 2508 tum
1318 2453 1487 2526 eloquentia

423 2574 560 2634 praeature
583 2562 662 2615 visus
683 2572 740 2625 est;
774 2561 822 2632 qni
845 2579 954 2634 pouces
976 2571 1042 2633 post
1063 2559 1124 2614 dies
1146 2560 1183 2614 eb
1205 2557 1370 2616 Orthobula
1393 2576 1488 2614 uxore

423 2681 534 2720 veneno
557 2676 601 2720 est
622 2662 769 2730 subletus3
792 2664 988 2738 dntnnataqne
1003 2683 1037 2720 eo
1055 2662 1181 2724 crimine.
1204 2663 1232 2718 in
1251 2662 1381 2730 exsilium
1402 2662 1485 2720 abiit.

384 2777 399 2827 7
425 2765 505 2820 ldetn
528 2769 609 2823 ferror
629 2777 659 2822 et
680 2766 831 2822 Cretenses
853 2766 1029 2822 lacerabat..
1050 2768 1186 2823 Adventu
1203 2765 1305 2821 deinde
1322 2765 1358 2837 Q.
1375 2766 1489 2822 Minuci

424 2867 531 2940 legati,
562 2867 610 2938 qui
638 2890 701 2926 cum
726 2871 754 2926 X
778 2873 901 2926 novibus
931 2870 1035 2926 missus
1056 2871 1093 2926 ad
1117 2869 1246 2956 sedanda
1268 2890 1366 2926 eorum
1390 2882 1487 2927 certe-

425 2971 503 3026 minu
518 2982 596 3036 erut,
617 2972 645 3025 iu
667 2987 745 3042 spem
770 2974 849 3048 pacis
879 2986 1024 3033 venerant.
1076 2975 1209 3033 Ceterum
1233 2974 1350 3030 indutiae
1372 2985 1486 3031 tantum

385 3087 402 3141 8
424 3095 477 3131 sex
500 3093 629 3167 tpeusum
652 3073 781 3140 fuerunt3
800 3080 867 3134 inde
890 3078 978 3132 multo
1001 3081 1118 3152 gravius
1134 3080 1238 3136 bellum
1259 3080 1378 3138 exarsit.
1403 3080 1487 3156 Lycii

425 3199 542 3254 quoque
570 3199 622 3254 per
651 3179 725 3234 idern
749 3190 861 3251 tempus
889 3183 925 3237 ab
949 3183 1069 3239 Rhodiis
1093 3187 1169 3242 bello
1191 3187 1382 3242 vexabantur.
1425 3185 1487 3243 Sed

425 3299 609 3340 externorum
632 3285 707 3340 inter
723 3302 755 3339 se
775 3284 849 3339 bellu
867 3303 924 3356 quo
944 3305 1061 3360 quaeqne
1082 3291 1168 3345 modo
1191 3301 1274 3365 gesta
1298 3289 1363 3355 sint,
1386 3306 1486 3362 perse-

427 3392 474 3462 qui
498 3407 673 3462 nonvoperae
700 3401 744 3443 est
771 3388 841 3444 satis
872 3403 1015 3458 superque
1036 3392 1129 3448 oneris
1150 3394 1300 3451 sustinenti
1321 3411 1368 3450 res
1391 3413 1410 3449 a
1431 3413 1485 3468 ρο.

426 3495 494 3568 pulo
520 3497 652 3550 llotnuno
673 3508 771 3567 gestas
792 3493 926 3548 scribere.

426 3731 473 3789 20,
494 3737 508 3777 2
529 3731 707 3792 megalopolim
730 3725 798 3791 (Csr.
819 3722 911 3779 XLV.
929 3723 970 3782 28,
989 3723 1029 3778 4.)
1080 3724 1167 3785 XXV,
1187 3729 1211 3789 1,
1233 3735 1242 3776 t
1263 3712 1432 3796 semetiipses
1470 3741 1486 3782 2

427 3817 612 3865 furorumutuis
631 3816 720 3862 edibus
773 3813 798 3870 2,
819 3812 1034 3873 3qucluetcres
1085 3809 1110 3869 3,
1134 3811 1421 3878 lhypatcislproximi
1473 3829 1486 3868 e

428 3904 625 3964 fidesquaedntte
657 3899 705 3951 4.l
727 3901 872 3948 homiuibus
903 3901 914 3937 Γ
938 3894 1124 3958 benigneCreu.
1157 3903 1263 3947 «trustis
1275 3904 1426 3962 nequiquam
1439 3922 1485 3955 no·

428 4000 515 4037 cuntes
563 3986 586 4039 5.
608 3994 621 4033 2
643 4002 666 4035 ο.
687 3987 805 4043 ualemus,
830 3983 874 4033 sed
898 3979 1078 4044 videtursuirse
1095 3982 1127 4040 Q.
1151 3985 1155 4040 l
1176 3979 1383 4042 leniustpulcer
1420 3993 1445 4039 a,
1467 3997 1486 4040 ‘l

428 4085 534 4136 egerunt
556 4073 628 4122 Curio
648 4072 739 4137 (Gryu.
760 4072 873 4130 egerint)
911 4067 1063 4116 eonobuta
1108 4064 1386 4127 tetsublutuslabit
1430 4067 1485 4124 'La
1571 4053 1572 4112 l

428 4158 784 4224 eratspempaucislGryu.
806 4157 959 4204 induciato
979 4148 1259 4201 anteasexmensium
1294 4140 1320 4198 8,
1341 4152 1356 4194 2
1376 4141 1476 4185 ··''¹3
1571 4149 1572 4156 ’

428 4262 528 4312 queque
544 4252 549 4307 1
565 4257 624 4295 sunt
648 4244 787 4306 Wesenberq
827 4250 939 4304 tepere
975 4244 1095 4298 egestae
1113 4253 1154 4287 res
1172 4229 1281 4282 seribere
