3475 5084
472 539 511 596 20
740 534 819 585 Ltber
836 533 908 584 xm.
944 535 992 596 (Δ.
1012 549 1037 584 ιι.
1057 549 1079 584 c.
1099 533 1172 599 ssu.)

428 729 517 777 vento
537 719 618 793 prius
639 720 797 778 Masinissa
816 737 896 794 rege,
917 717 1123 795 Carthaginem
1144 719 1253 786 ierant3
1281 725 1410 774 ceterum
1433 733 1495 773 cer·

430 823 488 879 tius
509 823 676 897 aliquanto,
704 843 769 899 quas
791 823 970 898 Carthagine
991 834 1058 881 acta
1078 832 1183 893 essent,
1216 821 1252 878 sb
1277 839 1348 895 rege
1369 819 1496 878 scierant

389 935 408 990 2
431 945 519 1001 quam
542 928 579 983 ab
600 927 671 1001 ipsis
692 925 989 1002 Carthaginiensibus.
1032 927 1210 1002 Conpertum
1235 935 1333 982 tamen
1355 923 1495 980 adfirma-

428 1040 542 1097 verunt,
563 1031 676 1106 legatos
698 1032 737 1088 ab
757 1049 827 1105 rege
850 1035 957 1089 Perseo
979 1031 1107 1102 venisse,
1134 1031 1228 1104 iisque
1250 1039 1337 1086 noctu
1360 1037 1495 1084 senatum

428 1135 459 1192 in
488 1136 550 1191 aede
575 1135 730 1210 AEscnlapi
762 1136 860 1192 datum
892 1155 964 1194 esse.
1031 1139 1082 1194 Ab
1112 1134 1291 1209 Carthagine
1320 1132 1437 1207 legatos
1465 1131 1495 1187 in

428 1240 632 1296 Macedoniam
654 1242 773 1308 missos,
803 1250 832 1296 et
854 1260 908 1297 rex
928 1241 1135 1298 adfirmaverat
1165 1248 1194 1296 st
1219 1239 1275 1312 ipsi
1296 1255 1402 1313 parum
1426 1253 1495 1293 con·

388 1345 405 1402 3
428 1352 539 1399 stanter
559 1352 745 1418 negaverant.
781 1345 817 1400 In
838 1346 1042 1402 Macedoniam
1065 1363 1182 1420 quoque
1203 1343 1358 1400 mittendos
1380 1341 1496 1415 legatos

428 1459 545 1504 senatus
575 1447 694 1504 censuit.
748 1449 823 1505 Tres
851 1450 931 1506 missi
958 1460 1040 1520 sunt,
1072 1449 1106 1511 C,
1136 1447 1258 1516 Laelius,
1289 1448 1331 1504 M.
1356 1446 1496 1503 Valerius

388 1558 406 1613 4
428 1551 576 1621 Messalla,
598 1550 664 1608 Sex.
687 1551 824 1625 Digitius.
865 1555 991 1610 Perseus
1013 1554 1116 1629 perid
1137 1564 1260 1627 tempus,
1282 1551 1352 1625 quia
1374 1551 1495 1624 quidem

429 1656 578 1730 Dolopum
609 1673 666 1710 non
697 1657 856 1730 parebant,
888 1667 930 1726 st,
961 1658 997 1714 ds
1029 1659 1133 1730 quibus
1165 1657 1369 1732 ambigebatur
1397 1655 1496 1724 rebus,

367 1787 378 1814 ι
427 1760 666 1835 disceptationem
689 1762 728 1816 ab
748 1779 817 1834 rege
838 1761 876 1817 ad
893 1763 1042 1819 Romanos
1065 1763 1253 1830 revocabant,
1275 1779 1340 1816 cum
1364 1760 1495 1817 exercitu

427 1865 589 1940 profectus,
621 1868 676 1923 sub
705 1866 751 1922 ius
777 1866 972 1940 indiciumque
1001 1885 1084 1924 sunm
1119 1876 1211 1922 totam
1244 1866 1340 1940 coegit
1366 1875 1494 1938 gentem.

388 1969 405 2023 5
429 1970 502 2027 Inde
523 1989 575 2045 per
595 1971 710 2027 OEtreos
736 1981 849 2027 montes
873 1982 1085 2045 transgressus,
1107 1969 1294 2044 religionibus
1316 1969 1495 2043 quibusdam

428 2075 526 2130 auimo
548 2075 683 2144 obiectis,
710 2075 839 2132 oraclum
868 2076 1000 2132 aditurus
1023 2075 1155 2150 Delphos
1177 2075 1314 2131 escendit.
1366 2072 1443 2132 Cum
1465 2073 1494 2129 in
1576 2143 1577 2152 ἵ

427 2180 524 2236 media
543 2190 662 2255 repente
676 2179 793 2237 Graecia
807 2181 999 2254 apparuisset,
1022 2197 1158 2254 magnum
1173 2197 1231 2236 non
1249 2179 1388 2235 finitumis
1405 2179 1495 2235 modo
1576 2171 1577 2188 ¹

426 2285 547 2340 urbibus
573 2295 713 2340 terrorem
742 2285 880 2377 pprebuit‚
910 2286 960 2342 sed
988 2286 1017 2341 in
1040 2285 1144 2342 Asiam
1178 2301 1295 2358 quoqne
1326 2285 1365 2340 sd
1393 2301 1494 2358 regem

387 2387 405 2441 6
427 2389 576 2446 Eumenen
602 2387 694 2444 nuntii
721 2389 891 2446 tumultuosi
912 2390 1001 2447 missi.
1041 2389 1183 2446 Triduum
1206 2408 1265 2445 non
1286 2389 1352 2464 plus
1368 2388 1495 2463 Delphis

426 2504 572 2564 moratus,
594 2512 646 2568 per
666 2495 862 2552 Phthiotidem
881 2495 1025 2551 Achaiam
1048 2493 1290 2567 Thessaliamque
1306 2493 1369 2548 sius
1384 2493 1495 2550 damno

425 2597 588 2671 iniuriaque
601 2598 734 2667 ullorum,
755 2617 808 2673 per
822 2616 945 2672 qnorum
961 2600 1034 2670 fines
1052 2599 1108 2654 iter
1122 2597 1199 2668 iecit,
1222 2599 1251 2656 in
1263 2617 1385 2672 regnum
1398 2598 1496 2655 rediit.
1575 2601 1576 2618 ¹

386 2703 402 2754 7
425 2703 490 2760 Nec
511 2721 610 2758 earum
632 2712 745 2758 tantum
768 2701 927 2770 civitatum,
946 2721 999 2777 per
1014 2722 1087 2778 quas
1101 2704 1194 2760 iturus
1209 2713 1281 2773 erat,
1302 2703 1375 2758 satis
1391 2703 1498 2760 habuit

426 2806 539 2862 animos
561 2806 616 2863 sibi
638 2806 805 2875 conciliare3
827 2817 878 2862 aut
899 2807 1011 2880 legatos
1032 2816 1083 2864 aut
1108 2807 1219 2865 litteras
1241 2807 1359 2877 dimisit,
1382 2821 1496 2882 petens,

424 2929 462 2967 ne
485 2912 592 2967 diutins
616 2911 811 2978 simultatum,
835 2929 900 2984 qnae
923 2928 988 2968 cum
1011 2921 1095 2987 patre
1116 2931 1170 2968 sno
1192 2912 1323 2982 fuissent,
1344 2914 1495 2970 meminis·

420 3173 486 3220 pars
495 3155 579 3220 olibuo
598 3155 700 3205 exterior
717 3153 812 3202 obscma
829 3162 852 3201 et
869 3151 946 3201 adeso
957 3163 998 3213 eat,
1018 3163 1043 3202 ut
1059 3151 1135 3202 desint
1148 3153 1230 3203 littera
1244 3154 1268 3202 in
1279 3171 1340 3218 pap.
1350 3155 1461 3205 aduerso
1471 3156 1497 3204 t'tt

417 3242 480 3305 fine.
500 3243 524 3291 in
542 3260 630 3292 aversa
647 3244 672 3292 in
690 3242 757 3291 initio
775 3257 891 3290 versuum.
908 3242 913 3302 Ι
929 3255 963 3288 rx.
983 3240 1037 3288 mil·
1056 3256 1088 3288 ex
1111 3240 1192 3288 africa
1215 3239 1299 3305 Sigon.
1320 3241 1413 3308 (Gryu.
1432 3259 1495 3294 uon.

424 3327 653 3391 Iul.)lredierunt
681 3325 861 3389 ...lconuento
901 3326 1269 3388 2...tbnginemlcstsrum
1289 3344 1405 3379 cer....
1434 3337 1494 3396 3q.

423 3416 555 3476 cartagine
579 3424 669 3462 actae
679 3447 803 3462 ......
808 3408 897 3475 lregel
922 3410 998 3476 thn.
1019 3413 1157 3462 rescierant
1179 3414 1246 3462 tab
1271 3415 1317 3478 ipsi
1320 3451 1443 3466 .......
1448 3414 1496 3480 {gi-

349 3505 353 3511 ’
424 3501 555 3550 niensibus
599 3500 629 3558 2,
658 3506 668 3547 l
700 3501 824 3561 conpertl
840 3506 918 3545 tanen
945 3512 961 3544 a
970 3532 1105 3547 ........
1110 3497 1176 3562 {runt
1233 3507 1359 3563 tpersco
1370 3539 1454 3553 .....
1460 3500 1495 3566 iso

424 3585 507 3648 iisquo
544 3591 559 3634 8
579 3587 633 3633 tede
651 3581 788 3647 ...lculari
803 3584 809 3645 Ι
824 3584 940 3644 camsgiu
959 3586 1088 3650 ...lgutos
1117 3591 1131 3632 4
1151 3592 1176 3633 et
1193 3600 1228 3634 re.
1243 3585 1275 3649 let
1293 3589 1339 3650 ipsi
1353 3599 1494 3651 parentum

424 3667 551 3732 coltanter
611 3670 672 3729 4,2
697 3680 777 3719 etue
801 3670 894 3730 quibua
942 3670 1383 3734 tiusdindioinmquslingentem
1432 3674 1491 3742 5,J

423 3764 502 3806 etoeos
524 3751 613 3817 moles
670 3763 685 3806 2
713 3758 826 3805 oracinm
843 3758 847 3817 Ι
866 3757 941 3821 Gryu.
961 3758 1077 3804 ascendit
1129 3765 1145 3804 4
1173 3759 1322 3820 prebuisset
1343 3761 1370 3806 in
1387 3761 1392 3822 Ι
1408 3760 1493 3824 rel...

425 3844 564 3892 bnuntios
591 3839 747 3904 tumultnol.
765 3844 882 3892 ..misit
916 3842 998 3894 Weiss.
1029 3841 1120 3907 (Crya.
1149 3845 1253 3893 nuntius
1279 3847 1406 3896 tumultus
1439 3850 1494 3896 eins

423 3946 502 4005 venit)
563 3945 589 4004 6,
608 3953 623 3994 2
643 3983 650 3996 .
670 3954 757 3995 oratos
772 3946 777 4008 Ι
793 3947 926 3994 thiotidem
944 3946 948 4004 Ι
963 3954 1001 3994 tes
1012 3981 1093 3996 .....
1105 3961 1181 4010 mque
1240 3954 1255 3996 8
1280 3985 1362 3999 .....
1373 3966 1419 4000 um
1449 3968 1495 4018 por

423 4047 531 4096 quornm
559 4033 608 4080 iter
635 4032 690 4096 My,
719 4031 812 4097 (ὄψι.
831 4047 965 4093 agrorum,
993 4047 1039 4094 per
1066 4047 1130 4094 quos
1154 4035 1211 4082 iter.
1244 4033 1296 4099 Csr.
1316 4035 1373 4086 Em.
1394 4037 1492 4103 som!

422 4114 604 4181 rsgl....edit
650 4118 706 4179 7,1
729 4115 918 4180 cinital....er
936 4117 1110 4181 quaslhubu!
1114 4154 1193 4169 .....
1206 4135 1262 4170 mos
1298 4123 1496 4190 alegatosl..t

422 4207 521 4256 litteras
531 4206 594 4255 Ante
606 4214 651 4253 ant
663 4207 763 4266 legatos
778 4204 874 4268 aliquid
886 4203 1010 4262 excidunt,
1028 4214 1090 4254 recte
1108 4205 1183 4256 Gran.
1199 4215 1222 4256 et
1234 4206 1329 4259 Creber.
1341 4210 1492 4263 iudicamur.

422 4300 438 4342 ³
457 4289 538 4354 dintil.
550 4327 574 4342 ..
594 4299 719 4340 mutatum
737 4306 787 4354 qna
802 4293 808 4353 l
822 4291 889 4341 fuis.
901 4301 945 4339 ent
