3475 5084
449 480 487 535 38
869 476 1000 525 Periocha
1036 434 1042 451 ·

407 680 434 722 et
451 673 558 736 poculo,
586 674 611 720 in
635 686 686 735 quo
709 686 832 720 uenenum
852 681 917 729 erat,
944 674 1026 723 suasit
1049 674 1092 735 iis,
1118 680 1146 721 ut
1172 674 1306 749 imminens
1329 672 1459 721 ludibrium

406 774 490 815 morte
508 764 656 827 effugerent,
676 773 701 813 et
714 778 791 826 quum
806 766 981 829 persuasisset,
1001 774 1026 815 et
1038 766 1093 829 ipsu
1106 780 1133 815 se
1144 765 1281 815 interemit.
1321 764 1461 813 Certamiua

408 859 474 908 Inter
491 859 556 907 lilios
575 858 686 921 Philippi
704 858 863 906 Macedonia
882 860 947 920 regis
965 860 1060 908 Persen
1087 865 1111 907 et
1130 858 1290 907 Demetrium
1310 856 1460 917 referentum

408 960 435 1001 et
453 958 481 1001 ut
499 952 588 1000 Irande
602 950 687 999 iratris
703 950 740 998 sui
752 950 897 999 Demetrius
907 950 972 999 lictis
987 952 1143 1009 criminibus,
1159 950 1225 999 inter
1235 964 1291 1013 quae
1304 952 1463 999 accusatione

407 1045 535 1109 parricidii
563 1053 589 1091 et
612 1042 723 1093 affectati
751 1044 839 1105 regni,
866 1043 975 1107 primum
995 1045 1102 1107 petitus,
1134 1044 1166 1091 ad
1186 1043 1320 1105 ultimum,
1346 1044 1464 1106 quoniam

408 1138 496 1202 populi
508 1137 618 1187 Romani
638 1137 735 1185 amicus
754 1146 817 1194 erat,
836 1150 935 1184 veneno
954 1146 1058 1185 necatus
1077 1136 1118 1194 sit,
1137 1149 1297 1198 regnumque
1308 1135 1464 1184 Macedonia

408 1240 509 1280 mortuo
526 1230 647 1293 Philippo
670 1229 702 1277 ad
728 1227 824 1277 Persen
850 1229 987 1278 devenerit.
1024 1229 1087 1278 Item
1111 1244 1150 1277 res
1173 1230 1200 1278 in
1218 1229 1355 1289 Liguribus
1378 1238 1405 1276 et
1420 1228 1465 1276 Hi·

409 1325 500 1388 spania
512 1332 600 1372 eontra
610 1320 750 1371 Celtiberos
769 1335 784 1367 a
799 1322 971 1385 compluribus
990 1300 1097 1370 feliciter
1108 1330 1192 1383 gestas
1205 1322 1326 1371 continet.
1360 1319 1467 1379 Colonia

411 1417 531 1480 Aquileia
548 1416 659 1464 deducta
676 1421 722 1463 est.
766 1413 835 1461 Libri
854 1412 945 1462 Numae
962 1414 1082 1477 Pompilii
1100 1413 1126 1460 in
1145 1428 1209 1475 agro
1227 1414 1258 1463 L.
1273 1414 1361 1463 Petilii
1379 1416 1467 1463 scriba

408 1512 454 1561 sub
473 1509 587 1558 Ianiculo
605 1524 621 1556 a
640 1507 778 1555 cultoribus
798 1506 852 1568 agri
871 1522 931 1555 area
949 1507 1051 1571 lapidee
1070 1506 1132 1555 clusi
1152 1506 1247 1555 inventi
1266 1517 1325 1556 sunt
1345 1517 1371 1555 et
1385 1508 1467 1557 Graeci

408 1608 434 1650 et
448 1600 547 1658 Latiui3
564 1600 591 1647 iu
609 1600 699 1662 quibus
718 1613 797 1659 quum
815 1599 936 1661 pleraque
955 1599 1174 1648 dissolvendarum
1194 1598 1348 1661 religionum
1367 1608 1467 1664 praetor,

408 1694 442 1742 ad
460 1706 535 1755 quem
555 1692 633 1740 delati
652 1698 737 1749 erant,
767 1692 884 1752 legisset,
909 1692 1001 1740 iuravit
1019 1692 1130 1749 senatui,
1158 1699 1247 1740 contra
1264 1706 1319 1741 rem
1338 1692 1468 1756 publicam

410 1800 479 1846 csse,
506 1792 535 1833 ut
556 1785 701 1845 legerentur
725 1792 943 1845 servarenturque.
986 1782 1027 1833 Ex
1046 1782 1096 1835 SC.
1122 1785 1147 1833 in
1172 1784 1276 1833 comitio
1296 1785 1382 1833 exusti
1402 1792 1466 1833 sunt.

408 1878 541 1941 Philippus
565 1877 715 1939 aegritudine
740 1874 816 1923 animi
842 1874 988 1934 conlectus,
1016 1877 1084 1940 quod
1112 1878 1267 1925 Demetrium
1291 1876 1375 1925 filium
1400 1876 1469 1926 falsis

409 1972 518 2020 alterius
532 1969 578 2017 filii
602 1970 629 2016 iu
653 1967 761 2016 eundem
786 1967 956 2017 delationibus
981 1970 1105 2033 impulsus
1129 1984 1226 2017 veneno
1250 1970 1408 2027 sustulisset,
1438 1970 1467 2017 de

407 2079 484 2128 poena
494 2064 583 2112 Persei
596 2060 716 2123 cogitarit
730 2059 860 2121 voluitque
872 2062 1029 2123 Antigonum
1038 2063 1130 2126 potius,
1144 2062 1255 2111 amicum
1271 2077 1357 2122 suum,
1370 2076 1469 2111 sueces-

409 2170 492 2205 sorem
511 2156 583 2216 regni
601 2154 638 2203 sui
657 2153 814 2214 relinquere,
843 2154 887 2201 sed
911 2154 937 2201 iu
959 2138 1008 2203 hae
1027 2156 1181 2216 cogitatione
1208 2161 1289 2204 morte
1313 2163 1404 2218 raptus
1422 2162 1466 2203 est.

407 2248 517 2298 Perseus
535 2261 641 2310 regnum
662 2246 770 2309 excepit.

826 2406 875 2455 EX
893 2404 960 2455 LIB.
979 2404 1050 2454 XLI.

476 2522 546 2584 Ignis
570 2522 597 2571 in
620 2524 672 2571 aede
695 2522 781 2572 Vestae
803 2523 943 2570 exstinctus
967 2529 1015 2570 est.
1070 2520 1110 2569 Ti.
1143 2520 1309 2586 Sempronius
1334 2522 1467 2573 Gracchus

405 2631 505 2679 procos.
533 2614 674 2665 Celtiberos
709 2616 790 2664 victos
825 2616 851 2662 in
887 2613 1040 2662 deditionem
1074 2614 1185 2676 accepit,
1220 2624 1466 2681 monumentumque

406 2723 511 2772 operum
538 2722 641 2757 suorum
666 2708 832 2759 Gracchurim
860 2706 981 2770 oppidum
1007 2705 1034 2753 in
1059 2705 1184 2769 Hispania
1207 2694 1346 2759 ebnstituit.
1395 2711 1430 2759 [tt
1452 2726 1467 2759 a

405 2802 540 2850 Postumio
562 2802 656 2850 Albino
683 2816 781 2864 procos.
802 2800 904 2847 Vaccaei
934 2812 965 2846 ac
983 2799 1098 2848 Lusitani
1123 2800 1222 2848 subacti
1248 2810 1315 2851 sunt.
1353 2803 1467 2865 Uterque

406 2892 579 2970 triumpharit.
617 2892 761 2942 Antiochus
778 2892 900 2941 Antiochi
922 2891 999 2948 lilius,
1020 2892 1095 2940 obses
1118 2898 1222 2953 epatre
1239 2892 1364 2944 Romanis
1384 2898 1466 2959 datus,

406 2995 507 3034 mortuo
534 2985 611 3035 fratre
640 2986 762 3043 Seleuco,
793 2985 837 3048 qui
860 2984 926 3047 patri
954 2982 1076 3032 defuncto
1103 2992 1274 3043 successerat,
1308 2987 1335 3033 in
1360 3002 1466 3050 regnum

406 3078 487 3141 syna
512 3079 546 3127 ab
572 3080 633 3127 urbe
658 3078 790 3136 dimissum
816 3077 858 3140 qui
883 3083 974 3140 praeter
998 3077 1160 3139 religionem,
1189 3094 1239 3141 qua
1263 3080 1346 3129 multa
1372 3078 1466 3143 templa

410 3170 545 3233 magnifica
571 3170 656 3219 multis
683 3170 748 3219 locis
776 3170 868 3228 erexit,
903 3169 1012 3218 Athenis
1039 3169 1108 3219 Iovis
1133 3170 1244 3236 Olympii
1272 3179 1298 3221 et
1320 3172 1465 3221 Antiochia

377 3275 381 3285 ·
409 3260 546 3326 Capitolini,
564 3264 712 3321 vilissimum
731 3277 816 3325 regem
836 3263 897 3324 egit.
934 3261 1053 3311 Lustrum
1069 3277 1085 3310 a
1099 3263 1246 3313 censoribus
1265 3264 1397 3313 conditum
1416 3274 1464 3323 θεῖς

406 3370 482 3404 censa
505 3364 565 3404 snnt
590 3356 683 3404 civium
709 3356 793 3419 capita
818 3354 953 3406 CCLVIII
981 3353 1121 3404 CCXCIV.
1176 3353 1208 3414 Q.
1236 3356 1369 3405 Voconius
1397 3356 1465 3406 Saxa

406 3456 437 3497 tr.
451 3447 485 3509 pl.
505 3447 588 3509 legem
607 3448 673 3510 tulit,
693 3463 724 3496 ne
742 3449 799 3510 quis
816 3449 948 3497 mulierem
964 3448 1082 3495 heredem
1095 3446 1245 3497 institueret.
1276 3448 1363 3499 Suasit
1381 3450 1464 3511 legem

406 3538 443 3588 M.
460 3538 536 3599 Cut03
557 3547 640 3588 exstat
659 3542 739 3593 oratio
758 3543 821 3590 eius.
858 3539 986 3589 Praeterea
1006 3555 1044 3589 res
1063 3540 1302 3601 adversusLigures
1321 3548 1347 3589 et
1364 3541 1464 3589 Histros

407 3643 434 3680 et
452 3621 547 3680 Sardos
578 3641 603 3681 et
632 3630 772 3681 Celtiberos
800 3648 816 3681 a
843 3634 1015 3697 compluribus
1045 3633 1151 3682 ducibus
1177 3647 1298 3698 prospere
1327 3642 1412 3695 gestas
1440 3641 1464 3680 et

406 3724 476 3773 initia
497 3725 556 3773 belli
566 3725 728 3774 Macedonici
747 3726 867 3786 continet,
888 3726 954 3787 quod
970 3726 1078 3775 Perseus
1088 3724 1200 3789 Philippi
1218 3724 1285 3773 filius
1304 3724 1461 3773 moliebatur.

327 3850 332 3861 .
406 3816 514 3865 Miserat
532 3817 564 3865 ad
584 3815 806 3881 Carthaginienses
825 3818 992 3880 legationem
1022 3831 1054 3865 ea
1078 3818 1109 3866 ab
1134 3818 1173 3867 bis
1197 3824 1273 3867 nocte
1295 3816 1382 3863 audita
1400 3824 1461 3863 erat.

406 3907 456 3957 Sed
475 3916 500 3957 et
517 3908 580 3957 alias
599 3908 703 3959 Graeciae
721 3912 835 3960 civitates
856 3910 1019 3960 sollicitabat.

816 4072 865 4121 EX
883 4071 951 4120 LIB.
969 4065 1054 4121 XLII.

397 4164 400 4171 ¹
476 4181 508 4241 Q.
538 4182 640 4231 Fulvius
667 4184 775 4233 Flaccus
809 4199 900 4234 censor
937 4185 1059 4249 templum
1092 4184 1197 4235 Iunonis
1225 4183 1337 4232 Lacinia
1372 4180 1460 4244 tegulis

406 4274 555 4322 marmoreis
573 4275 702 4337 spoliavit,
725 4285 753 4324 nt
771 4277 864 4337 adem,
891 4290 968 4338 quam
987 4277 1159 4335 dedicaverat,
1189 4283 1297 4339 tegeret3
1322 4275 1413 4337 tegula
1427 4287 1459 4321 ex
