3475 5084
474 588 511 644 72
893 588 1023 639 Periocha

431 783 633 845 componendam
659 796 715 831 eam
738 783 889 835 valuerumt.
928 786 1043 851 Populus
1059 786 1191 836 Romame
1215 800 1277 849 saga
1296 788 1410 850 sumpsit.
1443 788 1478 839 M.

431 873 526 923 Brutus
551 874 577 923 in
595 872 674 938 Epiro
694 874 727 928 0.
742 876 884 928 Antonium
910 886 1043 943 pretorem
1071 894 1128 927 cum
1152 878 1266 929 exercitu
1288 880 1409 942 potestati
1431 896 1480 929 sua

431 967 546 1016 subiecit.

831 1108 881 1157 EX
901 1108 968 1159 LID.
987 1108 1080 1160 CXIX.

501 1239 532 1295 (l.
559 1242 700 1292 Trebonius
722 1242 749 1291 iu
774 1244 840 1295 Asia
862 1244 950 1295 bande
974 1246 1005 1295 P.
1030 1240 1173 1296 Dolabella
1196 1246 1296 1296 occisus
1322 1256 1375 1307 est;
1406 1248 1439 1297 ob
1461 1249 1485 1296 id

431 1333 531 1384 lacinus
553 1334 689 1384 Dolabella
714 1335 795 1386 bostis
820 1352 836 1386 a
860 1346 950 1389 senatu
972 1338 1098 1387 iudicatus
1125 1345 1171 1388 est.
1214 1337 1298 1397 Quum
1322 1340 1412 1389 Pausa
1436 1356 1485 1389 eoa.

430 1428 500 1477 mole
523 1427 646 1477 adversus
673 1428 813 1478 Antonium
837 1438 990 1494 pugnasset,
1030 1432 1061 1479 A.
1086 1428 1184 1479 Hirtius
1209 1446 1260 1481 cos.
1290 1445 1348 1480 cum
1376 1434 1486 1482 exercitu

432 1520 619 1584 superveniens,
637 1517 700 1569 lusis
713 1521 750 1572 M.
762 1521 869 1571 Antonii
889 1522 976 1586 copiis,
995 1520 1123 1571 fortunam
1137 1520 1486 1586 utriusquepartisaequerit

431 1612 522 1661 Victus
548 1612 639 1660 deinde
661 1614 694 1661 ab
712 1613 795 1671 Hirtio
819 1623 845 1663 et
864 1614 964 1663 (lasere
990 1614 1116 1664 Antonius
1140 1616 1167 1662 in
1189 1614 1299 1663 Galliam
1328 1615 1450 1679 confugit
1466 1624 1488 1665 et

431 1705 468 1754 M.
488 1705 611 1767 Lepidum
631 1719 687 1754 cum
706 1706 857 1769 legionibus,
883 1720 939 1769 quae
956 1707 1003 1756 sub
1022 1721 1052 1755 eo
1070 1714 1149 1765 eraut,
1172 1705 1220 1755 sibi
1238 1707 1331 1763 iunxit,
1358 1708 1488 1771 hostisque

375 1793 380 1800 ’
431 1812 448 1847 a
465 1808 555 1847 senatu
574 1812 632 1846 cum
651 1799 782 1859 omnibus,
810 1801 853 1864 qui
873 1800 938 1848 intra
958 1799 1266 1863 praedicebamus,
1294 1798 1427 1849 iudicatus
1445 1808 1489 1852 est.

432 1890 467 1939 A.
487 1890 598 1945 Hirtius.
626 1891 668 1954 qui
689 1900 747 1955 post
769 1894 899 1943 victoriam
924 1893 950 1939 in
974 1892 1036 1955 ipsis
1058 1892 1167 1940 hostium
1186 1893 1275 1941 castris
1294 1893 1441 1957 ceciderat,
1467 1903 1489 1941 et

434 1981 464 2033 G.
482 1981 567 2031 Pansa
584 1997 616 2030 ex
634 1984 746 2042 vulnere,
770 1987 836 2047 quod
854 1986 881 2035 in
900 1986 1006 2033 adverso
1024 1984 1114 2047 proelio
1132 1991 1281 2048 exceperat,
1307 1984 1449 2036 defunctus
1466 1988 1489 2035 iu

431 2090 522 2137 campo
542 2074 635 2123 Martio
654 2075 746 2139 sepulti
764 2085 832 2128 sunt.
868 2078 999 2127 Adversus
1019 2075 1048 2125 C.
1061 2076 1195 2134 cesarem,
1213 2076 1256 2140 qui
1274 2077 1345 2127 solus
1365 2080 1490 2127 extribus

432 2168 539 2216 ducibus
557 2176 695 2231 supererat,
714 2183 804 2232 parum
822 2178 910 2231 gratus
929 2177 1032 2218 senatus
1049 2166 1105 2227 tuit,
1125 2169 1167 2230 qui
1185 2168 1218 2217 D.
1239 2169 1329 2226 Bruto,
1356 2172 1490 2220 obsidione

431 2253 572 2308 Mutinensi
591 2274 607 2307 a
627 2257 726 2307 Caesare
744 2260 867 2318 liberato,
893 2262 1012 2323 triumphi
1038 2261 1135 2309 honore
1158 2260 1272 2318 decreto,
1294 2259 1408 2311 Caesaris
1427 2264 1489 2311 mili·

432 2361 536 2415 tumque
556 2352 610 2399 eius
628 2352 783 2400 mentionem
802 2367 852 2401 non
872 2352 935 2400 satis
953 2361 1052 2415 gratam
1070 2352 1167 2401 habuit
1205 2352 1245 2402 Ob
1264 2368 1322 2417 quie
1345 2354 1375 2402 C.
1397 2355 1489 2415 Cesar,

431 2445 598 2494 reconciliata
621 2458 666 2506 per
688 2444 725 2493 M.
744 2444 869 2508 Lepidum
896 2458 952 2491 cum
976 2442 1012 2491 M.
1030 2444 1144 2494 Antonio
1172 2446 1266 2507 gratia,
1293 2447 1409 2498 Romam
1436 2464 1490 2498 cum

433 2538 548 2587 exercitu
566 2537 677 2584 renitet
696 2538 818 2601 perculsis
835 2538 946 2586 adventu
968 2536 1022 2584 eius
1046 2536 1096 2597 eis,
1123 2537 1210 2599 quiin
1229 2551 1289 2587 eum
1307 2540 1390 2603 iniqui
1412 2550 1489 2603 amnt,

433 2646 511 2695 quum
530 2645 611 2679 annos
629 2628 695 2677 XIX
713 2629 825 2688 haberet,
844 2630 933 2678 consul
952 2638 1051 2677 creatus
1070 2636 1116 2678 est.

840 2849 890 2897 EX
908 2847 975 2898 LIB.
995 2846 1077 2898 CXX.

502 2984 532 3036 0.
551 2983 639 3035 (lassas
656 3001 709 3037 cos.
728 2986 811 3049 legem
830 2988 887 3036 tulit
904 2990 936 3035 de
954 2987 1094 3050 questione
1112 2986 1231 3035 habenda
1249 2988 1274 3035 in
1292 3002 1353 3046 eos,
1382 3003 1488 3052 quorum

431 3095 509 3144 opera
534 3080 619 3129 (iasar
642 3088 715 3143 pater
742 3081 841 3130 occisus
868 3086 947 3138 essst;
980 3079 1152 3143 postulatique
1174 3094 1214 3129 =ea
1239 3080 1297 3143 lege
1321 3080 1361 3131 M.
1387 3081 1489 3137 Brutus,

432 3173 463 3225 C.
483 3171 603 3231 Cassius,
635 3172 668 3221 D.
688 3173 783 3221 Brutus
807 3173 924 3221 absentes
956 3172 1074 3229 damnati
1097 3179 1164 3224 sunt.
1188 3170 1293 3232 ¹Quum
1314 3172 1352 3221 M.
1377 3173 1488 3221 Antonio

431 3267 496 3314 vires
512 3266 618 3315 Asinius
637 3279 738 3329 quoque
756 3265 840 3313 Pollio
859 3273 886 3310 et
904 3264 1035 3313 Munatius
1054 3262 1167 3311 Plancus
1186 3278 1243 3311 cum
1263 3264 1424 3313 exercitibus
1442 3265 1489 3312 suis

431 3358 546 3407 adiuncti
570 3358 746 3421 ampliassent,
778 3357 811 3405 D.
829 3357 936 3416 Brutus,
964 3356 1003 3404 cui
1028 3364 1142 3415 senatus,
1170 3364 1197 3403 ut
1219 3363 1420 3419 persequeretur
1437 3356 1488 3405 An·

431 3451 539 3513 tunium,
558 3451 728 3508 mandaverat,
749 3449 852 3498 relictus
871 3465 886 3497 a
903 3448 1048 3509 legionibus
1067 3448 1119 3497 suis
1136 3446 1262 3511 profugit3
1280 3449 1324 3495 sed
1342 3450 1391 3509 †et
1409 3462 1488 3497 cassus

431 3542 500 3591 iussu
520 3540 641 3600 Antonii,
670 3539 695 3587 in
721 3540 792 3587 cuius
811 3548 961 3602 potestatem
980 3548 1092 3599 venerat,
1116 3554 1132 3586 a
1150 3536 1254 3601 Capeno
1272 3538 1394 3602 Sequano
1414 3542 1488 3588 inter·

431 3632 514 3682 lectus
532 3642 579 3681 est.
619 3632 647 3681 G.
668 3630 753 3681 Cesar
770 3646 858 3695 pacem
880 3648 937 3681 cum
957 3633 1071 3682 Antonio
1090 3638 1115 3679 et
1132 3631 1229 3693 Lepido
1253 3629 1317 3680 tecit
1334 3632 1380 3691 ita,
1404 3642 1436 3681 ut
1451 3630 1488 3679 Ill

431 3725 479 3774 viri
498 3726 660 3788 reipublice
678 3725 863 3772 constituendas
881 3739 927 3788 per
945 3723 1147 3787 quinquennium
1166 3732 1250 3771 essent
1268 3723 1322 3786 ipse
1338 3732 1366 3771 et
1378 3724 1487 3787 Lepidus

430 3826 457 3867 et
475 3818 615 3874 Antonius,
642 3825 667 3863 et
684 3826 712 3863 ut
729 3831 789 3864 snos
808 3817 915 3881 quisque
941 3818 1057 3865 inimicos
1075 3816 1275 3879 proscriberent3
1301 3816 1327 3863 in
1354 3829 1408 3877 qua
1433 3831 1487 3880 pro·

432 3909 568 3972 scriptione
589 3907 690 3971 plurimi
709 3909 805 3969 equites
824 3908 943 3965 Romani,
970 3906 1071 3956 CXXX
1090 3916 1234 3955 senatorum
1254 3908 1360 3956 uomina
1380 3908 1486 3969 luerunt

432 4009 459 4049 et
476 4000 541 4049 inter
558 4014 603 4049 eos
620 4000 650 4048 L.
669 4000 753 4062 Pauli,
772 3999 857 4048 fratris
876 4000 911 4050 M.
931 4000 1030 4063 Lepidi,
1050 4008 1075 4048 et
1093 4000 1122 4049 L.
1145 3999 1263 4056 Generis,
1283 3998 1394 4049 Antonii
1412 4015 1485 4049 arun·

432 4093 491 4155 culi,
510 4100 535 4139 et
552 4092 588 4141 M.
608 4089 749 4143 Ciceronis.
784 4091 867 4140 Huius
886 4093 963 4141 occisi
982 4108 998 4141 a
1017 4092 1125 4156 Popillio
1144 4092 1283 4153 legionario
1302 4092 1394 4151 milite,
1412 4106 1485 4154 quun

431 4183 537 4232 haberet
554 4199 636 4232 anuos
654 4181 759 4241 LXIII,
785 4192 862 4247 caput
881 4199 982 4248 quoque
1006 4200 1061 4233 cnm
1088 4185 1177 4232 dextra
1195 4198 1273 4232 manu
1292 4184 1317 4231 in
1336 4185 1427 4233 rostris
1443 4198 1485 4247 po·

431 4275 506 4323 situm
525 4283 571 4327 est.
605 4274 734 4323 Praterea
750 4288 790 4323 res
809 4290 824 4322 a
842 4276 881 4328 M.
899 4277 980 4326 Bruto
998 4276 1026 4325 iu
1046 4277 1144 4325 Gracia
1161 4285 1247 4339 gestas
1264 4274 1390 4328 continet.
