3475 5084
492 589 526 645 18
913 588 1042 639 Periocha

443 784 601 835 Ardeatibus
617 784 706 850 populi
723 784 817 833 iudicio
836 784 945 843 ablatus,
964 784 1047 835 missis
1066 785 1091 833 in
1110 798 1166 834 euru
1186 786 1294 846 colonis,
1312 789 1438 838 restitutus
1453 800 1489 839 est

445 876 530 937 Quum
552 876 619 927 fame
642 877 751 941 populus
769 878 900 927 Romanus
919 877 1057 937 laboraret,
1089 877 1133 940 Sp.
1156 876 1256 929 Maelius
1277 893 1355 941 eques
1377 882 1490 932 Romnum

444 969 598 1021 frumentum
616 969 712 1035 populo
730 984 777 1018 sna
790 969 906 1032 impensa
923 970 1030 1032 largitus
1049 976 1095 1029 est,
1115 976 1141 1018 et
1159 970 1192 1019 ob
1211 970 1238 1018 id
1255 969 1353 1022 factum
1373 976 1491 1025 conciliata

445 1064 492 1113 sibi
516 1062 605 1127 plebe,
636 1076 741 1125 regnum
765 1058 887 1110 affectans
913 1074 928 1107 a
953 1057 982 1108 C.
1008 1059 1115 1111 servilio
1134 1061 1220 1111 Ahala
1243 1066 1369 1127 magistro
1394 1070 1491 1129 equitum

444 1158 516 1206 iussu
527 1154 639 1214 Quinctii
653 1153 797 1205 Cincinnati
816 1152 945 1202 dictatoris
967 1153 1065 1203 occisus
1083 1162 1134 1214 est;
1152 1154 1182 1203 L.
1201 1156 1331 1207 Minucius
1349 1159 1427 1208 index
1442 1162 1493 1209 bere

445 1257 534 1297 aurata
553 1250 662 1298 donatus
681 1257 725 1298 est.
762 1247 868 1309 Legatis
886 1246 1009 1297 Romanis
1028 1262 1044 1295 a
1061 1246 1228 1298 Fidenatibus
1255 1252 1360 1310 occisis,
1388 1254 1494 1314 quonian

445 1343 549 1392 obrem
568 1341 696 1405 publicam
716 1340 896 1397 occubuerant,
929 1346 1018 1387 statua
1041 1337 1067 1385 in
1092 1341 1180 1390 rostris
1198 1343 1288 1406 positae
1306 1351 1375 1393 sunt.
1414 1344 1495 1393 Cossus

447 1434 581 1484 Cornelius
591 1434 709 1483 tribunus
721 1432 839 1489 rnilitum,
855 1432 941 1480 occiso
951 1431 1089 1481 Tolumnio
1099 1433 1237 1484 Veientum
1247 1450 1317 1498 rege,
1330 1438 1419 1501 opima
1427 1438 1495 1501 spolia

444 1528 557 1576 secunda
575 1526 669 1578 retulit.
712 1526 791 1575 Mam.
809 1524 931 1574 AEmilius
949 1525 1057 1573 dictator
1076 1539 1188 1575 censuras
1205 1528 1342 1589 honorem,
1371 1531 1415 1594 qui
1432 1539 1495 1579 antea

444 1635 489 1683 per
506 1620 706 1684 quinquennium
724 1618 868 1681 gerebatur,
887 1618 947 1665 anni
960 1625 985 1665 et
998 1632 1044 1667 sex
1062 1619 1187 1668 mensium
1207 1608 1290 1684 spatio
1308 1620 1387 1679 finiit;
1406 1621 1437 1669 ob
1450 1635 1497 1669 earn

443 1728 497 1762 rem
516 1728 532 1761 a
554 1711 703 1761 censoribus
725 1717 828 1758 notatus
851 1717 898 1758 est.
934 1711 1038 1759 Fidenae
1066 1712 1092 1759 iu
1114 1719 1267 1775 potestatem
1291 1713 1404 1762 redacta
1426 1728 1498 1776 eoque

444 1805 530 1854 coloni
553 1797 624 1853 missi
650 1811 716 1853 sunt.
767 1800 865 1860 Quibus
893 1802 984 1852 occisis
1009 1804 1144 1853 Fidenates
1171 1819 1249 1867 quum
1278 1804 1441 1865 defecissent,
1470 1808 1498 1855 ab

444 1897 523 1947 Mam.
554 1896 660 1945 AEmilio
692 1896 816 1945 dictatore
849 1894 909 1943 victi
937 1903 996 1943 sunt
1027 1904 1052 1945 et
1078 1895 1182 1945 Fidenae
1209 1904 1299 1961 captae.
1359 1896 1499 1948 Coniuratis

444 2005 573 2041 servorum
592 2004 722 2053 oppressa.
763 1987 911 2037 Postumius
929 1988 1044 2037 tribunus
1069 1988 1177 2038 militum
1202 1998 1307 2055 propter
1331 1992 1499 2041 crudelitatem

444 2084 477 2132 ab
497 2082 611 2131 exercitu
629 2080 728 2131 occisus
747 2087 792 2129 est.
838 2079 999 2143 Stipendium
1021 2096 1054 2129 ex
1071 2083 1159 2131 serario
1178 2090 1230 2131 tum
1249 2083 1360 2147 primum
1386 2085 1499 2134 militibus

444 2177 533 2225 datum
559 2183 605 2226 est.
658 2173 709 2222 Res
735 2179 857 2237 praeterea
880 2181 965 2235 gestas
989 2174 1110 2224 adversus
1131 2175 1241 2225 Volscos
1274 2184 1299 2225 et
1321 2176 1456 2227 Fidenates
1481 2188 1500 2226 et

443 2268 559 2317 Faliscos
570 2267 697 2322 'continet

879 2426 929 2479 EX
946 2428 1014 2478 LIB.
1033 2427 1067 2477 V.

513 2545 543 2594 In
569 2535 701 2594 obsidione
719 2544 841 2593 Veiorum
866 2546 1035 2595 hibernacula
1061 2543 1185 2593 militibus
1209 2543 1278 2593 facta
1303 2552 1372 2593 sunt.
1410 2546 1448 2595 Ea
1470 2561 1502 2595 res

442 2650 519 2698 quum
540 2647 608 2686 esset
630 2653 708 2698 nova,
733 2638 936 2700 indignationem
956 2638 1114 2687 tribunorum
1133 2637 1216 2700 plebis
1236 2638 1327 2696 morit,
1347 2640 1502 2702 querentium

440 2743 492 2778 non
512 2729 566 2777 dari
584 2730 653 2793 plebi
671 2746 719 2780 nec
738 2746 782 2794 per
799 2731 911 2779 hiemem
930 2730 1025 2781 militina
1044 2728 1166 2791 requiem.
1202 2730 1308 2791 Equites
1323 2739 1377 2779 tum
1397 2732 1502 2795 primum

441 2822 513 2884 equis
539 2823 590 2871 suis
614 2825 703 2873 mereri
721 2832 859 2886 coeperunt.
907 2821 991 2881 Quum
1016 2822 1149 2870 inundatio
1173 2836 1206 2869 ex
1229 2820 1287 2869 lacu
1306 2822 1415 2873 Albano
1441 2825 1501 2875 iactr

441 2923 514 2973 esset,
530 2924 608 2973 vates,
628 2917 672 2979 qui
686 2930 743 2965 eam
755 2928 809 2965 rem
821 2917 1037 2979 interpretaretur,
1058 2928 1090 2962 ex
1103 2913 1221 2962 hostibus
1235 2922 1325 2978 captus
1338 2926 1385 2966 est.
1416 2918 1501 2967 Furius

442 3007 565 3057 Camillus
598 3008 708 3058 dictator
734 3010 820 3057 decem
849 3023 931 3057 annos
960 3008 1079 3056 obsessos
1106 3006 1188 3056 Veios
1219 3008 1300 3071 cepit,
1341 3009 1501 3059 simulacrum

439 3089 538 3149 Iunonia
561 3102 669 3151 Romam
690 3102 838 3163 ‚manstulit‚
874 3102 998 3150 decimam
1022 3100 1115 3163 praedm
1144 3100 1258 3163 Delphos
1283 3100 1402 3163 Apollini
1431 3103 1500 3151 misit.

438 3192 512 3241 Idem
531 3195 648 3244 tribunus
666 3195 774 3243 militum
794 3209 871 3257 quum
884 3193 1001 3241 Faliscos
1021 3192 1157 3250 obsideret,
1176 3192 1290 3255 proditos
1309 3192 1427 3242 hostium
1444 3195 1500 3243 filios

439 3286 587 3349 parentibus
597 3287 702 3347 remisit,
715 3288 852 3350 statimque
864 3285 993 3333 deditione
1005 3283 1075 3333 fecta
1084 3284 1251 3343 Faliscorum,
1263 3285 1397 3333 victoriam
1410 3286 1500 3335 iustitia

440 3386 593 3428 consecutus
617 3385 663 3429 est.
701 3378 787 3438 Quum
811 3379 876 3427 alter
901 3393 934 3427 ex
959 3376 1107 3426 censoribus
1135 3375 1262 3426 0.1u1ius
1286 3378 1456 3439 decessisset,
1481 3380 1500 3425 in

440 3471 525 3520 locum
541 3466 595 3519 eins
605 3468 642 3519 M.
653 3470 789 3521 Cornelius
802 3470 923 3520 suffectus
936 3484 986 3531 θοις
1005 3484 1053 3519 nec
1066 3470 1092 3517 id
1105 3478 1195 3533 postea
1207 3468 1302 3519 sactum
1317 3479 1364 3529 est,
1384 3473 1500 3532 quonian

439 3578 470 3612 eo
493 3563 575 3611 lustro
598 3578 615 3611 a
634 3564 714 3612 Gallis
732 3564 816 3613 Roma
839 3572 914 3626 capta
938 3569 984 3612 est.
1026 3563 1120 3613 Furius
1140 3561 1279 3621 Camillus,
1305 3576 1385 3624 quum
1406 3563 1430 3611 ei
1455 3564 1500 3612 dies

438 3656 471 3704 ab
481 3655 511 3704 L.
525 3655 636 3718 Apuleio
654 3658 757 3706 tribuno
775 3656 856 3720 plebis
875 3657 943 3704 dicte
961 3661 1034 3714 esset,
1054 3654 1079 3702 in
1095 3654 1211 3703 exsilium
1225 3654 1294 3702 abiit.
1325 3652 1423 3713 'Quum
1439 3654 1500 3705 Galli

440 3746 555 3797 Senones
574 3746 688 3797 Clusium
708 3750 854 3798 obsiderent
873 3756 899 3796 et
916 3748 993 3809 legati
1011 3762 1026 3795 a
1045 3754 1134 3795 senatu
1153 3748 1225 3797 missi
1244 3747 1277 3795 ad
1296 3750 1499 3811 componendam

438 3840 503 3888 inter
521 3855 565 3891 eos
583 3849 608 3890 et
624 3840 743 3891 Clusinos
760 3856 849 3906 pacem
867 3848 1009 3905 pugnantes
1027 3846 1116 3889 contra
1126 3838 1215 3888 Gallos
1231 3839 1259 3887 in
1272 3838 1326 3887 acie
1340 3839 1498 3890 Clusinorum

438 3933 485 3982 visi
508 3943 595 3993 macru,
617 3934 667 3983 hoc
689 3934 759 3983 laeto
783 3948 869 3981 eorum
889 3933 1008 3982 concitati
1029 3933 1142 3983 Senones
1167 3932 1256 3979 urbem
1274 3930 1371 3982 infesto
1391 3934 1500 3983 exercitu

438 4027 573 4091 petierunt,
592 4025 705 4088 fusisque
723 4027 756 4074 ad
770 4027 857 4075 Aliam
872 4026 1005 4079 Romanis.
1025 4038 1114 4089 cepere
1133 4024 1219 4072 urbem
1235 4032 1327 4087 praeter
1337 4024 1499 4089 Caprtolium.

438 4133 529 4181 quase
544 4120 661 4167 iuuentus
675 4118 829 4178 contulerat3
848 4119 957 4167 maiores
971 4126 1032 4166 natu
1045 4132 1101 4165 eum
1120 4116 1263 4179 insignibus
1282 4118 1419 4177 honorum,
1441 4132 1498 4183 quos

437 4212 544 4275 quisque
563 4216 685 4274 gesserat,
702 4210 729 4258 in
745 4211 876 4260 vestibulis
889 4212 979 4260 adium
993 4212 1108 4260 sedentes
1125 4210 1281 4258 occiderunt.
1317 4212 1353 4259 Et
1366 4227 1448 4275 quum
1461 4226 1499 4275 per

438 4318 551 4353 aversam
570 4311 668 4367 partem
687 4302 808 4367 Capitolii
825 4304 877 4352 iam
899 4305 925 4352 in
944 4318 1068 4353 summum
1088 4303 1241 4362 evasissent,
1267 4302 1361 4365 proditi
1382 4303 1497 4364 clangore

437 4410 555 4445 anserum
572 4395 609 4445 M.
620 4395 709 4445 Manlii
726 4396 854 4460 praecipue
869 4411 946 4460 opera
962 4397 1052 4445 deiecti
1069 4404 1135 4446 sunt.
1175 4395 1277 4446 Coactis
1290 4394 1384 4445 deinde
1400 4406 1497 4461 propter
