3475 5084
496 518 551 573 174
762 511 842 561 Liber
858 508 955 561 XLIV.
995 509 1040 574 (Α.
1055 524 1080 559 u.
1096 522 1119 558 c.
1134 508 1207 571 586.)

391 698 426 755 13
449 696 607 773 participes
626 702 693 753 sunt
717 694 845 771 periculi.
904 695 1011 769 Itaque
1031 693 1056 751 si
1078 694 1143 767 quis
1165 700 1223 763 est,
1250 691 1319 766 qni,
1341 691 1462 765 quode
1492 709 1522 747 re

449 799 566 875 publica
584 798 631 869 sit,
651 800 775 858 suadere
795 818 828 857 se
849 799 919 856 mihi
941 799 970 857 in
993 817 1028 857 eo
1051 798 1147 868 bello,
1181 796 1260 872 quod
1288 805 1427 870 gesturus
1447 812 1522 863 snm,

445 922 530 979 pesae
552 904 689 973 confidat,
709 904 736 961 is
758 922 795 961 ne
816 904 939 979 deneget
960 922 1081 980 operum
1103 902 1145 961 rei
1165 902 1297 977 publicar,
1320 910 1350 957 et
1371 902 1399 956 io
1422 900 1522 957 Mace·

450 1007 566 1064 doniam
590 1025 701 1067 mecum
723 1009 830 1067 veniat.
862 1010 959 1079 Nave,
981 1029 1067 1085 aquo,
1089 1006 1288 1076 tabernaculo,
1309 1005 1421 1063 viatico
1436 1005 1522 1062 etiam

393 1113 428 1167 ll
451 1130 470 1169 a
492 1130 540 1169 me
560 1111 717 1169 invehitur.
765 1113 906 1189 siquem
936 1114 965 1177 id
995 1113 1092 1173 faeere
1114 1112 1194 1189 piget
1215 1120 1241 1169 et
1262 1110 1354 1169 otium
1376 1111 1522 1167 urbanum

392 1218 429 1273 ts
452 1216 560 1274 militiae
580 1216 730 1275 laboribus
752 1228 915 1294 praeoptat,
943 1228 1059 1277 eterra
1080 1235 1118 1277 ne
1135 1215 1352 1291 gubernaverit.
1404 1214 1523 1273 Sermo·

451 1340 519 1379 num
544 1322 615 1379 satis
636 1323 702 1397 ipsa
722 1324 833 1397 praebet
853 1325 943 1395 urhs3
964 1326 998 1381 iis
1019 1322 1226 1399 loquacitatem
1248 1338 1332 1377 snum
1359 1320 1524 1389 eontineat;

393 1427 430 1483 te
453 1444 507 1483 nos
528 1425 725 1484 castrensibus
746 1427 874 1484 consiliis
895 1437 1046 1485 contentos
1068 1425 1183 1484 futuros
1196 1442 1259 1484 esse
1274 1424 1378 1481 sciat.“
1402 1426 1455 1485 Ab
1470 1426 1525 1482 hac

453 1531 604 1600 contione,
634 1531 765 1602 Latinis,
798 1550 863 1607 qum
884 1531 979 1607 pridie
998 1531 1067 1589 Kal.
1093 1530 1189 1607 April.
1212 1528 1339 1600 fuerunt,
1372 1530 1403 1587 in
1427 1540 1524 1587 monte

452 1636 594 1693 sacrificio
616 1636 672 1693 rite
690 1627 875 1712 perpetrato,
911 1637 1043 1713 protInus
1075 1636 1142 1693 inde
1173 1644 1202 1691 et
1229 1634 1332 1693 consul
1359 1644 1389 1692 et
1417 1646 1524 1711 praetor

395 1744 429 1799 tt
453 1739 505 1799 Cn.
529 1740 671 1799 Octavius
703 1741 733 1798 in
762 1742 966 1799 Macedoniam
995 1740 1119 1817 profecti
1146 1749 1222 1797 suut.
1277 1740 1437 1797 Traditum
1465 1760 1524 1797 me-

454 1846 553 1904 morioe
574 1855 628 1917 est,
655 1846 766 1903 maiore
788 1865 876 1921 quam
899 1847 986 1904 solita
1007 1844 1172 1921 frequentia
1193 1845 1434 1921 prosequentium
1457 1864 1524 1902 con-

454 1951 545 2007 sulem
568 1948 762 2021 celebratum,
784 1969 819 2009 ae
837 1970 931 2027 prope
952 1962 1034 2017 certe
1055 1969 1107 2026 spe
1129 1950 1275 2008 ominatos
1296 1968 1362 2006 esse
1382 1950 1525 2010 homines.

454 2057 539 2112 finem
574 2055 764 2113 Macedonico
801 2056 878 2114 hello
906 2048 1124 2131 maturumque*
1143 2056 1268 2113 reditum
1302 2072 1369 2112 cum
1403 2055 1523 2130 egregio

455 2159 602 2235 triumpho
625 2161 750 2218 consulis
772 2160 846 2219 fore.

369 2252 412 2324 23
539 2267 618 2323 Dum
641 2266 702 2323 hmo
722 2266 752 2322 in
773 2267 861 2323 ltalia
882 2275 1036 2342 geruntur,
1057 2268 1201 2335 Perseus,
1223 2264 1302 2340 qnod
1324 2264 1384 2321 iam
1406 2263 1525 2321 inchoa-

455 2379 515 2427 tum
538 2372 686 2446 perlicere,
709 2371 780 2446 quia
801 2372 924 2448 inpensa
945 2371 1075 2449 pecunie
1095 2369 1230 2429 faciende
1251 2379 1332 2447 erat,
1360 2388 1420 2425 non
1444 2368 1525 2426 iudu-

456 2477 542 2533 cebat
562 2476 592 2533 in
614 2476 752 2546 animum,
774 2484 806 2533 ut
830 2476 968 2536 Gentium
993 2476 1159 2553 Illyriorum
1184 2492 1282 2549 regem
1306 2474 1364 2531 sibi
1387 2472 1524 2549 adiunge-

416 2576 515 2651 Iret,
543 2582 615 2650 hoe,
645 2590 800 2657 postquam
821 2583 947 2639 intrasse
969 2581 1073 2639 saltum
1096 2582 1247 2639 Romnum
1281 2589 1311 2637 et
1343 2579 1449 2636 adesse
1470 2578 1525 2635 dis·

456 2684 565 2741 crimen
586 2685 719 2743 ultimum
742 2687 809 2745 belli
831 2686 1047 2757 animadvertit,
1070 2704 1128 2743 non
1140 2685 1217 2742 ultra
1228 2682 1422 2743 differendum
1438 2694 1526 2752 ratus,

457 2806 521 2847 eum
543 2808 598 2864 per
618 2791 758 2867 Hippiam
781 2792 910 2866 legatum
936 2790 1014 2850 CCC
1044 2790 1157 2866 argenti
1184 2788 1295 2846 talenta
1316 2798 1422 2864 pectus
1445 2798 1527 2856 esset,

456 2893 499 2949 ita
521 2906 553 2951 ut
574 2895 690 2954 obsides
712 2898 788 2955 ultro
810 2898 943 2972 citroque
965 2897 1119 2966 darentur,
1141 2894 1346 2953 Pantauchum
1369 2894 1464 2963 misit,
1492 2912 1526 2950 ex

417 2996 435 3051 3
458 2997 738 3072 intromissurum,
761 3003 799 3060 ad
821 3020 858 3060 ea
879 3002 1066 3079 perficienda.
1098 3002 1235 3059 Meteone
1250 3000 1423 3057 Labeatidis
1446 3010 1527 3057 terra

459 3103 648 3163 Pantauchus
669 3107 731 3182 regi
753 3108 854 3185 Illyrio
876 3108 1018 3177 oceunit;
1038 3106 1079 3164 ibi
1104 3116 1132 3163 at
1153 3104 1376 3162 iusiurandum
1399 3106 1439 3162 ab
1461 3122 1526 3179 rege

460 3217 488 3264 et
510 3208 626 3265 obsides
648 3213 769 3288 accepit,
831 3213 941 3271 Missus
963 3223 991 3270 et
1012 3232 1032 3270 a
1052 3211 1162 3271 Gentio
1183 3220 1227 3267 est
1247 3209 1380 3285 legatus,
1411 3209 1526 3265 nornine

459 3440 501 3500 13,
522 3448 537 3491 2
557 3427 746 3511 suchoulidet
765 3443 820 3510 My.
839 3444 896 3495 Em.
915 3441 974 3496 572
1014 3444 1071 3495 sis
1091 3460 1135 3495 om.
1159 3440 1234 3509 Gryn.
1257 3442 1262 3507 Ι
1283 3422 1372 3505 remip.
1402 3448 1428 3491 st
1447 3454 1527 3489 mace·

459 3546 562 3594 doniam
599 3548 750 3621 sinueniat
764 3550 770 3612 1
786 3529 1049 3599 tabernaculltuiatico
1097 3545 1140 3603 14„
1162 3552 1174 3597 1
1203 3546 1224 3597 si
1247 3562 1325 3610 supra
1348 3543 1434 3596 eodem
1461 3560 1525 3593 matrs

460 3646 787 3715 adscriptuorllarelpiget
803 3652 884 3702 otium
898 3649 1023 3728 Equar.
1034 3647 1115 3701 1573.
1153 3629 1331 3715 upraoeptat
1346 3649 1351 3711 Ι
1367 3664 1406 3701 nm
1453 3648 1525 3707 15‚⁹

459 3741 730 3805 urbisloquacitatem
750 3743 806 3810 My.
832 3743 923 3809 (Grpo.
944 3744 1022 3794 urbs:
1047 3742 1246 3811 loquecitatem)
1296 3742 1379 3791 ahos
1395 3740 1401 3804 Ι
1416 3740 1526 3791 consulit

460 3829 614 3896 contentiois
651 3846 694 3906 16,
715 3852 730 3897 2
750 3848 916 3897 contentione
962 3846 1005 3907 17,
1025 3853 1040 3895 2
1059 3852 1116 3896 ets
1145 3855 1185 3895 est
1210 3844 1343 3895 memoriae
1369 3854 1412 3895 est
1434 3846 1526 3895 maiore

460 3929 551 3997 (Gryn.
571 3932 706 3983 Traditum
727 3943 871 3993 estruem,
890 3933 1000 3995 maiore)
1017 3933 1021 3999 Ι
1041 3932 1187 3997 frequentia
1203 3940 1242 3983 est
1259 3932 1447 3997 prosequentia
1473 3943 1526 3979 eon·

460 4017 501 4074 sul
525 4018 684 4073 celebratum
709 4027 737 4071 at
752 4034 833 4084 prope
858 4025 876 4069 8
894 4020 1022 4069 omniatot
1037 4060 1041 4066 .
1056 4026 1073 4069 t
1091 4020 1168 4069 finem
1191 4034 1247 4069 esse
1264 4019 1434 4069 macedonico
1462 4013 1526 4067 Vati

459 4118 790 4180 tantummodum
835 4122 861 4180 2,
885 4129 895 4172 l
917 4125 1025 4173 salutem
1052 4126 1068 4192 Ἰ
1105 4104 1212 4173 reducem
1249 4122 1478 4171 2animiadnertit
1515 4124 1527 4167 t

461 4219 519 4256 cutn
545 4207 657 4272 hippium
700 4208 795 4257 tultro
814 4218 925 4271 utroque
940 4210 946 4271 Ι
961 4220 1115 4275 pantaucum
1130 4210 1204 4261 Groo.
1240 4208 1290 4269 3,l
1307 4209 1413 4259 mirleus
1429 4207 1527 4273 Kreyss-

459 4308 472 4340 e
490 4309 510 4342 c.
532 4292 578 4352 32,
597 4292 617 4342 3
624 4308 631 4353 t
648 4293 732 4360 Polyb.
754 4292 868 4355 XXIX,
888 4294 908 4346 2
925 4294 1017 4362 (Gryo.
1037 4296 1178 4361 Medeona)
1214 4302 1390 4362 spontaneus
