3475 5084
481 514 540 569 220
751 511 828 561 Liber
845 512 930 563 XLV.
959 512 1005 575 (A.
1026 528 1050 562 u.
1072 528 1093 563 c.
1109 515 1183 577 tes.)

439 715 502 754 ram
524 696 568 753 his
593 696 671 755 Iacto
693 699 800 756 Rhodii
821 702 1012 767 exercebant:
1043 699 1161 779 [quam]
1192 702 1420 777 perseverabant
1439 701 1493 758 iam

439 802 469 859 in
489 804 674 877 exsequenda
694 821 756 879 spe,
778 824 864 880 qnam
887 807 1001 865 Decimi
1021 807 1125 866 lenitas
1145 807 1308 865 ostenderat.

359 904 394 976 ll
524 908 596 968 cum
620 911 680 967 haec
700 922 885 985 gererentur,
912 914 1075 973 Antiochus
1097 913 1206 971 frustra
1226 912 1375 988 temptatis
1397 912 1495 968 moeni-

439 1018 494 1075 bns
514 1016 709 1074 Alexandreae
729 1019 918 1088 abscesserat,
940 1028 1094 1094 ceteraque
1108 1020 1240 1095 AEgypto
1257 1019 1375 1094 potitus,
1396 1016 1498 1073 relicto

438 1122 569 1197 Memphi
590 1120 699 1179 maiore
720 1123 894 1194 Ptolemae,
923 1125 969 1182 cui
990 1144 1110 1201 regnum
1134 1124 1224 1199 quari
1245 1124 1306 1181 suis
1328 1123 1438 1180 viribus
1459 1122 1499 1178 si·

440 1227 578 1295 molebat,
600 1236 632 1283 ut
653 1229 790 1286 victorem
813 1248 882 1287 mox
907 1230 1127 1305 adgrederetur,
1154 1232 1183 1289 in
1203 1231 1318 1308 Syriam
1342 1229 1499 1285 exercitum

320 1403 322 1412 Ι
399 1330 416 1384 2
439 1333 582 1390 abduxit«
612 1334 675 1391 Nec
701 1334 785 1391 huius
813 1336 970 1395 voluntatis
1000 1338 1062 1396 eius
1082 1338 1201 1414 ignarus
1223 1336 1408 1403 Ptolemaeus,
1431 1334 1499 1389 dnm

439 1439 624 1496 conterritum
647 1438 805 1496 obsidionis
828 1452 904 1499 metu
934 1444 1073 1503 minorem
1102 1444 1221 1502 fratrem
1249 1444 1385 1510 haberet,
1413 1456 1502 1516 posse

440 1562 472 1601 se
484 1544 575 1619 recipi
589 1544 782 1603 Alexandreae
803 1557 832 1603 et
853 1566 955 1606 sorore
970 1550 1125 1607 adiuvante
1141 1560 1169 1607 et
1190 1568 1249 1607 non
1270 1546 1501 1624 repugnantibus

400 1650 416 1703 3
439 1648 537 1707 fratris
558 1649 668 1716 amicis,
683 1660 779 1722 ratus,
805 1654 929 1729 primum
959 1656 996 1712 ad
1020 1674 1166 1728 sororem,
1193 1655 1297 1713 deinde
1320 1654 1357 1710 ad
1377 1652 1501 1709 fratrem

440 1756 606 1831 amicosque
635 1756 696 1813 eius
723 1776 780 1814 non
807 1760 888 1834 prius
915 1761 1023 1819 destitit
1043 1764 1172 1833 mittere,
1194 1780 1283 1836 qnam
1305 1778 1407 1836 pacem
1436 1778 1502 1815 cum

401 1861 475 1919 siis
496 1862 689 1920 confirmaret.
731 1862 904 1939 Suspectum
926 1868 1103 1926 Antiochum
1125 1866 1270 1938 effecerat,
1292 1866 1381 1941 quod,
1403 1872 1502 1921 cetera
1558 1896 1559 1941 ἦ

439 1968 572 2043 AEgypto
594 1966 649 2024 sibi
670 1968 792 2039 tradita,
813 1971 914 2029 Pelusi
935 1974 1062 2032 validum
1084 1974 1216 2032 relictum
1239 1982 1303 2031 erat
1324 1970 1501 2047 praesidium.
1558 1950 1559 1953 Ἴ

401 2072 417 2123 5
440 2075 614 2149 Apparebat
634 2073 760 2131 claustra
780 2077 906 2153 AEgypti
927 2080 1027 2150 teneri,
1049 2090 1089 2150 ut,
1111 2097 1175 2137 eum
1197 2078 1292 2147 vellet,
1314 2060 1429 2133 rursum
1452 2092 1500 2131 ex-

441 2178 559 2236 ercitum
579 2179 739 2250 induceret;
761 2181 837 2238 bello
858 2182 994 2239 intestino
1016 2202 1080 2242 cum
1101 2184 1193 2242 fratre
1207 2202 1272 2241 eum
1295 2183 1404 2240 exitum
1428 2179 1500 2247 iore,

440 2293 472 2342 ut
492 2285 601 2355 victor,
623 2284 717 2343 fessus
738 2287 907 2357 certamine,
937 2306 1120 2363 nequaquam
1141 2307 1197 2364 par
1217 2289 1365 2347 Antiocho
1386 2286 1501 2345 iuturus

401 2383 418 2436 6
441 2400 525 2448 esset.
570 2391 656 2460 Hac,
683 2394 839 2467 prudenter
868 2394 1070 2452 animadversa
1091 2415 1110 2452 a
1132 2395 1258 2466 maiore,
1288 2414 1352 2453 eum
1377 2394 1499 2451 adsensu

439 2495 541 2553 minor.
556 2495 662 2569 frater,
692 2499 798 2574 quique
819 2518 884 2558 cum
908 2518 942 2557 eo
965 2510 1061 2571 erant,
1088 2510 1273 2577 acceperunt;
1305 2516 1390 2556 soror
1412 2495 1496 2572 pluri·

400 2594 415 2647 7
439 2620 517 2659 mum
540 2602 651 2658 adiuvit
673 2622 732 2660 non
754 2606 873 2662 consilio
896 2606 991 2676 modo,
1014 2606 1173 2665 sedetiam
1195 2606 1339 2683 precibus.
1387 2603 1492 2675 Itaque»

439 2706 680 2765 consentientibus
702 2711 811 2767 cunctis
832 2730 906 2787 pace
926 2711 1022 2781 facta,
1051 2712 1268 2771 Alexandream
1291 2707 1446 2784 recipitur,
1465 2723 1499 2761 ne

440 2811 620 2869 multitudine
642 2814 758 2887 quidem
780 2817 961 2887 adversante,
984 2819 1097 2892 quaein
1120 2818 1196 2876 bello
1218 2836 1276 2875 non
1298 2834 1351 2891 per
1372 2812 1500 2870 obsidio·

439 2936 505 2975 nem
528 2917 632 2986 modo,
663 2920 715 2977 sed
741 2922 826 2979 etiam
858 2932 1014 2997 postquam
1043 2942 1061 2980 a
1090 2924 1231 2982 moenibus
1258 2924 1426 2980 abscessum
1449 2928 1503 2985 est,

441 3024 510 3098 quia
530 3022 601 3081 nihil
623 3043 659 3081 ex
674 3026 807 3103 AEgypto
826 3030 1049 3100 subvehebatur,
1072 3031 1199 3087 omnium
1220 3046 1317 3087 rerum
1343 3027 1503 3083 adtenuata

441 3329 455 3371 ³
467 3322 527 3371 lacti
538 3321 632 3386 ,rhodii
642 3323 825 3369 exercebantur
835 3321 890 3386 My.
902 3332 924 3371 et
940 3321 1030 3371 Vahlen
1041 3322 1129 3388 (Grpe.
1141 3324 1225 3372 Rhodi
1235 3320 1435 3379 exercebantur)
1457 3324 1472 3366 3
1482 3326 1506 3364 et

441 3417 543 3473 4quam
554 3411 807 3472 perseuerabanttam
817 3409 844 3457 in
854 3410 1039 3472 exequendam
1056 3419 1107 3458 tam
1125 3411 1229 3458 decimm
1246 3410 1337 3458 lenitas
1353 3422 1432 3471 qnam
1447 3406 1504 3453 haec

440 3504 588 3559 gererentur
602 3494 656 3558 My.
668 3497 756 3561 (Gryn.
769 3510 846 3557 quam
862 3498 1075 3560 perseverantiam
1092 3497 1118 3545 in
1135 3511 1219 3560 exseq.
1237 3511 1263 3543 re
1274 3497 1382 3545 Decimii
1398 3493 1504 3541 lenitas.

441 3599 507 3650 Cum
524 3600 579 3647 haec
593 3614 645 3661 ger.
661 3598 749 3649 additu
766 3600 911 3664 inmarpinc
928 3599 1045 3663 stellula.)
1079 3601 1167 3660 XI‚1,t
1191 3601 1326 3650 anthiocus
1365 3605 1380 3647 2
1401 3578 1506 3645 malex-

440 3705 519 3752 ander
537 3711 679 3752 excesserat
690 3703 726 3754 N.
740 3709 897 3753 recesserat?
908 3707 911 3773 t
921 3704 1014 3767 petitus
1025 3705 1113 3753 relictu
1128 3705 1215 3768 templi
1234 3687 1357 3752 maiorem
1371 3702 1505 3766 ptolemeo

440 3805 498 3840 cum
517 3806 621 3853 regnum
655 3793 795 3839 badduxit
830 3790 854 3849 2,
879 3796 888 3838 l
911 3805 1005 3853 gnarus
1023 3794 1163 3854 ptolemeus
1201 3790 1388 3840 2conterritus
1424 3794 1506 3836 are-

440 3878 501 3941 cipit
518 3878 672 3927 alexandrea
690 3888 715 3927 et
749 3878 774 3936 3,
796 3884 806 3926 l
828 3879 860 3926 ad
879 3885 964 3941 patres
981 3883 995 3925 2
1012 3893 1068 3927 cnm
1087 3880 1109 3929 ia
1128 3876 1225 3928 Deinde
1237 3876 1386 3927 scribendum
1406 3874 1507 3925 uiderat

439 3965 602 4014 confirmavit.
623 3964 677 4013 Em.
696 3964 761 4014 350.
806 3962 837 4023 4,
866 3970 877 4012 l
904 3965 1050 4014 anthiocum
1095 3972 1109 4013 2
1134 3966 1226 4030 [egypti
1249 3965 1379 4029 {peculisi
1425 3963 1462 4020 5,
1492 3967 1504 4009 t

439 4053 501 4101 uelit
520 4048 605 4113 Groui
617 4067 703 4101 rursus
722 4067 762 4099 me
780 4051 919 4101 exereitum
929 4051 1011 4111 Hertz,
1031 4051 1086 4117 My.
1107 4055 1164 4117 (cfr.
1185 4051 1292 4111 XLIII,
1306 4050 1353 4113 20,
1373 4051 1398 4101 I.
1421 4049 1505 4114 Gryn.

439 4154 526 4189 rursus
545 4137 641 4198 exerc.)
684 4146 699 4185 2
723 4153 780 4186 cum
802 4140 897 4187 exitum
933 4146 949 4188 3
968 4148 994 4189 et
1012 4141 1094 4189 uictor
1115 4136 1119 4203 Ι
1140 4141 1295 4201 nequiquam
1316 4154 1361 4202 per
1375 4139 1507 4187 anthioco

439 4226 464 4285 6,
486 4232 497 4275 l
518 4227 695 4275 animaduersa
713 4226 835 4274 maiorem
873 4226 1010 4276 elratrenr
1047 4227 1206 4290 3proecibns

1234 4326 1249 4355 0
