3475 5084
439 540 448 550 ·
491 521 549 578 tan
750 516 829 565 unu
846 514 946 566 mn.
983 515 1029 579 (A.
1048 528 1075 565 u.
1093 526 1116 565 c.
1137 514 1210 578 ast.)

446 702 545 772 Italia,
565 702 622 760 nisi
647 701 697 777 qni
716 702 761 759 rei
780 701 906 778 publicse
927 718 1017 759 cansa
1036 702 1182 773 abessent,
1196 702 1322 759 Romam
1344 710 1511 769 revocarem

406 813 424 867 b
449 807 500 882 qni
521 808 624 865 Roman
647 815 752 878 mena
773 826 811 863 nc
831 806 897 882 quis
920 806 996 863 ultra
1018 806 1096 864 millo
1118 825 1257 882 persuum
1279 807 1318 863 ab
1341 806 1441 863 Roma
1462 807 1509 863 ab·

446 921 533 971 esset.
579 912 635 983 Ea,
656 912 698 969 nti
721 921 840 969 sanstus
860 910 986 981 censuit,
1018 920 1085 969 sunt
1114 910 1203 971 facta.
1251 908 1381 967 Comitis
1410 927 1510 967 consu·

404 1017 522 1080 blaa-ia
550 1026 618 1073 ante
642 1014 719 1073 diem
746 1016 775 1074 V
797 1018 867 1074 Kal.
898 1016 1075 1075 Februarias
1103 1014 1192 1072 suere.
1250 1013 1352 1072 Crasti
1381 1014 1514 1073 consules

442 1132 514 1180 sont
545 1121 583 1195 Q.
606 1121 736 1179 Marcius
763 1120 918 1197 Philippus
949 1121 1053 1179 iterum
1086 1130 1116 1177 et
1146 1118 1203 1179 Cn.
1229 1119 1371 1178 Servilius
1405 1118 1510 1195 Coepio.

405 1236 421 1290 7
444 1229 520 1286 Post
540 1226 617 1283 diam
638 1225 753 1283 tertium
772 1236 911 1301 prsatcrcs
933 1235 1002 1283 sunt
1020 1224 1092 1283 lscti
1115 1222 1149 1281 Ο.
1173 1224 1332 1294 Decimius,
1354 1226 1399 1282 M.
1426 1224 1513 1283 Clau·

443 1331 511 1388 diua
531 1330 699 1400 Marcellus,
722 1328 757 1390 C.
780 1330 925 1406 Sulpicius
947 1330 1063 1401 Gallus,
1085 1329 1119 1389 C.
1142 1330 1271 1386 Marcius
1293 1330 1430 1404 Figulus,
1452 1330 1511 1389 Ser.

403 1434 598 1502 acornclius
618 1434 768 1505 Lentulus,
790 1435 826 1493 P.
848 1436 989 1493 Fonteius
1009 1432 1125 1510 Capito.
1183 1435 1355 1509 Designatis
1384 1436 1511 1511 praetori·

446 1542 500 1598 bns
528 1549 634 1616 praeter
664 1540 739 1597 duas
769 1540 897 1597 urbanus
930 1548 1069 1613 quattuor
1098 1540 1255 1620 provincis
1288 1548 1358 1596 sunt
1383 1541 1511 1609 decreta,

403 1657 423 1713 9
446 1646 593 1722 Hispanis
613 1654 644 1703 et
665 1643 802 1703 Sardinia
831 1652 862 1700 ct
883 1643 983 1703 Sicilia
1003 1654 1032 1701 et
1053 1644 1164 1703 clessis.
1220 1645 1327 1719 Legati
1354 1664 1393 1701 ex
1416 1646 1511 1701 Mace-

443 1751 545 1820 donia,
565 1759 671 1807 exacto
690 1747 848 1806 admodum
871 1767 968 1807 mense
979 1749 1152 1817 Februario,
1173 1749 1329 1809 redierunt.
1363 1750 1417 1819 Hi,
1443 1766 1511 1825 quaa

443 1874 491 1913 res
525 1874 562 1912 aa
592 1863 694 1911 aestate
729 1871 871 1928 prospere
904 1854 1041 1929 gessisset
1073 1873 1126 1911 rex
1157 1856 1301 1923 Perseus,
1338 1852 1513 1923 referebant,

444 1970 628 2035 quantusque
649 1958 738 2015 timor
764 1957 861 2015 socios
881 1958 982 2034 populi
1004 1960 1130 2017 Romani
1150 1960 1290 2034 cepisset,
1319 1967 1365 2014 tot
1393 1959 1510 2015 urbibus

385 2074 423 2127 to
449 2064 480 2121 in
501 2072 675 2139 potestatem
696 2062 774 2137 regis
794 2062 930 2121 redactis.
964 2063 1133 2121 Exercitum
1152 2063 1278 2121 consulis
1299 2062 1508 2137 infrequentem

443 2167 655 2227 commeatibus
680 2168 769 2242 vulgo
799 2169 875 2225 dctis
902 2186 956 2243 per
983 2168 1170 2226 ambitionem
1199 2186 1279 2237 esse;
1313 2168 1433 2243 culpam
1456 2168 1510 2225 eius

442 2274 485 2331 rei
503 2272 650 2331 consulem
672 2272 702 2329 in
722 2273 854 2330 tribunos
868 2272 1000 2344 militum,
1022 2273 1199 2331 contraillos
1219 2273 1250 2329 in
1273 2272 1424 2331 consulem
1449 2291 1511 2329 con·

386 2390 417 2443 tl
444 2378 530 2436 ferre.
584 2376 779 2453 ignominiam
811 2376 916 2436 Claudi
947 2378 1109 2436 temeritate
1142 2388 1292 2453 acceptam
1326 2378 1440 2435 elevari
1470 2396 1512 2446 eo,

444 2494 544 2558 patres
565 2494 758 2559 acceperunt,
791 2483 871 2557 quod
893 2502 1055 2558 perpaucos
1074 2484 1169 2541 Italici
1200 2483 1314 2558 generis
1347 2493 1377 2539 et
1404 2500 1509 2557 magna

444 2606 478 2645 ec
495 2597 580 2663 porte
610 2589 797 2646 tumultuario
831 2590 937 2645 dilectu
971 2590 1150 2665 conscriptos
1182 2590 1222 2646 ibi
1252 2587 1359 2645 milites
1389 2588 1510 2645 amissos

385 2704 421 2759 12
443 2692 618 2751 referebant.
661 2691 803 2751 Ocnsulcs
825 2694 977 2767 designati,
999 2694 1049 2752 ubi
1072 2694 1196 2770 primum
1218 2692 1423 2767 magistratum
1446 2691 1512 2747 inis·

443 2808 522 2867 aaut,
556 2798 593 2853 de
617 2797 793 2853 Macedonia
822 2796 932 2855 referre
962 2801 1001 2856 sd
1028 2808 1160 2857 senatum
1183 2795 1269 2866 iussi;
1302 2796 1509 2869 destinataeque

383 2915 419 2969 13
441 2902 601 2976 provincia
620 2902 657 2959 iis
678 2911 746 2959 sunt
766 2901 855 2959 Italia
877 2913 906 2961 et
926 2904 1109 2962 Macedonia.
1164 2904 1232 2961 Hoc
1254 2920 1331 2959 anno
1356 2900 1506 2959 intercala-

442 3015 504 3063 tum
536 3017 596 3077 est3
631 3007 717 3064 tertio
754 3007 801 3065 die
832 3016 900 3083 post
931 3009 1111 3067 Terminalia
1143 3008 1285 3065 Kelendae
1318 3006 1508 3064 intercalaria

441 3110 534 3170 inere
583 3112 757 3172 Sacerdotes
777 3112 855 3169 intra
877 3131 941 3169 cum
972 3129 1078 3191 annum
1112 3122 1243 3171 mortuus
1273 3122 1318 3170 est
1339 3114 1375 3170 L.
1398 3113 1509 3170 Flami·

442 3217 529 3275 ninus
550 3217 565 3251 ⁸
588 3216 603 3250 *
623 3218 782 3275 Pontifices
803 3218 861 3275 duc
883 3218 1082 3290 decesserant,
1114 3220 1148 3276 L.
1170 3218 1278 3277 Furius
1299 3217 1404 3275 Philus
1425 3226 1456 3273 et
1477 3216 1507 3274 C.

442 3412 623 3455 ttreuccarent
658 3404 683 3463 5,
694 3409 709 3452 2
726 3403 873 3453 consularia
884 3404 916 3451 ad
930 3416 964 3451 ἰν
977 3404 1028 3454 kal.
1040 3419 1092 3467 sep.
1105 3402 1177 3453 luere
1185 3402 1257 3467 Pici.
1288 3402 1314 3463 6,
1326 3408 1341 3451 2
1353 3418 1378 3466 q.
1390 3404 1507 3452 seruilius

441 3492 516 3555 cepio
528 3490 611 3555 Siqon
654 3490 679 3551 7,
698 3496 713 3539 2
732 3505 767 3539 m.
787 3487 1005 3554 sulpicicaSipon.
1027 3489 1030 3555 Ι
1051 3504 1117 3551 serg.
1133 3505 1185 3539 cor.
1195 3490 1308 3538 lentulus
1320 3488 1397 3539 Frcb.
1408 3488 1446 3538 11.
1483 3489 1509 3545 8,

441 3584 457 3629 2
482 3578 614 3641 iqcattuor
655 3576 732 3637 10‚a
760 3576 921 3627 ambitionem
962 3575 1061 3627 attae
1078 3576 1151 3625 verbo
1168 3577 1194 3624 in
1214 3577 1329 3625 tribunos
1350 3602 1382 3611 -—
1401 3578 1430 3623 in
1448 3590 1505 3625 cou-

440 3653 523 3730 iclcm
542 3680 577 3729 bas
594 3680 687 3744 scripta
703 3688 763 3730 aaut
780 3682 785 3742 Ι
801 3678 911 3729 conferri
957 3679 999 3739 11,
1022 3685 1032 3728 l
1055 3681 1157 3728 eleuare
1175 3694 1219 3729 eos
1241 3706 1273 3715 -
1303 3679 1347 3743 qni
1366 3694 1507 3744 perpaucos

441 3764 497 3831 Hp.
517 3765 642 3816 1111.ὀὸιῖ
661 3764 763 3831 (Weiss.
783 3766 884 3815 elevare
902 3780 946 3814 eoa
964 3783 989 3830 p.
1004 3766 1056 3814 lecti
1074 3774 1239 3830 acceperunt3
1258 3767 1352 3830 quippe
1364 3779 1504 3830 perpaucos

438 3852 493 3903 Pro
506 3854 782 3924 acceperunt-sortasse
799 3850 870 3902 atad
887 3854 981 3901 verbam
996 3852 1098 3917 positam
1116 3860 1185 3912 erat,
1203 3850 1316 3901 Harudes
1332 3853 1505 3916 censuerunt)

440 3945 493 3989 tet
510 3940 773 4002 maguammnltuario
800 3938 842 3998 12,
862 3945 878 3987 2
897 3940 1048 4001 destinateq.
1086 3940 1138 3988 ais
1157 3948 1217 3989 sunt
1244 3938 1286 3999 13,
1309 3938 1504 3989 aintercalaria

446 4043 628 4109 Weiss.((lrya.
636 4042 817 4103 intercalares)
830 4047 846 4089 3
858 4023 964 4090 luere‘i'n
974 4038 1002 4104 ΙΙ.
1010 4042 1139 4091 flaminius
1147 4042 1234 4107 (Grpe.
1245 4042 1339 4091 mortui
1350 4042 1367 4091 l.
1378 4042 1504 4091 flaminica

437 4131 552 4181 camec
571 4130 689 4194 opposito.
717 4128 851 4177 Dubitctar
869 4125 899 4175 da
915 4128 983 4177 intra
1000 4142 1058 4178 eum
1069 4142 1174 4178 annum.
1193 4127 1291 4177 Deinde
1302 4128 1390 4183 Linea
1400 4128 1504 4178 cdbcac

435 4219 549 4282 sormam
568 4215 690 4280 arripias
707 4212 817 4263 uidetur:
842 4228 925 4276 augur
942 4224 1057 4265 mortuus
1078 4224 1120 4265 cat
1136 4216 1166 4265 L.
1186 4216 1362 4275 Flamininus,
1388 4217 1503 4265 incolas

428 4300 528 4353 -tcenm
547 4309 682 4365 cooptatur
699 4309 742 4349 est
759 4303 845 4364 (proen
856 4301 880 4363 i)
897 4301 1074 4363 Flamininum
1092 4302 1226 4367 pontifices
1245 4313 1302 4363 cca,
1321 4302 1472 4367 utirrciparut
1487 4321 1504 4352 c

431 4405 521 4454 genere
539 4387 723 4452 (sacerdotes),
742 4388 855 4436 conciret
871 4385 907 4437 od
923 4386 1048 4451 stapulas.)
