3475 5084
577 529 657 582 mou
673 529 744 580 xm.
782 529 829 593 (a
844 527 906 580 our.
923 529 994 593 tu.)
1262 533 1280 590 a

253 711 332 769 mani
358 713 478 772 fiebant.
526 716 654 787 Postea,
683 717 730 775 his
757 735 875 792 quoquo
902 715 1077 790 imaginibus
1107 713 1178 770 iuris
1207 714 1322 789 spretis,
1348 715 1381 770 ll

252 816 421 890 promiscue
441 819 503 875 sine
524 819 603 895 lege,
631 821 694 878 sina
721 821 826 896 stirpe,
855 822 886 878 iu
915 820 1060 878 civitatem
1083 820 1248 877 Romanam
1270 836 1323 893 pet·

253 921 458 995 migrationem
487 934 517 980 et
543 943 659 982 censum
689 927 862 984 transibant.
914 926 987 982 Hac
1015 942 1052 981 ns
1081 935 1185 998 postea
1211 926 1321 994 fierent,
1346 925 1383 982 tt

252 1027 393 1100 petebant
416 1027 515 1103 legati,
537 1041 567 1087 et
582 1039 615 1087 ut
632 1032 727 1090 redire
743 1032 773 1088 in
787 1031 921 1088 civitates
938 1030 1069 1087 iuberent
1086 1029 1195 1098 socios;
1217 1028 1321 1085 deinde

252 1131 373 1206 utlaga
394 1143 541 1203 caverent,
561 1153 599 1192 ue
621 1136 686 1209 quis
705 1155 790 1211 quem
813 1135 940 1193 civitatis
958 1133 1103 1190 mutanda
1125 1151 1215 1191 causa
1236 1151 1320 1190 suum

251 1235 365 1294 iaceret
393 1254 468 1295 neve
494 1239 649 1310 alienaret,
676 1250 721 1310 et,
748 1240 772 1296 si
794 1240 860 1313 quis
881 1239 923 1297 ita
953 1238 1024 1296 aivis
1051 1240 1202 1296 Romanus
1225 1235 1320 1296 iactus

250 1352 337 1410 esset,
360 1337 377 1371 *
392 1336 419 1398 ⁴¹.
464 1345 536 1401 Hae
557 1344 713 1420 impetrata
734 1346 772 1403 ab
793 1355 906 1403 senatu.

338 1445 505 1504 Provinciae
539 1449 658 1519 deinde,
694 1468 760 1525 quse
797 1450 827 1506 in
860 1449 938 1507 bello
970 1456 1070 1517 eraut,
1110 1445 1247 1504 Sardinia
1276 1453 1320 1502 at·
1382 1437 1403 1509 9

251 1570 311 1624 que
320 1552 436 1609 Histria
458 1551 590 1614 decreta.
632 1553 668 1610 Iu
690 1554 855 1612 Sardiniam
879 1555 943 1612 duae
966 1555 1095 1628 legiones
1116 1552 1202 1609 scribi
1225 1551 1360 1620 iussas,2

251 1656 343 1730 quina
366 1657 448 1713 milia
474 1656 504 1712 in
529 1659 659 1732 singulae
681 1670 711 1716 et
730 1660 833 1717 duceni
855 1659 983 1734 pedites,
1006 1657 1112 1715 treceni
1134 1655 1260 1731 equites,
1291 1664 1320 1713 et

250 1761 408 1818 duodecim
448 1760 528 1818 milia
572 1763 700 1837 pediturn
742 1765 887 1821 sociorum
924 1782 958 1820 ac
994 1763 1091 1820 Latini
1126 1761 1250 1818 nominis
1291 1769 1320 1818 et

250 1865 309 1924 DC
343 1867 471 1941 equites,
509 1875 539 1924 et
576 1867 608 1924 X
645 1865 865 1944 quinqueremes
903 1885 1007 1938 naves,
1047 1868 1072 1924 si
1109 1867 1250 1924 deducere
1281 1884 1319 1922 ex

250 1972 408 2029 navalibus
428 1971 524 2032 vellet,
557 1973 742 2032 'Pantundem
764 1976 893 2050 peditum
916 1974 1103 2049 equitumque
1124 1973 1153 2030 iu
1165 1972 1318 2039 Histriam,
1341 1965 1357 2020 3

251 2087 393 2150 quantum
416 2078 446 2134 in
468 2081 649 2151 Sardiniam,
676 2081 832 2138 decretum.
895 2081 934 2138 Et
961 2079 1103 2153 legionem
1133 2095 1218 2133 unam
1252 2091 1316 2132 cum

251 2181 399 2253 equitibus
421 2183 513 2255 CCC,
544 2197 574 2242 et
595 2186 623 2243 V
646 2186 726 2244 milia
752 2185 880 2260 peditum
912 2185 1056 2242 sociorum
1090 2193 1120 2241 et
1146 2180 1223 2239 CCL
1252 2181 1317 2238 mit·

251 2294 314 2341 tere
346 2287 460 2361 equites
491 2289 521 2346 in
554 2291 728 2366 Hispaniam
763 2290 895 2347 consules
927 2289 965 2346 ad
997 2290 1039 2346 M.
1063 2287 1202 2345 Titinium
1235 2286 1316 2342 iussi.

251 2389 430 2464 Priusquam
460 2395 593 2454 consules
616 2395 782 2471 provincias
804 2395 991 2463 sortirentur,
1020 2393 1156 2467 prodigia
1184 2391 1355 2448 nuntiatas

254 2506 336 2551 stant:
376 2495 502 2571 lapidem
534 2501 564 2556 in
600 2519 672 2575 agro
704 2499 892 2557 Crustumino
925 2499 955 2555 in
987 2499 1082 2555 lucum
1126 2498 1231 2555 Martis
1281 2494 1318 2550 de

254 2599 327 2656 eaelo
367 2602 522 2673 cecidisse3
563 2624 686 2681 puerum
727 2604 821 2661 trunci
855 2602 986 2677 corporis
1018 2602 1048 2658 iu
1082 2621 1154 2676 agro
1187 2603 1322 2658 Romano
1346 2607 1363 2660 5

253 2715 371 2776 natum,
409 2717 438 2764 et
465 2687 681 2786 quadrupedem
713 2725 838 2783 anguem
873 2708 981 2776 visum;
1025 2715 1055 2763 et
1089 2706 1198 2780 Capua
1232 2705 1323 2761 multa

254 2807 283 2864 in
311 2808 379 2866 foro
407 2812 528 2871 aedificia
557 2816 593 2872 de
622 2815 693 2872 caelo
723 2825 816 2883 tacta3
854 2823 883 2870 et
904 2812 1035 2870 Puteolis
1056 2812 1130 2868 diras
1152 2829 1241 2867 naves
1265 2808 1323 2866 ful-

254 2912 341 2970 minis
372 2916 431 2972 iotu
459 2929 658 2975 concrematas
689 2937 761 2977 esse.
814 2917 896 2974 Inter
917 2917 993 2987 haee,
1021 2935 1085 2990 qnae
1107 2915 1322 2985 nuntiabantur,
1346 2919 1364 2975 6

252 3018 341 3094 lupus
370 3021 457 3079 etiam
480 3025 582 3080 Romae
612 3023 736 3080 interdiu
759 3021 901 3096 agitatus,
933 3041 998 3078 cum
1021 3020 1135 3078 Collina
1168 3030 1252 3095 porta
1279 3019 1323 3074 in-

253 3133 377 3196 trasset,
403 3145 456 3200 per
476 3128 658 3202 Esquilinam
689 3146 795 3202 magno
818 3127 1043 3184 consectantium
1075 3125 1198 3182 tumultu
1221 3123 1323 3182 evasit.

253 3229 367 3286 Eorum
407 3232 605 3308 prodigiorum
637 3251 728 3292 eausa
756 3230 890 3289 eonsules
918 3231 1042 3288 maiores
1075 3230 1186 3288 hostias
1219 3228 1323 3284 immo·
1346 3224 1362 3276 7

254 3332 363 3403 larunt,
396 3346 424 3392 et
445 3337 521 3394 diem
545 3357 633 3395 unum
655 3339 734 3394 eirea
756 3337 854 3392 omnia
875 3336 1040 3411 pulvinaria
1064 3333 1236 3410 supplicatio
1258 3331 1323 3393 fuit.

255 3435 415 3494 Sacrificiis
437 3440 492 3496 rite
513 3441 665 3516 perfectis,
697 3442 863 3518 provincias
892 3441 986 3498 sortiti
1008 3450 1090 3509 sunt;
1123 3438 1246 3496 Claudio
1268 3438 1323 3496 Hi·
1346 3437 1364 3494 8

253 3544 336 3614 stria,
361 3544 536 3620 Sempronio
558 3546 695 3604 Sardinia
717 3547 844 3606 obvenit.
906 3547 1014 3620 Legem
1037 3544 1103 3600 dein
1123 3545 1159 3600 de
1181 3545 1267 3600 sociis
1288 3543 1322 3600 0.
1346 3545 1363 3599 9

254 3647 398 3707 Claudius
419 3650 485 3707 tulit
505 3670 539 3709 ea
558 3651 846 3722 senatusconsulto,
867 3662 897 3708 et
914 3652 1018 3721 edixit,
1048 3650 1097 3724 qui
1121 3650 1193 3706 socii
1214 3669 1249 3708 ac
1270 3668 1322 3706 no·

254 3954 298 4013 11,
309 3961 325 4004 8
336 3956 497 4004 transiebant
505 3953 587 4006 Curio.
616 3955 659 4011 12,
672 3960 686 4004 5
697 3955 780 4006 iactus
799 3963 875 4007 esset.
893 3955 955 4004 Hac
966 3953 1093 4004 Lacunam
1107 3953 1225 4003 indicavit
1238 3951 1323 4018 Sigon.

252 4037 324 4090 Idem
348 4049 372 4090 et
393 4039 497 4091 Desint.
520 4041 688 4106 suppleverunt
709 4043 771 4092 civis
796 4058 828 4090 ne
853 4050 930 4090 esset.
963 4039 1070 4098 1x‚1,t
1090 4039 1191 4089 Videtur
1208 4037 1325 4089 excidisse

255 4128 408 4176 consulibus
427 4129 534 4190 (deinde
553 4143 628 4187 coss,
647 4128 716 4192 qua)
735 4128 814 4180 Perit.
851 4125 975 4184 24100.
996 4125 1071 4175 Gron.
1091 4141 1168 4175 naves
1186 4129 1325 4175 deduceret

255 4227 290 4261 ex
307 4214 457 4274 navalibus,
482 4215 576 4276 quibus
594 4215 671 4264 vellet
686 4214 842 4280 probabiliter
877 4213 901 4271 3,
922 4219 937 4262 ³
959 4211 1008 4262 Cur
1025 4227 1071 4260 uon
1089 4213 1186 4273 equitas
1204 4209 1323 4260 mitteret

256 4297 314 4363 My.
338 4298 486 4360 tutatum
508 4297 638 4350 Cluverius.
683 4301 709 4362 9,
728 4308 743 4350 2
762 4299 898 4350 tulisse.
913 4298 989 4350 Gran.
