<?xml version="1.0" encoding="UTF-8"?>
<!DOCTYPE html PUBLIC "-//W3C//DTD XHTML 1.0 Transitional//EN"
    "http://www.w3.org/TR/xhtml1/DTD/xhtml1-transitional.dtd">
<html xmlns="http://www.w3.org/1999/xhtml" xml:lang="en" lang="en">
 <head>
  <title>
</title>
<meta http-equiv="Content-Type" content="text/html;charset=utf-8" />
  <meta name='ocr-system' content='tesseract 3.04.00' />
  <meta name='ocr-capabilities' content='ocr_page ocr_carea ocr_par ocr_line ocrx_word'/>
</head>
<body>
  <div class='ocr_page' id='page_1' title='image "./titiliviihistor02ussigoog_0246.png"; bbox 0 0 3475 5084; ppageno 0'>
   <div class='ocr_carea' id='block_1_1' title="bbox 476 443 1187 509">
    <p class='ocr_par' dir='ltr' id='par_1_1' title="bbox 476 443 1187 509">
     <span class='ocr_line' id='line_1_1' title="bbox 476 443 1187 509; baseline -0.017 -5"><span class='ocrx_word' id='word_1_1' title='bbox 476 448 535 504; x_wconf 79' lang='lat'>216</span> <span class='ocrx_word' id='word_1_2' title='bbox 746 445 823 495; x_wconf 84' lang='lat' dir='ltr'>Liber</span> <span class='ocrx_word' id='word_1_3' title='bbox 839 443 922 495; x_wconf 86' lang='lat' dir='ltr'>XLV.</span> <span class='ocrx_word' id='word_1_4' title='bbox 959 445 1006 508; x_wconf 89' lang='grc' dir='ltr'>(Δ.</span> <span class='ocrx_word' id='word_1_5' title='bbox 1026 460 1050 494; x_wconf 90' lang='lat' dir='ltr'>u.</span> <span class='ocrx_word' id='word_1_6' title='bbox 1071 458 1093 493; x_wconf 86' lang='lat' dir='ltr'>c.</span> <span class='ocrx_word' id='word_1_7' title='bbox 1114 444 1187 509; x_wconf 80' lang='grc'>586.)</span> 
     </span>
    </p>
   </div>
   <div class='ocr_carea' id='block_1_2' title="bbox 374 629 1495 2611">
    <p class='ocr_par' dir='ltr' id='par_1_2' title="bbox 374 629 1495 2611">
     <span class='ocr_line' id='line_1_2' title="bbox 433 629 1485 708; baseline -0.001 -21"><span class='ocrx_word' id='word_1_8' title='bbox 433 638 521 705; x_wconf 84' lang='lat' dir='ltr'>caput</span> <span class='ocrx_word' id='word_1_9' title='bbox 541 629 609 687; x_wconf 88' lang='lat' dir='ltr'>belli</span> <span class='ocrx_word' id='word_1_10' title='bbox 629 639 710 699; x_wconf 80' lang='lat' dir='ltr'>erat3</span> <span class='ocrx_word' id='word_1_11' title='bbox 728 650 780 689; x_wconf 89' lang='lat' dir='ltr'>nec</span> <span class='ocrx_word' id='word_1_12' title='bbox 798 632 889 708; x_wconf 88' lang='lat' dir='ltr'>ipsius</span> <span class='ocrx_word' id='word_1_13' title='bbox 911 639 1032 703; x_wconf 85' lang='lat' dir='ltr'>tentum,</span> <span class='ocrx_word' id='word_1_14' title='bbox 1053 631 1145 707; x_wconf 88' lang='lat' dir='ltr'>patris</span> <span class='ocrx_word' id='word_1_15' title='bbox 1158 630 1264 705; x_wconf 84' lang='lat' dir='ltr'>avique</span> <span class='ocrx_word' id='word_1_16' title='bbox 1278 639 1485 704; x_wconf 74' lang='lat' dir='ltr'>ceterorumque,</span> 
     </span>
     <span class='ocr_line' id='line_1_3' title="bbox 434 735 1486 813; baseline 0.001 -21"><span class='ocrx_word' id='word_1_17' title='bbox 434 754 506 811; x_wconf 86' lang='lat' dir='ltr'>qnos</span> <span class='ocrx_word' id='word_1_18' title='bbox 529 735 668 811; x_wconf 82' lang='lat' dir='ltr'>sanguine</span> <span class='ocrx_word' id='word_1_19' title='bbox 689 754 724 793; x_wconf 86' lang='lat' dir='ltr'>sc</span> <span class='ocrx_word' id='word_1_20' title='bbox 744 756 850 813; x_wconf 90' lang='lat' dir='ltr'>genere</span> <span class='ocrx_word' id='word_1_21' title='bbox 872 737 1075 813; x_wconf 83' lang='lat' dir='ltr'>contingebat,</span> <span class='ocrx_word' id='word_1_22' title='bbox 1106 735 1187 795; x_wconf 84' lang='lat' dir='ltr'>fama</span> <span class='ocrx_word' id='word_1_23' title='bbox 1212 744 1398 812; x_wconf 88' lang='lat' dir='ltr'>conspectum</span> <span class='ocrx_word' id='word_1_24' title='bbox 1424 755 1486 793; x_wconf 87' lang='lat' dir='ltr'>eum</span> 
     </span>
     <span class='ocr_line' id='line_1_4' title="bbox 433 839 1489 919; baseline 0 -22"><span class='ocrx_word' id='word_1_25' title='bbox 433 839 588 911; x_wconf 84' lang='lat' dir='ltr'>efficiebat,</span> <span class='ocrx_word' id='word_1_26' title='bbox 623 843 675 899; x_wconf 90' lang='lat' dir='ltr'>sed</span> <span class='ocrx_word' id='word_1_27' title='bbox 708 841 885 919; x_wconf 85' lang='lat' dir='ltr'>effulgebant</span> <span class='ocrx_word' id='word_1_28' title='bbox 911 843 1063 918; x_wconf 87' lang='lat' dir='ltr'>Philippus</span> <span class='ocrx_word' id='word_1_29' title='bbox 1093 861 1128 899; x_wconf 87' lang='lat' dir='ltr'>ec</span> <span class='ocrx_word' id='word_1_30' title='bbox 1156 844 1283 918; x_wconf 88' lang='lat' dir='ltr'>Magnus</span> <span class='ocrx_word' id='word_1_31' title='bbox 1312 840 1489 911; x_wconf 79' lang='lat' dir='ltr'>Alexander,</span> 
     </span>
     <span class='ocr_line' id='line_1_5' title="bbox 422 946 1490 1024; baseline 0.002 -19"><span class='ocrx_word' id='word_1_32' title='bbox 422 946 483 1022; x_wconf 85' lang='lat' dir='ltr'>¹qui</span> <span class='ocrx_word' id='word_1_33' title='bbox 504 964 646 1005; x_wconf 87' lang='lat' dir='ltr'>summum</span> <span class='ocrx_word' id='word_1_34' title='bbox 668 948 808 1024; x_wconf 80' lang='lat' dir='ltr'>inperium</span> <span class='ocrx_word' id='word_1_35' title='bbox 831 949 862 1006; x_wconf 86' lang='lat' dir='ltr'>in</span> <span class='ocrx_word' id='word_1_36' title='bbox 885 951 955 1007; x_wconf 88' lang='lat' dir='ltr'>orba</span> <span class='ocrx_word' id='word_1_37' title='bbox 978 958 1119 1007; x_wconf 83' lang='lat' dir='ltr'>terrarum</span> <span class='ocrx_word' id='word_1_38' title='bbox 1134 948 1331 1007; x_wconf 81' lang='lat' dir='ltr'><strong>Macedonum</strong></span> <span class='ocrx_word' id='word_1_39' title='bbox 1352 946 1490 1007; x_wconf 82' lang='lat' dir='ltr'><strong>fecerant.</strong></span> 
     </span>
     <span class='ocr_line' id='line_1_6' title="bbox 393 1052 1491 1130; baseline 0.001 -22"><span class='ocrx_word' id='word_1_40' title='bbox 393 1052 519 1121; x_wconf 77' lang='lat' dir='ltr'>4Pullo</span> <span class='ocrx_word' id='word_1_41' title='bbox 544 1053 650 1111; x_wconf 86' lang='lat' dir='ltr'>amictu</span> <span class='ocrx_word' id='word_1_42' title='bbox 684 1072 744 1112; x_wconf 85' lang='lat' dir='ltr'>cum</span> <span class='ocrx_word' id='word_1_43' title='bbox 769 1053 829 1111; x_wconf 90' lang='lat' dir='ltr'>filio</span> <span class='ocrx_word' id='word_1_44' title='bbox 851 1057 978 1113; x_wconf 88' lang='lat' dir='ltr'>Perseus</span> <span class='ocrx_word' id='word_1_45' title='bbox 1009 1055 1155 1130; x_wconf 85' lang='lat' dir='ltr'>ingressus</span> <span class='ocrx_word' id='word_1_46' title='bbox 1191 1066 1234 1111; x_wconf 89' lang='lat' dir='ltr'>est</span> <span class='ocrx_word' id='word_1_47' title='bbox 1266 1063 1378 1121; x_wconf 84' lang='lat' dir='ltr'>castra,</span> <span class='ocrx_word' id='word_1_48' title='bbox 1412 1052 1491 1109; x_wconf 91' lang='lat' dir='ltr'>nullo</span> 
     </span>
     <span class='ocr_line' id='line_1_7' title="bbox 433 1157 1492 1236; baseline 0.002 -23"><span class='ocrx_word' id='word_1_49' title='bbox 433 1175 551 1214; x_wconf 89' lang='lat' dir='ltr'>snorum</span> <span class='ocrx_word' id='word_1_50' title='bbox 573 1157 630 1214; x_wconf 82' lang='lat' dir='ltr'>alio</span> <span class='ocrx_word' id='word_1_51' title='bbox 652 1160 775 1231; x_wconf 79' lang='lat' dir='ltr'>comite,</span> <span class='ocrx_word' id='word_1_52' title='bbox 806 1180 889 1236; x_wconf 85' lang='lat' dir='ltr'>quam</span> <span class='ocrx_word' id='word_1_53' title='bbox 917 1160 966 1236; x_wconf 95' lang='lat' dir='ltr'>qui</span> <span class='ocrx_word' id='word_1_54' title='bbox 987 1161 1082 1217; x_wconf 87' lang='lat' dir='ltr'>socius</span> <span class='ocrx_word' id='word_1_55' title='bbox 1105 1160 1278 1217; x_wconf 80' lang='lat' dir='ltr'>calamitatis</span> <span class='ocrx_word' id='word_1_56' title='bbox 1301 1159 1492 1217; x_wconf 89' lang='lat' dir='ltr'>miserabilio-</span> 
     </span>
     <span class='ocr_line' id='line_1_8' title="bbox 433 1263 1493 1341; baseline 0.001 -22"><span class='ocrx_word' id='word_1_57' title='bbox 433 1282 494 1320; x_wconf 89' lang='lat' dir='ltr'>rem</span> <span class='ocrx_word' id='word_1_58' title='bbox 516 1283 580 1321; x_wconf 88' lang='lat' dir='ltr'>eum</span> <span class='ocrx_word' id='word_1_59' title='bbox 602 1263 719 1323; x_wconf 85' lang='lat' dir='ltr'>faceret.</span> <span class='ocrx_word' id='word_1_60' title='bbox 766 1266 910 1341; x_wconf 85' lang='lat' dir='ltr'>Progredi</span> <span class='ocrx_word' id='word_1_61' title='bbox 930 1286 990 1341; x_wconf 75' lang='lat' dir='ltr'>prae</span> <span class='ocrx_word' id='word_1_62' title='bbox 1011 1268 1096 1324; x_wconf 88' lang='lat' dir='ltr'>turba</span> <span class='ocrx_word' id='word_1_63' title='bbox 1118 1264 1327 1323; x_wconf 86' lang='lat' dir='ltr'>occurrentium</span> <span class='ocrx_word' id='word_1_64' title='bbox 1350 1264 1388 1321; x_wconf 87' lang='lat' dir='ltr'>ed</span> <span class='ocrx_word' id='word_1_65' title='bbox 1410 1282 1493 1340; x_wconf 88' lang='lat' dir='ltr'>spec-</span> 
     </span>
     <span class='ocr_line' id='line_1_9' title="bbox 433 1369 1494 1449; baseline 0.002 -24"><span class='ocrx_word' id='word_1_66' title='bbox 433 1369 559 1427; x_wconf 85' lang='lat' dir='ltr'>taculum</span> <span class='ocrx_word' id='word_1_67' title='bbox 589 1390 649 1431; x_wconf 92' lang='lat' dir='ltr'>non</span> <span class='ocrx_word' id='word_1_68' title='bbox 679 1382 809 1449; x_wconf 84' lang='lat' dir='ltr'>poterat,</span> <span class='ocrx_word' id='word_1_69' title='bbox 844 1374 935 1431; x_wconf 92' lang='lat' dir='ltr'>donec</span> <span class='ocrx_word' id='word_1_70' title='bbox 965 1392 983 1429; x_wconf 89' lang='lat' dir='ltr'>a</span> <span class='ocrx_word' id='word_1_71' title='bbox 1019 1372 1135 1430; x_wconf 88' lang='lat' dir='ltr'>consule</span> <span class='ocrx_word' id='word_1_72' title='bbox 1162 1371 1278 1429; x_wconf 82' lang='lat' dir='ltr'>lictores</span> <span class='ocrx_word' id='word_1_73' title='bbox 1309 1370 1389 1428; x_wconf 88' lang='lat' dir='ltr'>missi</span> <span class='ocrx_word' id='word_1_74' title='bbox 1417 1380 1494 1440; x_wconf 86' lang='lat' dir='ltr'>eunt,</span> 
     </span>
     <span class='ocr_line' id='line_1_10' title="bbox 395 1475 1494 1554; baseline -0.005 -18"><span class='ocrx_word' id='word_1_75' title='bbox 395 1484 410 1536; x_wconf 88' lang='lat'><strong>5</strong></span> <span class='ocrx_word' id='word_1_76' title='bbox 435 1475 484 1549; x_wconf 92' lang='lat' dir='ltr'>qui</span> <span class='ocrx_word' id='word_1_77' title='bbox 505 1485 648 1533; x_wconf 87' lang='lat' dir='ltr'>summoto</span> <span class='ocrx_word' id='word_1_78' title='bbox 669 1477 724 1535; x_wconf 91' lang='lat' dir='ltr'>iter</span> <span class='ocrx_word' id='word_1_79' title='bbox 751 1479 789 1536; x_wconf 88' lang='lat' dir='ltr'>ad</span> <span class='ocrx_word' id='word_1_80' title='bbox 810 1478 975 1554; x_wconf 82' lang='lat' dir='ltr'>praetorium</span> <span class='ocrx_word' id='word_1_81' title='bbox 997 1477 1134 1535; x_wconf 84' lang='lat' dir='ltr'>facerent.</span> <span class='ocrx_word' id='word_1_82' title='bbox 1182 1475 1373 1535; x_wconf 87' lang='lat' dir='ltr'>Consurrexit</span> <span class='ocrx_word' id='word_1_83' title='bbox 1393 1475 1494 1533; x_wconf 89' lang='lat' dir='ltr'>consul</span> 
     </span>
     <span class='ocr_line' id='line_1_11' title="bbox 435 1558 1495 1660; baseline -0.001 -23"><span class='ocrx_word' id='word_1_84' title='bbox 435 1588 480 1651; x_wconf 88' lang='lat' dir='ltr'>et,</span> <span class='ocrx_word' id='word_1_85' title='bbox 500 1581 585 1639; x_wconf 91' lang='lat' dir='ltr'>iussis</span> <span class='ocrx_word' id='word_1_86' title='bbox 606 1584 706 1642; x_wconf 91' lang='lat' dir='ltr'>sedere</span> <span class='ocrx_word' id='word_1_87' title='bbox 736 1584 800 1641; x_wconf 88' lang='lat' dir='ltr'>aliis</span> <span class='ocrx_word' id='word_1_88' title='bbox 839 1558 1067 1660; x_wconf 86' lang='lat' dir='ltr'>progressusque</span> <span class='ocrx_word' id='word_1_89' title='bbox 1090 1583 1225 1659; x_wconf 91' lang='lat' dir='ltr'>paulum,</span> <span class='ocrx_word' id='word_1_90' title='bbox 1253 1580 1412 1640; x_wconf 75' lang='lat' dir='ltr'>introeunti</span> <span class='ocrx_word' id='word_1_91' title='bbox 1433 1580 1495 1654; x_wconf 89' lang='lat' dir='ltr'>regi</span> 
     </span>
     <span class='ocr_line' id='line_1_12' title="bbox 435 1685 1495 1765; baseline 0 -22"><span class='ocrx_word' id='word_1_92' title='bbox 435 1685 565 1745; x_wconf 88' lang='lat' dir='ltr'>dextram</span> <span class='ocrx_word' id='word_1_93' title='bbox 588 1689 733 1764; x_wconf 82' lang='lat' dir='ltr'>porrexit,</span> <span class='ocrx_word' id='word_1_94' title='bbox 754 1690 1036 1765; x_wconf 79' lang='lat' dir='ltr'>summittentemque</span> <span class='ocrx_word' id='word_1_95' title='bbox 1056 1708 1088 1747; x_wconf 92' lang='lat' dir='ltr'>se</span> <span class='ocrx_word' id='word_1_96' title='bbox 1118 1689 1156 1746; x_wconf 87' lang='lat' dir='ltr'>ad</span> <span class='ocrx_word' id='word_1_97' title='bbox 1177 1689 1266 1764; x_wconf 90' lang='lat' dir='ltr'>pedes</span> <span class='ocrx_word' id='word_1_98' title='bbox 1286 1686 1421 1757; x_wconf 79' lang='lat' dir='ltr'>sustulit,</span> <span class='ocrx_word' id='word_1_99' title='bbox 1441 1704 1495 1743; x_wconf 89' lang='lat' dir='ltr'>nec</span> 
     </span>
     <span class='ocr_line' id='line_1_13' title="bbox 435 1792 1495 1880; baseline -0.001 -32"><span class='ocrx_word' id='word_1_100' title='bbox 435 1793 576 1868; x_wconf 85' lang='lat' dir='ltr'>attingere</span> <span class='ocrx_word' id='word_1_101' title='bbox 596 1813 691 1870; x_wconf 84' lang='lat' dir='ltr'>genna</span> <span class='ocrx_word' id='word_1_102' title='bbox 713 1814 825 1871; x_wconf 91' lang='lat' dir='ltr'>passus,</span> <span class='ocrx_word' id='word_1_103' title='bbox 848 1796 1042 1855; x_wconf 86' lang='lat' dir='ltr'>introductum</span> <span class='ocrx_word' id='word_1_104' title='bbox 1067 1797 1097 1853; x_wconf 92' lang='lat' dir='ltr'>in</span> <span class='ocrx_word' id='word_1_105' title='bbox 1114 1795 1332 1880; x_wconf 77' lang='lat' dir='ltr'>tabernaculum</span> <span class='ocrx_word' id='word_1_106' title='bbox 1355 1792 1495 1850; x_wconf 88' lang='lat' dir='ltr'>adversus</span> 
     </span>
     <span class='ocr_line' id='line_1_14' title="bbox 437 1898 1101 1960; baseline 0.003 -5"><span class='ocrx_word' id='word_1_107' title='bbox 437 1898 596 1957; x_wconf 87' lang='lat' dir='ltr'>advocatos</span> <span class='ocrx_word' id='word_1_108' title='bbox 617 1900 647 1957; x_wconf 92' lang='lat' dir='ltr'>in</span> <span class='ocrx_word' id='word_1_109' title='bbox 668 1901 818 1958; x_wconf 91' lang='lat' dir='ltr'>consilium</span> <span class='ocrx_word' id='word_1_110' title='bbox 842 1903 991 1960; x_wconf 88' lang='lat' dir='ltr'>considere</span> <span class='ocrx_word' id='word_1_111' title='bbox 1011 1901 1101 1959; x_wconf 90' lang='lat' dir='ltr'>iussit.</span> 
     </span>
     <span class='ocr_line' id='line_1_15' title="bbox 517 2004 1492 2081; baseline -0.002 -18"><span class='ocrx_word' id='word_1_112' title='bbox 517 2004 619 2063; x_wconf 88' lang='lat' dir='ltr'>Prime</span> <span class='ocrx_word' id='word_1_113' title='bbox 641 2007 820 2081; x_wconf 89' lang='lat' dir='ltr'>percontatio</span> <span class='ocrx_word' id='word_1_114' title='bbox 841 2006 910 2077; x_wconf 81' lang='lat' dir='ltr'>fuit,</span> <span class='ocrx_word' id='word_1_115' title='bbox 946 2020 1016 2081; x_wconf 78' lang='lat' dir='ltr'>qua&#39;</span> <span class='ocrx_word' id='word_1_116' title='bbox 1033 2007 1169 2063; x_wconf 87' lang='lat' dir='ltr'>subactus</span> <span class='ocrx_word' id='word_1_117' title='bbox 1190 2004 1297 2061; x_wconf 88' lang='lat' dir='ltr'>iniuria</span> <span class='ocrx_word' id='word_1_118' title='bbox 1319 2012 1422 2061; x_wconf 89' lang='lat' dir='ltr'>contra</span> <span class='ocrx_word' id='word_1_119' title='bbox 1441 2024 1492 2080; x_wconf 91' lang='lat' dir='ltr'>po-</span> 
     </span>
     <span class='ocr_line' id='line_1_16' title="bbox 435 2108 1492 2185; baseline 0.001 -18"><span class='ocrx_word' id='word_1_120' title='bbox 435 2108 535 2184; x_wconf 88' lang='lat' dir='ltr'>pulum</span> <span class='ocrx_word' id='word_1_121' title='bbox 556 2112 720 2169; x_wconf 87' lang='lat' dir='ltr'>Romanum</span> <span class='ocrx_word' id='word_1_122' title='bbox 742 2113 847 2170; x_wconf 92' lang='lat' dir='ltr'>bellum</span> <span class='ocrx_word' id='word_1_123' title='bbox 881 2121 940 2169; x_wconf 86' lang='lat' dir='ltr'>tam</span> <span class='ocrx_word' id='word_1_124' title='bbox 962 2112 1067 2169; x_wconf 83' lang='lat' dir='ltr'>infesto</span> <span class='ocrx_word' id='word_1_125' title='bbox 1090 2110 1186 2170; x_wconf 81' lang='lat' dir='ltr'>animo</span> <span class='ocrx_word' id='word_1_126' title='bbox 1209 2109 1401 2184; x_wconf 82' lang='lat' dir='ltr'>suscepisset,</span> <span class='ocrx_word' id='word_1_127' title='bbox 1437 2129 1492 2185; x_wconf 91' lang='lat' dir='ltr'>quo</span> 
     </span>
     <span class='ocr_line' id='line_1_17' title="bbox 395 2214 1491 2293; baseline 0 -20"><span class='ocrx_word' id='word_1_128' title='bbox 395 2218 412 2273; x_wconf 75' lang='grc'>2</span> <span class='ocrx_word' id='word_1_129' title='bbox 436 2233 468 2273; x_wconf 93' lang='lat' dir='ltr'>se</span> <span class='ocrx_word' id='word_1_130' title='bbox 487 2235 664 2293; x_wconf 79' lang='lat' dir='ltr'>regnumque</span> <span class='ocrx_word' id='word_1_131' title='bbox 684 2236 768 2274; x_wconf 88' lang='lat' dir='ltr'>suum</span> <span class='ocrx_word' id='word_1_132' title='bbox 790 2218 827 2276; x_wconf 86' lang='lat' dir='ltr'>ed</span> <span class='ocrx_word' id='word_1_133' title='bbox 849 2218 979 2277; x_wconf 90' lang='lat' dir='ltr'>ultimum</span> <span class='ocrx_word' id='word_1_134' title='bbox 1011 2218 1163 2275; x_wconf 86' lang='lat' dir='ltr'>discrimen</span> <span class='ocrx_word' id='word_1_135' title='bbox 1186 2214 1363 2273; x_wconf 84' lang='lat' dir='ltr'>adduceret?</span> <span class='ocrx_word' id='word_1_136' title='bbox 1411 2214 1491 2287; x_wconf 89' lang='lat' dir='ltr'>Cum,</span> 
     </span>
     <span class='ocr_line' id='line_1_18' title="bbox 436 2322 1490 2398; baseline 0.001 -20"><span class='ocrx_word' id='word_1_137' title='bbox 436 2340 605 2397; x_wconf 89' lang='lat' dir='ltr'>responsum</span> <span class='ocrx_word' id='word_1_138' title='bbox 628 2323 846 2398; x_wconf 88' lang='lat' dir='ltr'>expectantibus</span> <span class='ocrx_word' id='word_1_139' title='bbox 875 2324 1000 2394; x_wconf 82' lang='lat' dir='ltr'>cunctis,</span> <span class='ocrx_word' id='word_1_140' title='bbox 1036 2332 1142 2383; x_wconf 84' lang='lat' dir='ltr'>terrem</span> <span class='ocrx_word' id='word_1_141' title='bbox 1170 2323 1284 2380; x_wconf 89' lang='lat' dir='ltr'>intuens</span> <span class='ocrx_word' id='word_1_142' title='bbox 1314 2322 1363 2381; x_wconf 91' lang='lat' dir='ltr'>diu</span> <span class='ocrx_word' id='word_1_143' title='bbox 1390 2323 1490 2381; x_wconf 87' lang='lat' dir='ltr'>tacitus</span> 
     </span>
     <span class='ocr_line' id='line_1_19' title="bbox 374 2427 1487 2504; baseline 0 -19"><span class='ocrx_word' id='word_1_144' title='bbox 374 2427 533 2497; x_wconf 76' lang='lat' dir='ltr'>=3fleret,</span> <span class='ocrx_word' id='word_1_145' title='bbox 560 2447 674 2487; x_wconf 90' lang='lat' dir='ltr'>rursum</span> <span class='ocrx_word' id='word_1_146' title='bbox 696 2430 808 2487; x_wconf 88' lang='lat' dir='ltr'>consul:</span> <span class='ocrx_word' id='word_1_147' title='bbox 840 2429 891 2499; x_wconf 87' lang='lat' dir='ltr'>,Si</span> <span class='ocrx_word' id='word_1_148' title='bbox 912 2429 1022 2486; x_wconf 89' lang='lat' dir='ltr'>iuvenis</span> <span class='ocrx_word' id='word_1_149' title='bbox 1048 2447 1169 2504; x_wconf 89' lang='lat' dir='ltr'>regnum</span> <span class='ocrx_word' id='word_1_150' title='bbox 1197 2428 1376 2504; x_wconf 86' lang='lat' dir='ltr'>accepisses,</span> <span class='ocrx_word' id='word_1_151' title='bbox 1400 2430 1487 2486; x_wconf 89' lang='lat' dir='ltr'>minus</span> 
     </span>
     <span class='ocr_line' id='line_1_20' title="bbox 437 2533 1483 2611; baseline 0.002 -22"><span class='ocrx_word' id='word_1_152' title='bbox 437 2533 569 2608; x_wconf 88' lang='lat' dir='ltr'>equidem</span> <span class='ocrx_word' id='word_1_153' title='bbox 592 2536 727 2605; x_wconf 89' lang='lat' dir='ltr'>mirarer,</span> <span class='ocrx_word' id='word_1_154' title='bbox 759 2536 909 2611; x_wconf 81' lang='lat' dir='ltr'>ignorasse</span> <span class='ocrx_word' id='word_1_155' title='bbox 930 2546 973 2605; x_wconf 83' lang='lat' dir='ltr'>te,</span> <span class='ocrx_word' id='word_1_156' title='bbox 1010 2553 1096 2609; x_wconf 88' lang='lat' dir='ltr'>qucm</span> <span class='ocrx_word' id='word_1_157' title='bbox 1119 2534 1290 2611; x_wconf 69' lang='lat' dir='ltr'>graviscas</span> <span class='ocrx_word' id='word_1_158' title='bbox 1311 2535 1424 2592; x_wconf 90' lang='lat' dir='ltr'>amicus</span> <span class='ocrx_word' id='word_1_159' title='bbox 1445 2542 1483 2591; x_wconf 86' lang='lat' dir='ltr'>aut</span> 
     </span>
    </p>
   </div>
   <div class='ocr_carea' id='block_1_3' title="bbox 396 2635 1490 3137">
    <p class='ocr_par' dir='ltr' id='par_1_3' title="bbox 396 2635 1490 3137">
     <span class='ocr_line' id='line_1_21' title="bbox 396 2635 1487 2717; baseline 0.001 -21"><span class='ocrx_word' id='word_1_160' title='bbox 396 2635 566 2697; x_wconf 72' lang='lat' dir='ltr'>tinimicus</span> <span class='ocrx_word' id='word_1_161' title='bbox 598 2650 673 2697; x_wconf 87' lang='lat' dir='ltr'>esset</span> <span class='ocrx_word' id='word_1_162' title='bbox 701 2642 825 2717; x_wconf 91' lang='lat' dir='ltr'>populus</span> <span class='ocrx_word' id='word_1_163' title='bbox 846 2643 1012 2710; x_wconf 82' lang='lat' dir='ltr'>Romanus3</span> <span class='ocrx_word' id='word_1_164' title='bbox 1050 2658 1126 2697; x_wconf 91' lang='lat' dir='ltr'>nunc</span> <span class='ocrx_word' id='word_1_165' title='bbox 1147 2659 1232 2711; x_wconf 89' lang='lat' dir='ltr'>vero,</span> <span class='ocrx_word' id='word_1_166' title='bbox 1265 2658 1330 2697; x_wconf 87' lang='lat' dir='ltr'>cum</span> <span class='ocrx_word' id='word_1_167' title='bbox 1362 2648 1391 2697; x_wconf 91' lang='lat' dir='ltr'>et</span> <span class='ocrx_word' id='word_1_168' title='bbox 1418 2639 1487 2699; x_wconf 89' lang='lat' dir='ltr'>bello</span> 
     </span>
     <span class='ocr_line' id='line_1_22' title="bbox 435 2743 1489 2822; baseline 0.004 -23"><span class='ocrx_word' id='word_1_169' title='bbox 435 2743 527 2817; x_wconf 90' lang='lat' dir='ltr'>patris</span> <span class='ocrx_word' id='word_1_170' title='bbox 548 2746 606 2814; x_wconf 90' lang='lat' dir='ltr'>tui,</span> <span class='ocrx_word' id='word_1_171' title='bbox 630 2747 708 2821; x_wconf 92' lang='lat' dir='ltr'>quod</span> <span class='ocrx_word' id='word_1_172' title='bbox 729 2746 877 2804; x_wconf 86' lang='lat' dir='ltr'>nobiscum</span> <span class='ocrx_word' id='word_1_173' title='bbox 900 2747 1004 2822; x_wconf 88' lang='lat' dir='ltr'>gessit,</span> <span class='ocrx_word' id='word_1_174' title='bbox 1028 2745 1205 2803; x_wconf 85' lang='lat' dir='ltr'>interfuisses</span> <span class='ocrx_word' id='word_1_175' title='bbox 1228 2756 1256 2803; x_wconf 90' lang='lat' dir='ltr'>et</span> <span class='ocrx_word' id='word_1_176' title='bbox 1277 2746 1359 2821; x_wconf 90' lang='lat' dir='ltr'>pacis</span> <span class='ocrx_word' id='word_1_177' title='bbox 1381 2756 1489 2821; x_wconf 81' lang='lat' dir='ltr'>postea,</span> 
     </span>
     <span class='ocr_line' id='line_1_23' title="bbox 436 2850 1490 2922; baseline 0.006 -19"><span class='ocrx_word' id='word_1_178' title='bbox 436 2865 523 2922; x_wconf 89' lang='lat' dir='ltr'>quam</span> <span class='ocrx_word' id='word_1_179' title='bbox 551 2868 616 2907; x_wconf 90' lang='lat' dir='ltr'>cum</span> <span class='ocrx_word' id='word_1_180' title='bbox 645 2870 758 2909; x_wconf 89' lang='lat' dir='ltr'>summa</span> <span class='ocrx_word' id='word_1_181' title='bbox 781 2854 838 2909; x_wconf 83' lang='lat' dir='ltr'>tide</span> <span class='ocrx_word' id='word_1_182' title='bbox 863 2851 1003 2908; x_wconf 89' lang='lat' dir='ltr'>adversus</span> <span class='ocrx_word' id='word_1_183' title='bbox 1027 2870 1091 2909; x_wconf 90' lang='lat' dir='ltr'>eum</span> <span class='ocrx_word' id='word_1_184' title='bbox 1114 2851 1269 2922; x_wconf 90' lang='lat' dir='ltr'>coluimus,</span> <span class='ocrx_word' id='word_1_185' title='bbox 1302 2850 1490 2919; x_wconf 84' lang='lat' dir='ltr'>meminisses,</span> 
     </span>
     <span class='ocr_line' id='line_1_24' title="bbox 436 2950 1490 3033; baseline 0 -24"><span class='ocrx_word' id='word_1_186' title='bbox 436 2954 511 3027; x_wconf 83' lang='lat' dir='ltr'>quod</span> <span class='ocrx_word' id='word_1_187' title='bbox 523 2956 583 3028; x_wconf 77' lang='lat' dir='ltr'>suit</span> <span class='ocrx_word' id='word_1_188' title='bbox 603 2957 762 3026; x_wconf 91' lang='lat' dir='ltr'>consilium,</span> <span class='ocrx_word' id='word_1_189' title='bbox 785 2975 906 3033; x_wconf 92' lang='lat' dir='ltr'>quorum</span> <span class='ocrx_word' id='word_1_190' title='bbox 930 2964 958 3013; x_wconf 89' lang='lat' dir='ltr'>et</span> <span class='ocrx_word' id='word_1_191' title='bbox 979 2950 1038 3013; x_wconf 82' lang='lat' dir='ltr'>vim</span> <span class='ocrx_word' id='word_1_192' title='bbox 1060 2960 1088 3015; x_wconf 83' lang='lat' dir='ltr'>in</span> <span class='ocrx_word' id='word_1_193' title='bbox 1108 2957 1185 3015; x_wconf 89' lang='lat' dir='ltr'>bello</span> <span class='ocrx_word' id='word_1_194' title='bbox 1208 2966 1236 3013; x_wconf 92' lang='lat' dir='ltr'>et</span> <span class='ocrx_word' id='word_1_195' title='bbox 1257 2953 1344 3011; x_wconf 89' lang='lat' dir='ltr'>fidem</span> <span class='ocrx_word' id='word_1_196' title='bbox 1365 2954 1396 3010; x_wconf 90' lang='lat' dir='ltr'>in</span> <span class='ocrx_word' id='word_1_197' title='bbox 1420 2969 1490 3028; x_wconf 86' lang='lat' dir='ltr'>pace</span> 
     </span>
     <span class='ocr_line' id='line_1_25' title="bbox 434 3050 1488 3137; baseline 0 -23"><span class='ocrx_word' id='word_1_198' title='bbox 434 3069 570 3134; x_wconf 87' lang='lat' dir='ltr'>expertus</span> <span class='ocrx_word' id='word_1_199' title='bbox 591 3080 685 3134; x_wconf 91' lang='lat' dir='ltr'>esses,</span> <span class='ocrx_word' id='word_1_200' title='bbox 708 3081 772 3121; x_wconf 90' lang='lat' dir='ltr'>cum</span> <span class='ocrx_word' id='word_1_201' title='bbox 790 3064 825 3121; x_wconf 87' lang='lat' dir='ltr'>iis</span> <span class='ocrx_word' id='word_1_202' title='bbox 846 3061 898 3118; x_wconf 87' lang='lat' dir='ltr'>tibi</span> <span class='ocrx_word' id='word_1_203' title='bbox 919 3060 1024 3118; x_wconf 87' lang='lat' dir='ltr'>bellum</span> <span class='ocrx_word' id='word_1_204' title='bbox 1047 3080 1109 3119; x_wconf 91' lang='lat' dir='ltr'>esse</span> <span class='ocrx_word' id='word_1_205' title='bbox 1131 3081 1217 3136; x_wconf 86' lang='lat' dir='ltr'>quem</span> <span class='ocrx_word' id='word_1_206' title='bbox 1240 3050 1342 3137; x_wconf 79' lang='lat' dir='ltr'>pedem</span> <span class='ocrx_word' id='word_1_207' title='bbox 1367 3055 1488 3115; x_wconf 80' lang='lat' dir='ltr'>malle?“</span> 
     </span>
    </p>
   </div>
   <div class='ocr_carea' id='block_1_4' title="bbox 395 3165 1490 3243">
    <p class='ocr_par' dir='ltr' id='par_1_4' title="bbox 395 3165 1490 3243">
     <span class='ocr_line' id='line_1_26' title="bbox 395 3165 1490 3243; baseline -0.001 -23"><span class='ocrx_word' id='word_1_208' title='bbox 395 3166 411 3219; x_wconf 83' lang='lat'>5</span> <span class='ocrx_word' id='word_1_209' title='bbox 434 3165 497 3223; x_wconf 91' lang='lat' dir='ltr'>Nec</span> <span class='ocrx_word' id='word_1_210' title='bbox 518 3166 710 3243; x_wconf 86' lang='lat' dir='ltr'>iuterrogatus</span> <span class='ocrx_word' id='word_1_211' title='bbox 738 3186 792 3227; x_wconf 90' lang='lat' dir='ltr'>nec</span> <span class='ocrx_word' id='word_1_212' title='bbox 815 3176 966 3225; x_wconf 85' lang='lat' dir='ltr'>accusatus</span> <span class='ocrx_word' id='word_1_213' title='bbox 987 3184 1052 3225; x_wconf 87' lang='lat' dir='ltr'>cum</span> <span class='ocrx_word' id='word_1_214' title='bbox 1075 3166 1275 3241; x_wconf 84' lang='lat' dir='ltr'>responderet:</span> <span class='ocrx_word' id='word_1_215' title='bbox 1306 3165 1490 3239; x_wconf 86' lang='lat' dir='ltr'>„Utcumque</span> 
     </span>
    </p>
   </div>
   <div class='ocr_carea' id='block_1_5' title="bbox 433 3361 663 3369">
    <p class='ocr_par' dir='ltr' id='par_1_5' title="bbox 433 3361 663 3369">
     <span class='ocr_line' id='line_1_27' title="bbox 433 3361 663 3369; baseline 0.004 -1"><span class='ocrx_word' id='word_1_216' title='bbox 433 3361 663 3369; x_wconf 38' lang='lat' dir='ltr'>——Q—</span> 
     </span>
    </p>
   </div>
   <div class='ocr_carea' id='block_1_6' title="bbox 431 3477 1491 4237">
    <p class='ocr_par' dir='ltr' id='par_1_6' title="bbox 431 3477 1491 4237">
     <span class='ocr_line' id='line_1_28' title="bbox 433 3477 1490 3544; baseline -0.006 -14"><span class='ocrx_word' id='word_1_217' title='bbox 433 3477 458 3537; x_wconf 88' lang='lat'>3,</span> <span class='ocrx_word' id='word_1_218' title='bbox 469 3482 484 3525; x_wconf 79' lang='lat'><strong>2</strong></span> <span class='ocrx_word' id='word_1_219' title='bbox 494 3479 588 3540; x_wconf 85' lang='lat' dir='ltr'>auique</span> <span class='ocrx_word' id='word_1_220' title='bbox 598 3493 660 3542; x_wconf 85' lang='lat' dir='ltr'>quos</span> <span class='ocrx_word' id='word_1_221' title='bbox 671 3479 725 3544; x_wconf 81' lang='lat' dir='ltr'>Mp.</span> <span class='ocrx_word' id='word_1_222' title='bbox 739 3477 823 3543; x_wconf 81' lang='lat' dir='ltr'>(Creu.</span> <span class='ocrx_word' id='word_1_223' title='bbox 835 3480 927 3543; x_wconf 82' lang='lat' dir='ltr'>avique</span> <span class='ocrx_word' id='word_1_224' title='bbox 938 3486 963 3527; x_wconf 86' lang='lat' dir='ltr'>et</span> <span class='ocrx_word' id='word_1_225' title='bbox 973 3486 1114 3527; x_wconf 86' lang='lat' dir='ltr'>ceterorum</span> <span class='ocrx_word' id='word_1_226' title='bbox 1125 3490 1224 3538; x_wconf 85' lang='lat' dir='ltr'>regum,</span> <span class='ocrx_word' id='word_1_227' title='bbox 1235 3477 1314 3539; x_wconf 88' lang='lat' dir='ltr'>quos)</span> <span class='ocrx_word' id='word_1_228' title='bbox 1335 3484 1349 3526; x_wconf 86' lang='grc'>3</span> <span class='ocrx_word' id='word_1_229' title='bbox 1361 3488 1388 3527; x_wconf 88' lang='lat' dir='ltr'>at</span> <span class='ocrx_word' id='word_1_230' title='bbox 1397 3490 1490 3540; x_wconf 84' lang='lat' dir='ltr'>genere</span> 
     </span>
     <span class='ocr_line' id='line_1_29' title="bbox 433 3562 1491 3629; baseline -0.001 -17"><span class='ocrx_word' id='word_1_231' title='bbox 433 3569 449 3612; x_wconf 79' lang='lat'>4</span> <span class='ocrx_word' id='word_1_232' title='bbox 479 3564 635 3615; x_wconf 78' lang='lat' dir='ltr'>efficiebatur</span> <span class='ocrx_word' id='word_1_233' title='bbox 682 3572 695 3614; x_wconf 91' lang='grc'>5</span> <span class='ocrx_word' id='word_1_234' title='bbox 716 3581 830 3615; x_wconf 87' lang='lat' dir='ltr'>summus</span> <span class='ocrx_word' id='word_1_235' title='bbox 882 3564 913 3625; x_wconf 87' lang='lat'>4,</span> <span class='ocrx_word' id='word_1_236' title='bbox 941 3571 951 3613; x_wconf 93' lang='lat' dir='ltr'>l</span> <span class='ocrx_word' id='word_1_237' title='bbox 976 3564 1047 3628; x_wconf 88' lang='lat' dir='ltr'>pullo</span> <span class='ocrx_word' id='word_1_238' title='bbox 1074 3564 1180 3611; x_wconf 89' lang='lat' dir='ltr'>amictus</span> <span class='ocrx_word' id='word_1_239' title='bbox 1198 3562 1243 3610; x_wconf 91' lang='lat' dir='ltr'>illo</span> <span class='ocrx_word' id='word_1_240' title='bbox 1266 3578 1369 3627; x_wconf 87' lang='lat' dir='ltr'>perseus</span> <span class='ocrx_word' id='word_1_241' title='bbox 1389 3564 1491 3629; x_wconf 74' lang='lat' dir='ltr'>Lipcim</span> 
     </span>
     <span class='ocr_line' id='line_1_30' title="bbox 432 3648 1489 3716; baseline -0.001 -17"><span class='ocrx_word' id='word_1_242' title='bbox 432 3648 553 3714; x_wconf 83' lang='lat' dir='ltr'>(amictu)</span> <span class='ocrx_word' id='word_1_243' title='bbox 572 3661 595 3701; x_wconf 84' lang='lat' dir='ltr'>et</span> <span class='ocrx_word' id='word_1_244' title='bbox 614 3653 722 3703; x_wconf 75' lang='lat' dir='ltr'>Groevitoe</span> <span class='ocrx_word' id='word_1_245' title='bbox 764 3654 894 3701; x_wconf 69' lang='lat' dir='ltr'>scomite</span> <span class='ocrx_word' id='word_1_246' title='bbox 912 3650 1097 3715; x_wconf 81' lang='lat' dir='ltr'>quiDosiatius</span> <span class='ocrx_word' id='word_1_247' title='bbox 1133 3649 1298 3698; x_wconf 85' lang='lat' dir='ltr'>4misissent</span> <span class='ocrx_word' id='word_1_248' title='bbox 1316 3650 1489 3716; x_wconf 81' lang='lat' dir='ltr'>quiM9.Err.</span> 
     </span>
     <span class='ocr_line' id='line_1_31' title="bbox 432 3736 1489 3805; baseline -0.001 -19"><span class='ocrx_word' id='word_1_249' title='bbox 432 3736 488 3787; x_wconf 75' lang='lat'>596</span> <span class='ocrx_word' id='word_1_250' title='bbox 505 3736 595 3805; x_wconf 79' lang='lat' dir='ltr'>(Gryn.</span> <span class='ocrx_word' id='word_1_251' title='bbox 615 3742 696 3790; x_wconf 90' lang='lat' dir='ltr'>donec</span> <span class='ocrx_word' id='word_1_252' title='bbox 715 3754 765 3789; x_wconf 89' lang='lat' dir='ltr'>cos.</span> <span class='ocrx_word' id='word_1_253' title='bbox 787 3766 818 3775; x_wconf 92' lang='lat'><em>—</em></span> <span class='ocrx_word' id='word_1_254' title='bbox 837 3739 972 3797; x_wconf 82' lang='lat' dir='ltr'>misisset,</span> <span class='ocrx_word' id='word_1_255' title='bbox 988 3737 1042 3801; x_wconf 88' lang='lat' dir='ltr'>qui)</span> <span class='ocrx_word' id='word_1_256' title='bbox 1078 3736 1187 3801; x_wconf 80' lang='lat' dir='ltr'>5Gryn.</span> <span class='ocrx_word' id='word_1_257' title='bbox 1207 3739 1391 3786; x_wconf 86' lang='lat' dir='ltr'>summovendo</span> <span class='ocrx_word' id='word_1_258' title='bbox 1426 3737 1489 3800; x_wconf 75' lang='lat'>5,2</span> 
     </span>
     <span class='ocr_line' id='line_1_32' title="bbox 431 3823 1488 3893; baseline -0.002 -20"><span class='ocrx_word' id='word_1_259' title='bbox 431 3826 503 3874; x_wconf 89' lang='lat' dir='ltr'>iustis</span> <span class='ocrx_word' id='word_1_260' title='bbox 539 3828 684 3891; x_wconf 85' lang='lat' dir='ltr'>3porrcgit</span> <span class='ocrx_word' id='word_1_261' title='bbox 702 3826 705 3893; x_wconf 87' lang='grc' dir='ltr'>Ι</span> <span class='ocrx_word' id='word_1_262' title='bbox 722 3827 908 3888; x_wconf 81' lang='lat' dir='ltr'>necutingenua</span> <span class='ocrx_word' id='word_1_263' title='bbox 943 3825 1109 3873; x_wconf 75' lang='lat' dir='ltr'>tconsidere</span> <span class='ocrx_word' id='word_1_264' title='bbox 1128 3823 1250 3872; x_wconf 86' lang='lat' dir='ltr'>aduersus</span> <span class='ocrx_word' id='word_1_265' title='bbox 1268 3824 1301 3872; x_wconf 84' lang='lat' dir='ltr'>sit</span> <span class='ocrx_word' id='word_1_266' title='bbox 1344 3824 1488 3882; x_wconf 81' lang='lat' dir='ltr'>vn1‚1‚2</span> 
     </span>
     <span class='ocr_line' id='line_1_33' title="bbox 432 3908 1488 3977; baseline -0.004 -16"><span class='ocrx_word' id='word_1_267' title='bbox 432 3912 572 3977; x_wconf 87' lang='lat' dir='ltr'>suscepisse</span> <span class='ocrx_word' id='word_1_268' title='bbox 608 3915 809 3963; x_wconf 71' lang='lat' dir='ltr'>sadduceretur</span> <span class='ocrx_word' id='word_1_269' title='bbox 846 3911 873 3972; x_wconf 82' lang='lat'>2,</span> <span class='ocrx_word' id='word_1_270' title='bbox 891 3917 906 3960; x_wconf 87' lang='grc'>3</span> <span class='ocrx_word' id='word_1_271' title='bbox 925 3910 997 3960; x_wconf 86' lang='lat' dir='ltr'>fleret</span> <span class='ocrx_word' id='word_1_272' title='bbox 1014 3912 1087 3959; x_wconf 90' lang='lat' dir='ltr'>iussu</span> <span class='ocrx_word' id='word_1_273' title='bbox 1105 3908 1196 3959; x_wconf 91' lang='lat' dir='ltr'>consul</span> <span class='ocrx_word' id='word_1_274' title='bbox 1236 3909 1261 3971; x_wconf 88' lang='lat'>3,</span> <span class='ocrx_word' id='word_1_275' title='bbox 1281 3918 1295 3959; x_wconf 84' lang='lat'>2</span> <span class='ocrx_word' id='word_1_276' title='bbox 1315 3912 1437 3961; x_wconf 86' lang='lat' dir='ltr'>mirarant</span> <span class='ocrx_word' id='word_1_277' title='bbox 1473 3914 1488 3957; x_wconf 81' lang='grc'><strong>3</strong></span> 
     </span>
     <span class='ocr_line' id='line_1_34' title="bbox 431 3994 1487 4063; baseline 0.002 -16"><span class='ocrx_word' id='word_1_278' title='bbox 431 4014 486 4049; x_wconf 91' lang='lat' dir='ltr'>esse</span> <span class='ocrx_word' id='word_1_279' title='bbox 501 4016 525 4063; x_wconf 90' lang='lat' dir='ltr'>p.</span> <span class='ocrx_word' id='word_1_280' title='bbox 537 4015 556 4049; x_wconf 88' lang='lat' dir='ltr'>r.</span> <span class='ocrx_word' id='word_1_281' title='bbox 576 4014 645 4049; x_wconf 90' lang='lat' dir='ltr'>nunc</span> <span class='ocrx_word' id='word_1_282' title='bbox 663 4014 742 4063; x_wconf 89' lang='lat' dir='ltr'>uepro</span> <span class='ocrx_word' id='word_1_283' title='bbox 775 3998 801 4057; x_wconf 84' lang='lat'>4,</span> <span class='ocrx_word' id='word_1_284' title='bbox 820 3998 1005 4048; x_wconf 76' lang='lat' dir='ltr'>ameminisset</span> <span class='ocrx_word' id='word_1_285' title='bbox 1023 3996 1158 4047; x_wconf 87' lang='lat' dir='ltr'>consillum</span> <span class='ocrx_word' id='word_1_286' title='bbox 1168 3994 1222 4061; x_wconf 73' lang='lat' dir='ltr'>My.</span> <span class='ocrx_word' id='word_1_287' title='bbox 1242 3996 1298 4046; x_wconf 84' lang='lat' dir='ltr'>Em.</span> <span class='ocrx_word' id='word_1_288' title='bbox 1319 3996 1376 4047; x_wconf 77' lang='lat'>596</span> <span class='ocrx_word' id='word_1_289' title='bbox 1394 3998 1487 4063; x_wconf 66' lang='lat' dir='ltr'>(crya</span> 
     </span>
     <span class='ocr_line' id='line_1_35' title="bbox 431 4083 1488 4149; baseline -0.004 -14"><span class='ocrx_word' id='word_1_290' title='bbox 431 4088 595 4146; x_wconf 85' lang='lat' dir='ltr'>meminisses,</span> <span class='ocrx_word' id='word_1_291' title='bbox 615 4087 683 4148; x_wconf 88' lang='lat' dir='ltr'>qnod</span> <span class='ocrx_word' id='word_1_292' title='bbox 702 4085 847 4149; x_wconf 81' lang='lat' dir='ltr'>consilinm)</span> <span class='ocrx_word' id='word_1_293' title='bbox 881 4084 969 4133; x_wconf 81' lang='lat' dir='ltr'>tnim</span> <span class='ocrx_word' id='word_1_294' title='bbox 988 4083 1151 4134; x_wconf 86' lang='lat' dir='ltr'>belloDrak.</span> <span class='ocrx_word' id='word_1_295' title='bbox 1189 4088 1282 4134; x_wconf 74' lang='lat' dir='ltr'>tcum</span> <span class='ocrx_word' id='word_1_296' title='bbox 1300 4085 1322 4133; x_wconf 90' lang='lat' dir='ltr'>is</span> <span class='ocrx_word' id='word_1_297' title='bbox 1365 4084 1390 4143; x_wconf 88' lang='lat'>5,</span> <span class='ocrx_word' id='word_1_298' title='bbox 1412 4090 1488 4133; x_wconf 87' lang='lat' dir='ltr'>lnec</span> 
     </span>
     <span class='ocr_line' id='line_1_36' title="bbox 431 4160 859 4237; baseline -0.002 -15"><span class='ocrx_word' id='word_1_299' title='bbox 431 4181 550 4224; x_wconf 73' lang='lat' dir='ltr'>muratus</span> <span class='ocrx_word' id='word_1_300' title='bbox 565 4174 570 4236; x_wconf 94' lang='grc' dir='ltr'>Ι</span> <span class='ocrx_word' id='word_1_301' title='bbox 585 4160 859 4237; x_wconf 82' lang='lat' dir='ltr'>responderetcumqoe</span> 
     </span>
    </p>
   </div>
   <div class='ocr_carea' id='block_1_7' title="bbox 0 0 1742 5084">
    <p class='ocr_par' dir='ltr' id='par_1_7' title="bbox 0 0 1742 5084">
     <span class='ocr_line' id='line_1_37' title="bbox 0 0 1742 5084; baseline 0 0"><span class='ocrx_word' id='word_1_302' title='bbox 0 0 1742 5084; x_wconf 95' lang='lat' dir='ltr'> </span> 
     </span>
    </p>
   </div>
  </div>
 </body>
</html>
