3475 5084
542 531 620 581 Liber
637 531 719 581 xuv.
757 532 802 593 (A.
818 531 877 580 cur.
900 532 969 591 ιιι.)
1185 532 1239 587 221

236 716 327 791 inopia
347 725 420 773 erat.
470 716 526 775 His
554 733 618 773 cnm
645 715 737 773 laetari
761 716 938 775 Antiochum
967 714 1139 773 conveniens
1160 724 1243 784 esset,
1264 714 1289 771 si
1312 714 1329 771 8

237 822 405 881 reddueendi
427 822 487 881 eius
509 840 600 880 causa
617 821 775 879 exercitum
789 822 952 897 AEgyptum
969 819 1136 890 induxisset,
1152 836 1209 893 quo
1224 836 1288 895 spe-

237 929 309 985 cioso
330 928 416 986 titulo
438 928 476 985 ad
505 946 605 986 omnes
626 926 707 985 Asiae
732 935 761 983 et
783 926 904 985 Groeeiaa
932 926 1077 997 civitates,
1097 925 1289 1001 legationibus

236 1034 401 1109 recipiendis
422 1034 583 1109 litterisque
603 1032 787 1103 dimittendis,
808 1050 878 1089 usus
900 1042 971 1103 erat,
994 1032 1067 1089 adeo
1090 1042 1134 1089 est
1153 1029 1289 1101 offensus,

236 1148 265 1195 ut
283 1140 374 1197 multo
400 1140 495 1197 acrius
517 1138 705 1214 infestiusque
727 1139 867 1195 adversus
890 1138 962 1196 duos
987 1156 1074 1212 quam
1100 1147 1166 1194 ante
1187 1136 1289 1193 adver·

236 1262 280 1301 sus
307 1264 397 1302 unum
429 1239 547 1321 pararet
569 1245 686 1303 bellum.
734 1242 863 1320 Cyprum
886 1243 1031 1319 extemplo
1053 1242 1173 1300 classem
1197 1242 1291 1315 misit;
1314 1247 1331 1302 9

236 1351 292 1427 ipse
312 1352 410 1427 primo
431 1371 501 1409 vere
522 1370 586 1409 cum
609 1349 736 1409 exercitu
750 1351 914 1427 AEgyptum
936 1359 1044 1425 petens,
1065 1349 1094 1405 in
1116 1348 1214 1406 Coelen
1236 1348 1291 1426 Sy·

236 1457 303 1513 dam
325 1458 477 1532 processit.
523 1455 610 1515 Circa
632 1456 831 1514 Rhinocolura
851 1455 1002 1514 Ptolemaei
1024 1454 1126 1531 legatis
1141 1454 1292 1529 agentibus
1317 1456 1352 1511 tu

237 1563 349 1637 gratias,
371 1563 453 1638 quod
474 1582 526 1639 per
549 1582 614 1621 eum
635 1580 754 1637 regnum
777 1562 902 1637 patrium
924 1562 1095 1637 recepisset,
1117 1560 1292 1635 petentibus·

238 1687 297 1743 que,
318 1679 351 1725 ut
365 1687 451 1727 suum
467 1687 570 1725 munus
584 1678 712 1725 tueretur
732 1677 762 1725 et
775 1668 884 1725 diceret
897 1668 1003 1744 potius,
1026 1667 1094 1741 quid
1115 1667 1177 1724 fieri
1198 1665 1293 1735 vellet,

239 1794 329 1849 quam,
351 1774 447 1833 hostis
468 1794 505 1831 ex
519 1775 598 1831 socio
614 1773 716 1842 faetus,
737 1774 767 1829 vi
787 1774 883 1848 adque
898 1775 985 1833 armis
1008 1784 1115 1849 ageret,
1136 1770 1293 1846 respondit,

239 1900 291 1937 non
313 1881 399 1939 aliter
420 1897 515 1954 neque
535 1879 657 1937 classem
672 1889 874 1937 revocaturum
888 1901 981 1956 neque
997 1880 1152 1939 exercitum
1173 1875 1294 1933 redduc-
1320 1879 1352 1935 tt

240 1995 344 2056 turum,
372 1985 431 2042 nisi
452 1985 508 2043 sibi
529 1995 558 2042 et
581 1967 643 2042 tota
664 1983 762 2060 Cypro
784 1994 813 2041 et
832 1986 950 2044 Pelusio
972 2004 1116 2062 agroque,
1147 1983 1197 2058 qui
1217 1982 1295 2039 eirca
1357 1979 1362 1987 '

240 2092 420 2151 Pelusiacum
450 2091 555 2147 ostium
576 2091 637 2147 Nili
664 2099 755 2161 esset,
787 2092 950 2161 cederetur;
982 2092 1115 2166 diemque
1136 2088 1295 2166 praestituit,

240 2196 311 2256 intra
332 2219 422 2275 quem
445 2199 482 2255 de
502 2196 718 2255 condicionibus
739 2198 863 2272 peractis
889 2216 1059 2273 responsum
1081 2197 1233 2272 acciperet.

317 2308 483 2380 Postquam
513 2303 575 2359 dies
608 2302 677 2358 data
708 2302 826 2360 indutiis
859 2304 1012 2379 praeteriit,
1043 2298 1060 2331 ⁴*
1092 2300 1295 2377 navigantibus
1340 2293 1379 2365 12

242 2411 311 2467 ostio
331 2412 396 2470 Nili
418 2410 456 2468 ad
477 2408 635 2478 Pelusium,
656 2425 709 2482 per
730 2408 844 2465 deserta
865 2409 985 2468 Arabiae
1006 2411 1052 2447 *¹
1079 2408 1116 2465 ad
1137 2403 1295 2480 Memphim
1318 2406 1336 2461 2

243 2514 422 2588 incolebant,
454 2524 483 2573 et
504 2516 541 2572 ab
563 2514 664 2571 ceteris
684 2513 850 2589 AEgyptiis,
877 2514 982 2590 partim
1005 2515 1163 2581 voluntate,
1191 2508 1295 2585 partim

244 2630 326 2693 metu,
348 2624 389 2680 ad
404 2621 620 2681 Alexandream
643 2619 763 2677 modicis
784 2620 933 2679 itineribus
954 2620 1109 2679 descendit.
1145 2617 1195 2675 Ad
1210 2614 1297 2673 Eleu·
1320 2614 1337 2669 3

245 2724 331 2783 sinam
359 2737 543 2803 transgresso
563 2728 684 2795 flumen,
709 2726 759 2801 qui
776 2727 865 2784 'locus
890 2736 1027 2803 quattuor
1048 2725 1127 2782 milia
1147 2724 1186 2781 ab
1207 2722 1299 2780 Alert-

246 2831 351 2889 andrea
372 2834 473 2905 abest,
506 2834 596 2909 legati
618 2833 744 2891 Romani
770 2842 963 2891 occurrerunt.
1016 2832 1097 2906 Quos
1124 2848 1189 2888 cum
1211 2827 1299 2885 adve-
1321 2827 1339 2881 4

247 2924 363 2993 uiantes
376 2936 548 3007 salutasset,
577 2937 767 3013 dextramque
796 2938 912 3015 Popilio
942 2939 1111 3014 porrigeret,
1129 2934 1253 2992 tabellas
1275 2931 1301 2988 ei

247 3039 375 3117 Popilius
397 3051 508 3099 serame
528 3044 678 3101 amatam
701 3044 839 3120 scriptum
860 3044 1000 3101 habentes
1018 3043 1106 3099 tradit
1123 3041 1218 3115 adque
1239 3057 1300 3096 om·

249 3230 477 3244 Ὠ.-

250 3354 305 3416 8,l
333 3361 355 3410 is
374 3375 432 3409 cum
450 3360 455 3425 Ι
473 3359 621 3409 anthiocum
641 3359 645 3423 l
669 3359 893 3407 essetiretducendi
951 3360 1054 3423 2quod
1106 3357 1227 3406 somnis
1245 3369 1303 3419 spe·

251 3444 287 3492 cie
313 3457 338 3495 et
367 3448 468 3510 grecia
521 3453 537 3495 4
563 3446 767 3509 recipiendisque
792 3446 884 3495 litteris
941 3451 955 3495 5
984 3454 1010 3494 et
1036 3445 1115 3494 multo
1168 3444 1193 3503 9,
1214 3450 1229 3491 2
1248 3443 1304 3507 ipso

251 3532 329 3592 primo
356 3534 361 3602 Ι
390 3534 528 3583 exercitum
582 3533 632 3596 10,
658 3537 669 3580 l
704 3533 848 3581 rinocarala
881 3533 1002 3597 ptolomei
1034 3532 1142 3595 legantis
1218 3528 1303 3593 affl.

252 3623 364 3686 noratur)
415 3623 539 3672 thostiis
556 3637 590 3675 ex
607 3621 693 3686 posoio
709 3623 714 3682 Ι
729 3635 805 3683 agere
849 3619 891 3681 11,
911 3626 926 3669 2
945 3629 999 3670 toto
1049 3626 1064 3670 3
1086 3618 1197 3669 hostium
1216 3615 1302 3682 nihili

254 3707 350 3758 cederet
368 3709 494 3759 Beklcenu
551 3708 612 3768 ΧΠ,
632 3707 656 3767 1,
678 3714 689 3757 1
711 3716 737 3757 et
755 3717 890 3772 postquam
915 3708 920 3770 Ι
944 3708 1057 3771 praeterit
1103 3706 1222 3756 2hostio
1241 3704 1306 3754 nihil
1397 3742 1399 3748 .

256 3785 452 3851 ldesertarubiae
480 3795 554 3861 Grpe.
579 3794 695 3843 stellularu
722 3795 841 3859 opposed.
880 3792 1023 3845 Sarmatiam
1045 3795 1130 3859 iutepri
1152 3792 1199 3843 loci
1224 3792 1306 3841 baias·

255 3880 317 3930 modi
336 3884 417 3947 faisse
444 3882 489 3932 alii
512 3881 669 3931 adnotarunt:
702 3883 835 3931 maritimis
859 3883 938 3948 copiis
958 3884 1139 3945 navigantibus
1163 3881 1229 3931 ostio
1254 3878 1307 3929 Nili

256 3968 286 4014 ad
303 3968 344 4029 P.,
368 3972 422 4035 ipse
446 3985 492 4035 per
515 3971 616 4019 deserta
634 3971 680 4019 Ar.
708 3968 839 4031 ingressus
855 3970 998 4033 AEgyptum
1017 3978 1183 4034 receptusque
1208 3969 1240 4018 ab
1265 3969 1306 4028 iis,

257 4072 298 4131 qui
314 4076 346 4122 ad
366 4074 402 4125 M.
422 4082 473 4123 cett.
528 4073 553 4134 2,
572 4080 587 4122 2
608 4073 658 4136 (H.
677 4053 786 4135 stregab
804 4074 908 4137 ceteris)
961 4080 976 4123 8
996 4075 1033 4128 ab,
1047 4075 1226 4123 alexandream
1243 4070 1248 4131 Ι
1263 4072 1308 4121 ds·

258 4162 383 4211 scenditur
417 4161 443 4221 3,
466 4167 476 4209 l
497 4162 531 4209 ad
548 4161 689 4211 leunsinem
712 4160 833 4211 Turnebus
853 4160 945 4227 (Gryn.
960 4164 993 4211 ad
1006 4161 1155 4223 Leusiuem)
1191 4158 1217 4219 4,
1237 4162 1308 4209 lad·

258 4248 366 4299 uenienti
392 4249 398 4314 Ι
424 4249 586 4312 polliceretur
610 4249 707 4299 abellae
761 4254 777 4297 8
804 4248 1038 4313 popiliusseriptum
1062 4248 1180 4298 habentis
1203 4248 1310 4296 traditur

260 4327 450 4401 Maepham
466 4336 528 4401 post
546 4333 621 4401 Gryn.
641 4336 744 4400 (tradit)
761 4345 783 4386 at
806 4335 917 4385 Ursiaam
937 4337 971 4399 (s.
992 4350 1013 4385 o.
1033 4335 1170 4398 habentes)
