3475 5084
496 516 498 518 ’
525 524 602 574 Liber
620 524 702 573 xnv.
742 524 789 587 (Δ.
809 520 871 573 cur.
894 522 964 585 ros.)
1165 526 1223 583 225

226 730 335 786 remque
356 712 452 768 debito
477 711 615 769 beneficio
639 711 737 771 addat.
773 712 813 769 Et
832 713 971 788 populum
990 714 1153 770 Romanum
1177 711 1214 767 ab
1239 730 1272 767 eo
1296 714 1312 768 2

226 818 292 874 bello
313 817 425 874 Punico
452 816 521 875 forti
549 818 684 892 fidelique
710 835 800 891 opera
828 817 973 884 adiutum,
1003 825 1032 873 et
1057 816 1136 873 illum
1159 815 1274 875 favente

224 924 324 998 populo
345 924 480 1006 Romano
509 941 630 998 regnum
653 922 804 997 adeptum3
837 922 957 997 aequatis
984 921 1159 995 iia-postea
1189 922 1273 979 trium

224 1048 316 1103 regum
339 1027 422 1084 bellis
444 1027 579 1104 deinceps
601 1028 735 1086 omnibus
757 1047 821 1086 eom
843 1019 972 1085 functum
995 1026 1105 1085 officiis.
1141 1028 1273 1085 Victoria
1296 1033 1312 1087 3

223 1154 286 1190 vero
309 1133 410 1209 populi
431 1134 558 1191 Romani
584 1133 676 1191 laetari
702 1153 768 1190 enm
788 1152 887 1209 regem
909 1132 1011 1190 miram
1034 1151 1195 1205 nonesse,
1225 1134 1274 1207 qui

223 1250 321 1296 sortem
345 1258 460 1297 omnem
481 1238 604 1297 fortunae
623 1240 762 1315 regnique
782 1241 827 1298 sui
848 1259 912 1297 cum
943 1240 1028 1296 rebus
1050 1240 1189 1297 Romanis
1221 1242 1274 1298 mi-

223 1347 345 1406 scuisset.
399 1344 508 1403 Grates
529 1346 590 1403 deis
611 1365 664 1421 pro
691 1346 813 1403 victoria
840 1355 911 1419 aput
933 1362 1001 1401 suos
1022 1354 1142 1420 penates
1164 1356 1275 1422 ageret;

223 1453 315 1509 Romae
339 1451 431 1507 filium
452 1470 506 1527 pro
528 1470 562 1509 eo
588 1464 728 1510 acturum.
781 1451 968 1510 Gratulatum
994 1470 1109 1525 quoque
1130 1453 1201 1509 satis
1222 1470 1274 1509 auo
1298 1458 1316 1510 4

223 1576 253 1615 ac
280 1558 373 1633 patris
401 1558 518 1613 nomine
544 1576 614 1615 esse.
669 1559 769 1634 Ipsum
798 1558 960 1633 relinquere
982 1575 1101 1631 regnum
1124 1568 1153 1615 et
1173 1556 1277 1616 Africa

223 1664 372 1734 excedere,
399 1671 591 1738 preterquam
615 1666 692 1739 quod
720 1664 763 1721 illi
782 1664 881 1721 inutile
910 1671 993 1732 esset,
1024 1680 1082 1719 non
1110 1682 1173 1721 esse
1203 1683 1219 1721 e
1245 1684 1277 1721 re

222 1769 332 1843 publica
354 1769 454 1844 populi
476 1770 610 1841 Romani,
631 1779 763 1827 senatum
784 1788 908 1828 censere.
941 1768 1056 1825 Petenti
1067 1768 1225 1844 Masgabae,
1246 1778 1278 1826 ut
1300 1770 1317 1823 5

222 1874 323 1931 Hanno
346 1874 524 1932 Hamilcaris
546 1875 621 1933 lilius
641 1894 725 1950 opses
746 1878 776 1934 in
796 1876 892 1934 locum
907 1876 925 1911 ⁴*
940 1876 957 1909 ¹*
981 1873 1118 1948 exigeret.
1154 1876 1277 1932 Munera
1300 1876 1317 1929 6

223 1999 254 2036 ex
274 1982 544 2038 senatusconsulto
566 2001 662 2039 emere
682 1983 783 2059 regulo
808 1990 934 2057 quaestor
954 1979 1049 2036 iussus
1074 2000 1110 2037 ex
1132 1979 1156 2039 C
1178 1981 1276 2056 pondo

223 2086 340 2161 argenti,
363 2095 392 2142 et
406 2086 542 2161 prosequi
560 2106 624 2144 eum
639 2088 788 2158 Puteolos,
810 2104 982 2159 omnemque
1003 2094 1157 2161 sumptum,
1181 2087 1276 2160 quoad

222 2192 246 2247 in
266 2192 357 2249 Italia
378 2203 462 2260 esset,
484 2193 621 2267 praebere,
642 2203 671 2249 et
693 2194 765 2250 duas
786 2212 877 2250 naves
899 2192 1067 2259 conducere,
1090 2192 1193 2265 quibus
1215 2193 1276 2266 ipse
1300 2202 1314 2253 7

222 2298 395 2371 comitesque
418 2294 522 2375 [regis]
545 2298 574 2354 in
592 2297 724 2355 Africam
746 2298 970 2364 deueherentur;
993 2307 1021 2353 et
1043 2296 1193 2353 comitibus
1215 2316 1276 2353 orn-

222 2403 312 2477 nibus,
331 2401 432 2459 liberis
453 2404 610 2479 servisque,
631 2405 802 2460 vestimenta
823 2404 901 2459 deta.
938 2402 1027 2459 Haud
1050 2402 1092 2457 ita
1107 2401 1196 2457 multo
1212 2411 1278 2476 post
1301 2402 1318 2457 8

222 2507 253 2563 de
274 2508 369 2565 altero
385 2508 546 2567 Masinissa
566 2511 626 2567 fllio
647 2510 798 2583 Misagene
817 2508 920 2566 litterae
937 2507 1042 2563 edlatae
1064 2516 1138 2577 sunt,
1161 2508 1278 2565 missum

222 2633 279 2671 eum
311 2616 351 2671 ab
383 2614 418 2673 L.
448 2617 543 2675 Paulo
578 2627 645 2692 post
681 2616 838 2686 devictum,
855 2616 965 2671 Persea
996 2614 1025 2670 in
1056 2611 1186 2670 Africam
1215 2632 1278 2671 eum

223 2721 364 2795 equitibus
385 2718 460 2788 suis;
485 2720 680 2795 navigantem,
700 2721 831 2796 dispersa
845 2721 938 2777 classe
958 2720 988 2776 in
1003 2715 1174 2777 Hadriatico
1196 2720 1278 2791 mari,

223 2825 406 2884 Brundisium
437 2825 528 2883 tribus
557 2827 681 2884 navibus
713 2845 821 2901 aegrum
851 2825 988 2883 delatum
1011 2844 1016 2891 3
1041 2825 1091 2881 Ad
1118 2846 1181 2884 cum
1214 2844 1278 2883 cum
1301 2827 1318 2880 9

223 2932 319 2990 iisdem
365 2930 550 3000 muneribus,
597 2949 661 3006 quae
703 2932 773 2989 data
813 2932 915 2988 Romae
956 2929 1039 2987 fratri
1081 2931 1141 2987 eius
1184 2940 1279 2999 erent,

223 3107 453 3114 —w—

223 3240 245 3300 2,
263 3248 278 3289 2
300 3240 406 3289 faueme
423 3251 529 3300 regnum
548 3252 574 3300 p.
593 3218 743 3299 {adeptum
756 3233 846 3283 Editor
857 3232 946 3297 aliquis
954 3233 1092 3297 postFrob.
1103 3232 1141 3283 II.
1177 3232 1280 3297 esequi-

224 3330 279 3377 tatis
298 3329 330 3377 iis
358 3326 458 3383 wetere
487 3324 511 3373 in
532 3322 594 3372 idem
618 3332 641 3373 et
657 3324 707 3387 ipse
725 3319 863 3371 incideram.
895 3319 987 3387 (Gryn.
1013 3321 1132 3383 aequitate
1163 3334 1210 3368 sua
1234 3334 1280 3383 po·

223 3395 288 3478 stes)
351 3420 367 3461 4
396 3412 506 3462 fructum
536 3410 612 3459 officii
641 3408 733 3475 (Gryn.
764 3424 808 3469 om.
836 3410 907 3471 eum)
978 3408 1003 3469 3,
1023 3415 1038 3457 3
1062 3408 1184 3470 regnique
1202 3408 1277 3473 suael

223 3518 402 3569 immiscuisset
417 3514 517 3581 Kreyss.
554 3521 570 3563 4
589 3521 673 3577 grates
691 3514 754 3562 deiis
770 3528 796 3576 p.
810 3493 830 3560 l.
851 3513 959 3561 uictoria
974 3510 1029 3575 My.
1041 3510 1097 3561 Em.
1117 3509 1172 3560 597
1190 3509 1278 3576 (Gryn.

224 3606 274 3655 deis
298 3620 346 3671 pro
370 3604 461 3667 populi
480 3602 588 3651 Romani
605 3600 722 3663 victoria)
777 3604 791 3647 5
818 3614 865 3663 pro
895 3615 953 3648 eum
1015 3598 1040 3659 5,
1070 3605 1084 3646 2
1112 3598 1178 3648 tilius
1206 3612 1280 3661 ospes

224 3691 306 3758 Sigon.
337 3693 342 3755 Ι
369 3693 455 3740 locum
492 3690 606 3752 exigeret
639 3686 713 3753 thn.
741 3684 858 3736 stellularn
886 3686 1003 3753 apposnit.
1062 3684 1204 3737 Omissorum
1231 3684 1281 3734 ltoac

226 3782 271 3829 fere
281 3780 339 3846 snit
354 3778 473 3828 tententiae
482 3779 582 3842 formo:
602 3776 628 3825 in
647 3777 733 3825 locum
752 3776 816 3823 alius
834 3774 964 3823 cuiusdam
977 3772 1157 3837 postularetur,
1175 3787 1280 3837 respon·

225 3884 277 3919 sam
296 3875 350 3927 est,
379 3867 448 3923 haud
474 3880 575 3927 aequum
602 3878 670 3923 esse,
692 3872 807 3912 senatum
826 3878 842 3912 a
860 3860 1111 3923 Carthaginiensibus
1129 3860 1230 3925 obsides
1248 3860 1280 3908 ad

225 3957 358 4005 arbitrium
370 3952 513 4003 Masinissae
527 3953 639 4013 exigere.
673 3948 742 4000 Nan
755 3950 867 4011 exigeret
880 3948 915 3998 ud
927 3956 955 3997 ut
967 3946 1166 3999 accommodatum
1179 3944 1279 3995 videtur.

225 4060 249 4118 6,
268 4066 283 4109 2
300 4061 385 4108 iussus
403 4065 429 4105 et
446 4071 468 4105 c.
487 4057 573 4120 pondo
621 4030 850 4118 sprosequiieum
865 4052 870 4115 Ι
887 4061 986 4117 sumptu
1033 4051 1221 4100 toond‘noeret
1256 4048 1281 4108 7,

226 4152 240 4193 2
267 4148 319 4196 Ant
336 4143 459 4194 delendum
479 4152 515 4192 est
539 4144 606 4205 regis
624 4150 668 4191 ont
683 4158 734 4189 curn
755 4138 829 4191 Gran.
848 4138 996 4189 scribendam
1016 4140 1078 4188 eius.
1101 4138 1106 4199 1
1128 4144 1154 4184 et
1171 4136 1280 4183 comitiis

225 4233 249 4293 8,
269 4240 284 4282 ⁴
303 4235 442 4297 dispersam
460 4230 566 4279 classem
582 4230 586 4290 Ι
602 4242 672 4277 mare
713 4228 858 4276 5delatnnr
878 4243 934 4276 eum
982 4227 1041 4287 9,2
1067 4224 1134 4275 idem
1151 4225 1155 4283 l
1171 4234 1281 4270 romanae
1343 4271 1345 4275 ,

251 4330 325 4369 Livius
339 4339 368 4369 sx
380 4338 421 4367 mc
436 4326 545 4373 Msdvlgtt.
575 4325 622 4365 vn.
1051 4324 1081 4367 15
