3475 5084
501 508 560 565 238
759 505 837 557 Liber
854 504 937 555 XLV.
988 503 1037 567 (A.
1056 518 1081 553 u.
1101 518 1122 553 c.
1143 501 1219 566 1187.)

402 694 435 749 12
460 710 543 767 quem
565 691 608 747 sic
627 659 754 749 loculum
782 701 909 763 constet,
937 700 1086 766 tamquam
1114 689 1148 748 C.
1171 689 1303 765 Popilius
1323 687 1435 764 legatus
1455 690 1505 746 Ro·

459 814 578 867 manus,
605 815 690 872 quem
719 798 757 855 ad
784 798 1008 855 summovendos
1032 816 1050 853 a
1072 796 1147 853 bello
1169 794 1347 853 Antiochum
1371 802 1401 851 et
1420 793 1506 851 Ptole·

403 906 437 961 13
458 920 561 987 mcum
584 920 668 977 reges
688 903 815 974 misistis,
836 905 1010 980 loqueretur.
1043 902 1104 962 Sed
1118 913 1216 959 tamen
1234 919 1279 972 ea,
1301 901 1363 957 sive
1384 900 1508 975 superbia

458 1007 521 1063 sive
542 1002 664 1065 stultitia
684 1009 859 1084 appellanda
880 1018 936 1078 est,
968 1010 1084 1079 eadem,
1114 1026 1178 1083 quae
1202 1016 1274 1083 aput
1295 1024 1366 1079 vos,
1399 1017 1429 1065 et
1449 1016 1509 1082 aput

403 1122 435 1173 11
459 1114 569 1169 Persea
590 1112 653 1170 fuit.
685 1115 761 1172 Tem
784 1114 941 1173 civitatium
955 1133 1042 1189 quam
1059 1114 1236 1190 singulorum
1251 1114 1401 1171 hominnm
1424 1132 1510 1171 mores

459 1228 542 1286 sunt;
573 1229 673 1293 gentes
702 1238 818 1295 quoqne
843 1221 907 1277 aliae
933 1220 1092 1291 iracundas,
1126 1220 1190 1277 aliae
1211 1220 1353 1289 audaces,
1386 1221 1510 1295 quaedem

402 1334 436 1386 15
459 1325 585 1396 timidas,
618 1325 648 1381 in
668 1326 782 1397 vinum,
813 1327 843 1383 in
866 1328 1009 1385 Venerem
1032 1326 1182 1401 proniores
1204 1326 1269 1383 aliae
1291 1334 1367 1381 sunt.
1423 1326 1511 1382 Athe·

458 1430 597 1487 niensium
622 1432 760 1505 populum
786 1431 867 1490 fama
894 1442 939 1490 est
963 1431 1082 1489 celerem
1112 1441 1140 1488 et
1170 1450 1259 1507 supra
1279 1432 1359 1488 vires
1379 1430 1509 1487 audacem

459 1554 521 1592 esse
543 1536 581 1592 ad
602 1536 774 1605 conandum,
807 1538 1093 1597 Lacedaemoniorum
1123 1547 1320 1595 cunctatorem
1355 1546 1385 1594 et
1411 1538 1463 1595 vix
1487 1538 1509 1592 iu

401 1654 436 1707 16
459 1660 503 1711 ea,
525 1641 629 1716 quibus
652 1643 724 1713 fidit,
744 1643 958 1719 ingredientem.
1001 1646 1071 1702 Nou
1092 1644 1267 1719 negaverim,
1290 1653 1319 1699 et
1335 1652 1427 1700 totam
1439 1644 1511 1701 Asia

458 1746 604 1821 regionem
636 1748 769 1806 inaniore
799 1769 903 1825 parere
931 1751 1047 1827 ingenia
1082 1759 1111 1807 et
1141 1758 1305 1807 nostrorum
1335 1747 1510 1806 tumidiorem

457 1870 618 1909 sermonem
642 1872 713 1924 esse,
733 1855 812 1929 quod
823 1857 963 1914 excellere
980 1857 1055 1912 inter
1065 1856 1201 1913 finitimas
1213 1854 1347 1912 civitates
1358 1854 1511 1921 videamur,

458 1966 487 2015 et
507 1958 536 2014 id
558 1960 651 2033 ipsum
673 1978 730 2016 non
752 1968 813 2017 tem
833 1962 943 2021 viribus
963 1962 1070 2019 nostris
1092 1978 1179 2036 quam
1197 1959 1302 2016 vestris
1311 1959 1472 2017 honoribus
1483 1977 1511 2015 ac

401 2070 435 2124 17
459 2064 580 2122 iudiciis.
629 2065 707 2125 Setis
729 2067 844 2141 quidem
869 2077 898 2124 et
925 2078 992 2125 tuuc
1013 2068 1043 2123 in
1065 2066 1219 2142 praesentie
1240 2064 1386 2141 castigata
1405 2065 1458 2122 illa
1476 2064 1510 2119 le·

457 2171 538 2245 gatio
560 2181 637 2243 eret,
665 2190 730 2229 cum
760 2182 820 2229 tam
842 2172 918 2230 tristi
939 2190 1079 2247 responso
1101 2179 1198 2229 vestro
1221 2166 1368 2227 dimissa?
1403 2171 1510 2231 Situm

457 2295 562 2351 parum
582 2278 746 2353 ignominiae
765 2296 887 2353 pensum
916 2287 975 2347 est,
1007 2279 1069 2335 haec
1096 2287 1172 2334 certe
1198 2287 1257 2333 tam
1287 2275 1461 2333 miserabilis
1481 2293 1511 2331 ae

457 2383 581 2458 supplex
602 2384 709 2459 legatio
731 2384 818 2441 etiam
838 2383 1047 2455 insolentioris,
1077 2402 1164 2457 quam
1195 2382 1246 2439 ille
1266 2380 1337 2452 fuit,
1364 2381 1511 2457 legationis

400 2492 435 2549 18
457 2488 528 2546 satis
553 2508 690 2565 magnum
711 2491 855 2566 piaculum
884 2498 967 2548 asset.
1030 2488 1221 2565 superbiam,
1253 2488 1409 2544 verborum
1440 2506 1510 2562 prae·

456 2594 564 2666 sertim,
595 2596 727 2653 iracundi
749 2597 880 2667 oderunt,
912 2594 1066 2669 prudentes
1091 2596 1231 2665 inrident,
1264 2594 1364 2667 utique
1391 2594 1415 2650 si
1441 2592 1511 2649 infe·

455 2698 541 2755 rioris
562 2697 702 2757 adversus
723 2701 899 2776 superiorem
928 2709 984 2771 est;
1017 2699 1133 2777 capitali
1154 2719 1240 2775 poena
1269 2718 1356 2756 nemo
1377 2717 1511 2772 umquam

400 2812 435 2866 19
458 2804 575 2879 diguam
596 2804 744 2864 iudicavit.
792 2807 828 2863 Id
850 2806 996 2863 enimvero
1017 2808 1175 2882 pericnlum
1200 2813 1279 2878 eret,
1308 2824 1345 2862 ne
1365 2806 1513 2862 Romanos

457 2909 565 2967 Rhodii
587 2919 808 2972 contemnerent.
855 2913 953 2970 Etiam
975 2912 1044 2969 deos
1077 2912 1165 2987 aliqui
1197 2911 1293 2968 verbis
1324 2909 1511 2969 ferocioribus

370 3065 372 3071 .
456 3014 624 3091 increpent,
662 3037 715 3075 nec
747 3020 785 3076 ob
817 3019 846 3075 id
880 3036 1054 3093 quemquam
1091 3017 1210 3075 fulmine
1247 3018 1336 3074 ictum
1373 3014 1510 3073 audimus.

377 3122 418 3193 24
461 3121 537 3194 Quid
575 3122 663 3197 igitur
701 3133 834 3199 superat,
876 3124 954 3200 quod
986 3142 1158 3199 purgemus,
1185 3122 1210 3180 si
1239 3141 1293 3179 nee
1321 3122 1428 3180 fectum
1462 3122 1510 3177 ho·

457 3227 524 3284 stile
542 3228 632 3285 ullum
654 3238 784 3287 nostrum
807 3239 860 3301 est,
881 3240 908 3287 et
928 3231 1019 3288 verba
1040 3229 1195 3287 tumidiora
1216 3228 1304 3303 legati
1326 3226 1509 3284 offensionem

419 3346 436 3398 2
460 3333 589 3405 aurium,
616 3353 675 3391 non
702 3336 856 3410 perniciem
878 3336 1002 3393 civitatis
1024 3333 1208 3394 meruerunt?
1261 3332 1428 3392 Voluntatis
1465 3350 1510 3387 no·

458 3446 526 3495 strae
548 3439 644 3496 tacitae
665 3441 744 3498 velut
763 3442 842 3499 litem
869 3442 1005 3499 aestimeri
1036 3442 1140 3499 vestris
1166 3440 1315 3499 intervos
1336 3437 1512 3496 sermonibus

459 3612 690 3620 Μ

461 3743 502 3800 12,
524 3749 535 3792 l
557 3747 624 3808 quod
643 3746 680 3795 sic
696 3747 701 3809 Ι
716 3743 930 3810 romanosquelod
975 3753 990 3796 2
1010 3748 1159 3802 anthiocum
1175 3746 1348 3811 {ptolemeum
1393 3748 1409 3792 8
1428 3742 1513 3792 misisti

461 3845 503 3907 14,
526 3853 536 3896 l
558 3830 691 3900 euitetium
708 3851 845 3913 lhomines
863 3866 962 3902 morum
1004 3856 1019 3899 3
1038 3852 1197 3915 propiniores
1233 3848 1275 3908 15,
1296 3835 1514 3897 stacedemonio

460 3966 516 4001 rum
571 3954 613 4015 16,
644 3960 659 4003 2
687 3954 756 4004 Fert.
785 3958 891 4005 vaniora
916 3954 972 4005 Em.
1000 3953 1056 4004 602
1081 3956 1085 4019 Ι
1110 3968 1199 4019 parare
1224 3952 1452 4019 {tultumidiorem
1504 3956 1514 3997 t

462 4054 538 4103 qnam
560 4042 603 4090 uel
630 4042 719 4091 uestris
761 4041 831 4103 17,a
855 4044 944 4107 pensui
966 4048 1005 4091 est
1028 4041 1083 4090 haec
1107 4050 1233 4091 certamen
1268 4040 1387 4103 tsuplex
1425 4039 1515 4088 beatis

461 4126 511 4177 fuit
527 4142 650 4190 magnum
694 4128 736 4190 18,
757 4134 772 4177 2
791 4130 931 4179 inriderent
951 4128 1031 4179 Cario.
1078 4130 1222 4190 tdignum
1240 4127 1395 4176 iudicabitur
1439 4126 1515 4186 19,1

460 4232 527 4280 rodii
545 4240 752 4296 contempnerent
787 4234 936 4297 3increpet
950 4234 955 4296 1
970 4249 1002 4282 ue
1022 4247 1051 4282 eo
1071 4216 1084 4283 e
1103 4233 1129 4281 id
1174 4230 1275 4292 XXIV,
1302 4230 1517 4293 1,1purgemus

467 4316 539 4368 Gron.
580 4324 653 4367 test
668 4320 747 4370 uerba
762 4322 767 4383 Ι
783 4318 921 4369 offensione
955 4319 981 4379 2,
1000 4324 1015 4367 2
1035 4321 1110 4369 tacite
1128 4318 1207 4368 Pen'a
1393 4320 1397 4327 '
