3475 5084
488 512 544 569 188
744 506 829 555 Liber*
840 504 937 555 XLIV.
976 506 1021 568 (Α.
1043 518 1068 553 ιι.
1089 518 1111 554 u.
1133 500 1206 561 588.)

440 692 604 768 ingentibus
632 692 718 749 minis
747 691 905 749 adventare
932 690 1085 759 audiebat,
1121 689 1207 746 simul
1229 685 1338 745 Octavi
1365 691 1491 765 pratens.

402 798 507 857 6Nec
534 800 628 857 minus
658 798 778 855 terroris
806 817 825 853 a
858 797 952 854 classe
982 797 1118 853 Romane
1138 804 1168 851 et
1195 792 1326 869 periculo
1348 794 1493 853 maritume

442 922 501 961 uras
522 905 659 962 habebat.
686 902 905 961 Thessalonica
926 902 1072 959 Eumenes
1091 910 1121 957 et
1135 900 1344 975 Athenagoras
1366 914 1493 975 praeerant

402 1018 417 1069 ’1
440 1027 505 1065 cum
517 1028 611 1085 parvo
627 1008 762 1085 prasidio
773 1007 842 1065 ΜΜ
851 1018 1037 1065 cetratorum.
1061 1000 1108 1065 Eo
1119 1014 1148 1061 et
1158 1004 1329 1062 Androclen
1340 1006 1493 1082 prefectum

441 1112 537 1183 mittit,
547 1114 657 1170 iussum
669 1112 723 1169 sub
733 1113 805 1187 ipsis
822 1112 977 1169 navalibus
989 1122 1086 1169 eastra
1097 1111 1214 1170 habere.
1241 1110 1371 1169 AEneam
1383 1113 1417 1169 M
1427 1115 1494 1187 eqni-

441 1225 485 1273 tes
500 1226 526 1273 et
537 1215 633 1275 Creon
643 1218 852 1292 Antigonensis
874 1218 954 1275 missi
976 1218 1013 1275 ad
1035 1216 1184 1275 tutandam
1208 1216 1394 1274 maritumam
1416 1236 1495 1282 oram,

401 1320 418 1375 8
443 1330 483 1390 ut,
505 1338 688 1395 quocumque
708 1322 794 1381 litore
814 1321 988 1396 adplicuisse
1009 1337 1100 1380 naves
1124 1321 1251 1379 hostium
1276 1322 1435 1393 audissent,
1454 1343 1496 1381 ex·

400 1426 418 1479 9
441 1426 551 1502 temple
572 1425 682 1483 ferrent
713 1428 877 1502 agrestibus
905 1444 1000 1502 opem.
1048 1426 1079 1484 V
1100 1426 1180 1483 milia
1201 1425 1398 1483 Macedonum
1422 1428 1496 1484 missa

441 1531 478 1588 ad
510 1531 675 1605 praesidium
697 1532 805 1607 Pythoi
827 1543 856 1588 et
877 1534 990 1603 Petrae,
1023 1532 1128 1605 quibus
1158 1531 1307 1605 prepositi
1341 1541 1426 1589 erent
1453 1532 1497 1588 Hi·

384 1639 418 1689 111
441 1637 538 1693 stiaeus
560 1646 590 1693 et
610 1636 783 1711 Theogenes
805 1647 835 1693 et
855 1636 966 1694 Midon.
1014 1634 1247 1711 Hispaniama,
1279 1636 1375 1710 ripam
1400 1638 1498 1693 munire
1547 1698 1548 1715 q

440 1725 527 1817 Elpei
547 1740 676 1798 fluminis
698 1740 855 1815 adgressus
877 1752 930 1811 est,
953 1741 1022 1815 quia
1043 1742 1121 1798 sicco
1142 1740 1227 1798 alveo
1252 1741 1370 1798 mansiri
1384 1753 1497 1817 poteret.
1547 1716 1548 1733 l

382 1849 415 1900 11
441 1846 519 1903 Huic
540 1848 618 1920 operi
638 1855 670 1901 nt
691 1844 785 1902 omnis
806 1845 960 1903 multitude
982 1855 1118 1917 vacaret,
1141 1845 1257 1903 femina
1279 1864 1318 1902 ex
1338 1848 1498 1921 propinquis

441 1952 561 2007 urbibus
582 1958 666 2007 cocta
687 1950 837 2007 ciberiain
849 1960 946 2009 cestra
965 1942 1151 2022 adferebant3
1174 1951 1256 2009 miles
1270 1952 1368 2008 iussus
1383 1970 1422 2008 ex
1442 1970 1499 2027 pro·

441 2055 557 2130 pinquis
578 2054 659 2112 silvis
683 2054 806 2130 benigne

358 2355 399 2423 33
525 2367 670 2440 conferre3
702 2378 850 2444 postremo
882 2370 965 2445 sequi
996 2387 1029 2427 se
1056 2369 1204 2445 putearios
1236 2369 1275 2425 ad
1301 2386 1399 2439 mere,
1432 2370 1500 2444 quud

442 2474 535 2530 miuus
557 2472 634 2532 CCC
656 2492 759 2549 passus
781 2476 897 2545 aberat,
928 2475 1012 2531 iussit
1039 2483 1067 2533 et
1098 2476 1127 2533 iu
1152 2475 1237 2532 litore
1258 2474 1333 2530 alios
1356 2472 1428 2530 alibi
1449 2491 1499 2530 mo·

402 2573 418 2627 2
441 2579 513 2636 dicis
534 2578 694 2636 intervallis
716 2579 826 2641 fodere.
869 2581 986 2638 Montes
1000 2580 1124 2655 ingentis
1146 2579 1306 2636 altitudinis
1320 2595 1406 2652 spem
1422 2578 1500 2635 lacie-

441 2685 521 2753 bant,
542 2704 578 2741 eo
600 2685 693 2759 magis
715 2686 785 2759 quia
805 2684 901 2742 nullos
922 2694 1040 2793 apprtus
1063 2696 1233 2760 evergerent
1253 2684 1351 2752 nvos,
1381 2684 1499 2741 occultes

441 2790 582 2846 contineri
602 2790 719 2860 latices,
756 2808 880 2864 quorum
911 2806 992 2846 veum
1023 2790 1053 2845 in
1086 2808 1167 2846 mere
1196 2799 1404 2864 permanantes
1428 2788 1499 2845 unda

401 2889 417 2941 3
441 2894 637 2951 miscerentur.
686 2894 747 2951 Vix
768 2894 887 2952 diducta
908 2914 1022 2953 summa
1044 2912 1135 2951 arena
1157 2903 1237 2964 erat,
1259 2910 1323 2951 eum
1347 2895 1499 2970 scaturiges

441 3178 466 3238 6,
486 3184 501 3225 t
520 3179 590 3227 horae
622 3180 627 3241 1
661 3181 935 3231 tessalonieaeumeues
962 3180 1035 3231 Froh.
1056 3180 1093 3231 11.
1122 3180 1213 3245 (Grpe.
1239 3182 1353 3231 habebat
1373 3182 1499 3233 Thessalo·

440 3266 506 3314 nica
544 3265 685 3329 Eumenes)
701 3267 706 3327 Ι
722 3275 829 3330 praeerat
848 3274 903 3316 seo
925 3282 961 3317 oo.
982 3277 1136 3325 cetratorum
1173 3266 1498 3332 terminaturus

441 3384 468 3418 eo
492 3372 591 3432 equites
609 3371 829 3431 creantigonensis
840 3373 910 3421 misit
920 3371 1019 3436 Kreyss.
1032 3370 1146 3435 (Creon)
1170 3380 1193 3420 et
1202 3370 1257 3437 My.
1269 3370 1325 3421 Em.
1341 3371 1399 3421 582
1416 3372 1498 3437 (ὕψι.

440 3458 538 3520 equites
557 3471 614 3505 cum
637 3458 768 3519 Antigono
787 3458 869 3521 misit)
906 3458 932 3518 9,
954 3464 965 3507 1
987 3474 1011 3507 ιι.
1030 3459 1198 3507 macedonum
1217 3459 1298 3508 missa
1316 3468 1342 3507 et
1359 3460 1498 3521 praesidium

440 3543 569 3622 apsetrae
584 3560 588 3617 Ι
603 3559 726 3609 histieous
764 3566 912 3623 ³teogenes
946 3559 1026 3625 ‘10‚e
1049 3558 1124 3626 Grpe.
1145 3560 1238 3625 Enipei
1258 3562 1262 3627 Ι
1282 3562 1393 3612 transire
1429 3561 1496 3621 11,1

439 3646 499 3693 huic
523 3653 552 3694 ut
577 3644 687 3694 Muretus
742 3653 757 3695 2
783 3655 878 3697 coaetae
903 3646 985 3696 Druk.
1026 3654 1042 3696 3
1062 3646 1124 3696 Post
1140 3649 1258 3709 benigne,
1277 3647 1303 3696 iu
1320 3664 1371 3711 que
1390 3664 1446 3697 voce
1463 3646 1498 3695 de·

438 3732 495 3779 sinit
504 3730 594 3794 folium
611 3730 701 3781 codicis
718 3732 780 3793 132,
801 3732 969 3782 interciderunt
986 3734 1147 3797 quaternionis
1163 3732 1226 3783 XX
1230 3732 1257 3783 V
1261 3732 1332 3797 solio
1351 3732 1400 3782 duo
1418 3730 1498 3791 medea,

438 3818 464 3865 in
475 3818 558 3880 quihus
574 3818 665 3881 scriptu
683 3829 752 3868 erum
769 3819 862 3883 reliqua
878 3816 908 3869 de
922 3818 1007 3869 Persei
1024 3820 1190 3869 munitlunibue
1213 3829 1236 3869 et
1254 3818 1339 3883 primae
1359 3818 1392 3869 L.
1408 3816 1499 3868 AEmilt'i

439 3901 542 3952 corniliie
559 3913 581 3953 et
597 3906 672 3954 rebus.
696 3904 777 3967 (Plut.
791 3904 859 3956 AEm.
876 3904 908 3955 P.
929 3923 949 3955 c.
969 3906 1025 3969 14.)
1040 3905 1129 3971 (Gryn.
1146 3907 1256 3968 benigue
1279 3906 1339 3967 osu.)
1375 3902 1497 3961 XXXIII,

438 3989 463 4049 1,
485 3995 496 4038 1
518 3990 633 4040 conferre
651 4008 695 4041 ou.
719 3991 794 4056 Gryu.
811 3993 816 4053 Ι
832 3993 987 4043 sedutrenoa
1007 3992 1061 4057 My.
1081 3992 1137 4041 Em.
1153 3992 1209 4043 582
1226 3991 1315 4057 (Grpe.
1335 4007 1365 4042 se
1382 3990 1497 4053 amanus)

439 4099 454 4141 2
474 4077 570 4143 miluus
587 4096 592 4156 Ι
607 4095 719 4144 habebat
746 4100 761 4143 8
780 4094 884 4143 foedere
913 4094 938 4155 2,
958 4102 973 4145 2
993 4094 1276 4160 euergenttriuosFort.
1289 4105 1422 4157 egererent
1435 4097 1496 4143 rivos

435 4177 570 4232 Emesa
589 4179 718 4229 alisatio.
740 4180 744 4245 l
764 4176 897 4231 occouIto'a
934 4186 950 4230 8
970 4180 1178 4231 contineraDule.
1193 4182 1275 4246 tunde
1311 4180 1337 4242 3,
1359 4188 1370 4231 1
1392 4183 1495 4231 deducta

436 4262 520 4313 Drek.
538 4263 542 4327 l
562 4266 656 4314 herona
677 4263 681 4328 l
701 4269 855 4330 scaturriges
874 4265 973 4331 (Velqo
991 4267 1174 4330 scaturigines)
