3475 5084
456 519 494 575 38
717 516 796 565 Liber
812 515 896 565 XLll.
943 515 991 578 (A.
1012 531 1036 564 u.
1057 531 1079 567 c.
1100 516 1174 578 581.)

412 717 507 774 neque
539 699 653 773 publice
684 719 778 774 neque
808 701 944 776 privatim
961 699 1087 758 ⁸factum
1123 719 1141 759 a
1174 699 1360 759 Praenestinis
1395 709 1492 768 esset,-
1570 767 1571 774 ἵ

414 803 582 878 priusquam
611 805 649 862 ab
677 806 772 863 Roma
804 806 1051 880 proficisceretur,
1082 805 1192 865 litteras
1216 808 1365 864 Praeneste
1392 803 1481 871 misit,

415 916 447 965 ut
468 908 523 964 sibi
545 909 731 984 magistratus
753 911 870 968 obviam
890 911 996 980 exiret,
1024 910 1118 968 locum
1141 909 1256 985 publice
1275 917 1409 984 pararet,
1430 907 1482 968 ubi

374 1016 391 1071 8
414 1013 619 1083 deverteretur,
633 1015 829 1089 iumentaque,
852 1034 917 1073 cum
933 1015 1025 1072 exiret
1038 1015 1115 1084 inde,
1137 1023 1243 1088 praesto
1259 1023 1365 1072 essent.
1401 1016 1481 1072 Ante
1571 1071 1572 1088 ἶ

413 1120 490 1175 hunc
504 1118 650 1176 consulem
668 1137 753 1176 nemo
768 1137 907 1193 umquam
924 1120 1010 1178 sociis
1031 1121 1060 1176 in
1076 1119 1136 1177 ulla
1150 1139 1182 1177 re
1204 1122 1285 1178 oneri
1307 1131 1358 1178 aut
1379 1139 1481 1195 sump-

375 1228 392 1282 9
416 1223 458 1279 tui
479 1223 541 1279 fuit.
584 1224 656 1280 ldeo
678 1224 863 1298 magistratus
887 1225 970 1282 mulis
992 1224 1244 1299 tabernaculisque
1266 1234 1295 1282 et
1316 1225 1396 1282 omni
1421 1224 1480 1281 alio

414 1329 605 1386 instrumento
630 1328 747 1385 militari
769 1330 957 1400 ornabantur,
979 1347 1014 1386 ns
1030 1321 1099 1404 quid
1115 1330 1173 1386 tale
1189 1331 1367 1404 imperarent
1384 1329 1481 1387 sociis.

358 1437 392 1490 10
415 1434 537 1491 Privata
563 1433 690 1509 hospitia
717 1435 877 1502 habebant3
910 1452 946 1490 sa
974 1434 1098 1509 benigne
1128 1435 1305 1509 comiterque
1335 1434 1483 1504 colebant,
1572 1469 1573 1480 1

416 1538 577 1612 domusque
599 1556 699 1596 eorum
718 1541 820 1597 Romae
839 1540 1002 1614 hospitibus
1028 1542 1185 1615 patebant,
1215 1549 1286 1615 aput
1314 1558 1388 1614 quos
1410 1541 1482 1616 ipsis

359 1648 388 1701 11
417 1643 527 1700 deverti
559 1659 622 1699 mos
652 1653 736 1701 esset.
789 1643 909 1718 Legati,
941 1645 990 1717 qui
1017 1655 1135 1719 repente
1163 1644 1262 1720 aliquo
1290 1645 1483 1714 mitterentur,

416 1748 530 1823 singula
553 1748 681 1804 iumenta
702 1767 755 1822 per
776 1749 893 1823 oppida,
915 1749 970 1807 iter
993 1769 1052 1823 qua
1071 1749 1237 1807 faciundum
1261 1759 1333 1821 erat,
1354 1751 1483 1826 impera-

416 1853 500 1921 bant3
522 1853 609 1909 aliam
631 1853 781 1927 inpensam
801 1855 872 1911 socii
894 1856 923 1912 in
942 1854 1127 1929 magistratus
1145 1856 1295 1913 Romanos
1314 1872 1373 1913 nou
1391 1855 1483 1914 facie·
1573 1865 1574 1884 ,

360 1954 394 2009 12
417 1957 497 2012 baut.
541 1957 592 2013 Ire
621 1957 760 2028 consulis,
790 1959 903 2016 etiamsi
931 1961 1021 2030 iusta,
1052 1977 1109 2014 non
1138 1961 1286 2016 tamenin
1308 1960 1485 2037 magistratu

418 2061 589 2132 exercenda,
611 2071 640 2119 et
660 2054 802 2118 silentium
818 2062 903 2120 nimis
925 2071 976 2120 aut
997 2062 1158 2120 modestum
1181 2073 1233 2121 aut
1254 2065 1385 2122 timidum
1400 2065 1505 2122 Pras·-

418 2166 594 2223 nestinorum
624 2168 682 2237 ius,
716 2167 794 2223 velut
824 2168 949 2241 probato
979 2168 1129 2242 exemplo,
1164 2165 1382 2242 ntegistratibus
1415 2167 1486 2226 fecit

417 2271 586 2346 graviorum
607 2266 636 2328 i'n
658 2271 719 2327 dies
741 2271 806 2328 talis
827 2272 941 2345 generis
963 2265 1158 2345 imperiorum.

501 2375 649 2449 Principio
681 2369 765 2433 huius
792 2375 861 2432 anni
892 2375 991 2449 legati,
1025 2375 1074 2448 qui
1102 2375 1131 2432 in
1151 2376 1293 2434 AEtoliam
1326 2387 1356 2433 et
1384 2377 1488 2434 Mace-

419 2479 536 2539 doniam
559 2481 639 2537 missi
657 2489 749 2549 erant,
770 2471 980 2549 renuntiarunt,
1001 2479 1057 2536 sibi
1072 2472 1265 2538 conveniendi
1276 2480 1353 2554 regis
1371 2481 1487 2550 Persei,

419 2603 484 2642 cum
506 2585 556 2642 alii
577 2582 679 2643 abesse
700 2605 775 2656 eum,
800 2580 849 2641 alii
872 2601 981 2658 aegrum
1004 2601 1083 2654 esse,
1105 2579 1181 2643 falso
1204 2596 1370 2658 utrumque,
1392 2579 1487 2662 linge-

380 2690 396 2744 2
419 2699 498 2758 rent,
528 2699 700 2764 potestatem
728 2708 786 2746 non
818 2688 937 2746 factam.
985 2691 1086 2748 Facile
1108 2701 1204 2748 tamen
1227 2691 1397 2766 apparuisse
1419 2692 1488 2759 sibi,

418 2790 524 2854 bellum
552 2789 666 2870 parari,
699 2813 751 2852 nee
782 2794 858 2851 ultra
886 2794 923 2851 ad
954 2813 1037 2851 arma
1063 2789 1105 2852 ire
1133 2795 1296 2852 dilaturum.
1350 2797 1426 2853 Item
1455 2797 1487 2853 in

419 2899 533 2958 AEtolia
559 2899 727 2957 seditionem
758 2899 879 2973 gliscere
904 2899 934 2955 in
963 2900 1033 2969 dies,
1055 2917 1148 2972 neque
1169 2899 1378 2956 discordiarum
1402 2901 1487 2975 prin·
1575 2951 1576 2964 ,

380 3007 497 3081 :leipes
521 3005 694 3062 auctoritate
715 3021 769 3060 sua
790 3005 916 3062 coerceri
938 3005 1075 3079 potuisse.
1117 2999 1190 3060 Cum
1213 3003 1319 3059 bellum
1342 2995 1487 3062 Macedo·
1575 2995 1576 3004 ¹

418 3105 513 3168 uicum
532 3110 562 3167 in
578 3108 780 3184 expectatione
795 3117 880 3178 esset,
897 3109 1065 3184 priusquam
1081 3101 1112 3165 id
1128 3107 1330 3182 susciperetur,
1348 3102 1488 3186 prodigia

420 3216 531 3292 expiari
552 3233 711 3291 pacemque
734 3213 817 3270 deum
842 3214 901 3289 peti
923 3207 1152 3289 precationibus,
1181 3207 1237 3286 qui
1253 3213 1322 3271 editi
1344 3231 1381 3271 ex
1405 3215 1487 3273 iata-

379 3323 396 3375 4
419 3323 495 3381 libus
516 3321 597 3378 libris
619 3327 728 3387 essent,
756 3311 874 3393 placuit.
924 3313 1046 3377 Lanuvi
1061 3317 1167 3374 elassis·
1185 3333 1298 3392 magnas
1320 3311 1438 3395 species·
1454 3322 1486 3379 iu

419 3409 489 3484 caelo
518 3421 587 3483 vi'sae
614 3417 784 3482 dicebantur
811 3432 840 3480 et
868 3417 1003 3482 Priverni
1034 3422 1102 3480 lana
1124 3415 1208 3498 pulla*
1227 3431 1307 3481 terra
1328 3433 1431 3494 enata,
1456 3433 1488 3482 et

419 3728 435 3771 4
454 3721 563 3786 publicae
599 3725 614 3770 6
633 3719 746 3770 Hertziue
755 3724 853 3771 exirent
866 3730 889 3771 et
900 3728 1026 3785 pararent,
1042 3719 1197 3784 probabiliter
1212 3720 1217 3783 Ι
1232 3721 1342 3784 publice
1380 3722 1392 3769 7
1414 3730 1486 3771 esset

417 3825 444 3887 85
462 3830 477 3873 2
497 3825 550 3874 soci
590 3824 615 3885 9,
636 3829 651 3874 2
670 3832 810 3874 strumento
854 3824 896 3884 11,
918 3830 930 3872 l
952 3824 1056 3886 aliquod
1094 3831 1186 3887 2ques
1205 3802 1364 3873 laciunidum
1404 3830 1485 3874 aro-

417 3925 496 3960 mano
560 3910 607 3970 12,
629 3917 640 3960 l
660 3911 753 3959 iniuria
770 3926 841 3960 cons.
861 3907 969 3958 Solebas
1001 3909 1111 3958 uminis
1127 3910 1132 3973 1
1147 3909 1273 3958 tumidum
1292 3911 1485 3974 penestiuorum

417 3989 560 4063 inssudelut
592 4013 899 4073 11‚1‚1maeeu0niam
923 4013 1112 4062 lccnnenendi
1137 4013 1325 4062 sabesseertm
1339 4013 1384 4062 alii
1420 4012 1483 4074 Ἆγι

418 4117 468 4167 sibi
485 4130 539 4166 non
554 4116 651 4165 bellum
689 4092 853 4164 anecinltra
868 4114 873 4175 Ι
888 4115 936 4163 iret
951 4116 955 4178 Ι
971 4116 997 4164 in
1015 4116 1126 4166 aetoliam
1162 4092 1290 4166 ildisctre
1337 4116 1362 4176 3,
1382 4123 1397 4165 ³
1416 4130 1493 4181 prte-¹

417 4203 612 4264 cationibusqns
632 4201 693 4249 editi
718 4199 792 4250 Grnn.
809 4189 1068 4272 (Grytaqtttuedltae)
1109 4200 1135 4265 4,
1159 4201 1263 4252 llanui
1292 4195 1310 4250 θ’
1331 4200 1494 4256 Gronoviu-

417 4287 549 4337 dieebatnr
564 4288 568 4349 Ι
584 4294 684 4336 terrena
702 4294 729 4335 et
746 4288 773 4335 in
790 4286 847 4351 (Η.Ι
859 4289 1038 4349 terreuatetinl
