3475 5084
546 508 625 557 Liber
642 508 725 557 XLV.
757 508 806 569 (A.
826 506 888 559 cnr.
911 508 984 572 167.)
1198 510 1257 571 247

234 702 402 769 pateretur3
434 691 595 769 referrique
627 695 741 770 tegulas
763 704 792 753 et
812 694 891 753 retici
920 694 1052 764 detecte,
1084 694 1157 752 sicut
1177 694 1302 765 luerent,

232 798 325 855 iussit.
378 798 418 855 Et
438 800 549 856 Persen
567 800 686 875 quidem
708 818 774 857 cum
799 800 909 858 maiore
930 800 990 856 filio
1005 799 1157 874 Philippo,
1179 800 1301 857 traditos
1328 805 1360 858 ll

233 907 270 961 A.
293 904 463 973 Postumio,
485 904 514 961 iu
538 905 701 963 custodiam
723 904 816 975 mieit3
848 904 938 963 filiam
961 923 1026 961 cum
1048 905 1160 961 minore
1180 904 1257 974 filio,
1284 924 1303 961 a

234 1009 431 1068 Samothrace
451 1010 560 1066 accitos
583 1011 801 1086 Amphipolim,
833 1010 913 1069 omni
939 1009 1052 1067 liberali
1084 1008 1160 1065 cultu
1191 1010 1301 1069 hebuit.

316 1116 405 1190 Ipse,
427 1116 478 1172 ubi
500 1115 562 1172 dies
584 1116 678 1185 venit,
709 1133 768 1190 quo
795 1116 898 1173 adesse
920 1114 1091 1190 Amphipoli
1112 1114 1202 1172 denos
1222 1114 1302 1189 prin·
1345 1112 1385 1181 29
1442 1174 1450 1184 ‚

233 1219 312 1294 cipes
335 1220 498 1279 eivitatium
527 1222 652 1279 iusserat
686 1222 857 1296 litterasque
880 1238 995 1305 onmes,
1028 1238 1093 1294 quae
1125 1219 1231 1293 ubique
1253 1220 1303 1277 de·

232 1326 338 1399 positae
362 1335 477 1396 essent,
509 1336 539 1383 et
560 1328 711 1403 pecuniam
742 1327 852 1401 regiam
877 1324 1018 1395 conferri,
1054 1342 1118 1381 cum
1141 1322 1240 1380 decem
1262 1324 1303 1380 le-

233 1430 327 1503 gatis,
364 1430 539 1489 circumfusa
563 1434 642 1490 omni
666 1433 849 1491 multitudine
872 1429 1082 1498 Macedonum,
1115 1428 1144 1485 in
1167 1428 1303 1485 tribunali

232 1536 378 1596 consedit.
426 1537 566 1594 Adsuetis
586 1539 667 1613 regio
688 1539 810 1614 imperio
838 1546 937 1593 temen
961 1553 1069 1590 novum
1098 1534 1223 1591 formam
1246 1542 1302 1591 ter·
1326 1534 1343 1590 2

233 1638 350 1697 ribilem
373 1642 512 1716 prebuit:
548 1644 692 1713 tribuual,
721 1653 867 1700 summoto
890 1642 1004 1711 editae,
1026 1658 1136 1716 praeco,
1166 1656 1304 1695 accensus

233 1743 350 1803 insueta
372 1746 472 1804 omnia
493 1747 583 1805 oculis
605 1748 796 1821 auribusque,
825 1764 890 1820 qnoe
910 1746 958 1803 vel
982 1746 1094 1815 socios,
1122 1743 1226 1799 nedum
1251 1744 1303 1800 ho-

234 1859 292 1906 stes
323 1851 433 1921 victos,
465 1861 574 1910 terrere
602 1862 731 1928 possent.
784 1851 905 1911 Silentio
936 1870 988 1926 per
1020 1867 1181 1926 praecouem
1215 1848 1303 1918 facto,
1326 1851 1343 1905 3

235 1954 349 2013 Paulus
373 1957 492 2025 Latine,
525 1975 590 2031 qum
618 1958 747 2028 senatui,
784 1976 848 2033 qum
872 1957 928 2014 sibi
958 1952 997 2013 en
1029 1955 1140 2014 consilii
1163 1954 1305 2011 sententia

235 2059 300 2116 visa
334 2070 447 2129 essent,
483 2062 696 2135 pronuntiarim
729 2084 764 2121 ea
786 2062 839 2122 Cn.
862 2061 1005 2121 Octavius
1035 2069 1142 2135 praetor
1171 2060 1251 2132 (nam
1277 2066 1305 2113 et

235 2164 297 2238 ipse
319 2166 437 2235 ederat)
458 2165 648 2241 interpretata
668 2186 802 2227 sermone
824 2167 930 2226 Graeeo
952 2166 1117 2223 referebat:
1167 2163 1302 2222 Omnium
1327 2168 1344 2221 t

235 2269 363 2342 primum
385 2270 493 2327 liberos
515 2290 579 2328 esse
595 2273 694 2331 iubere
705 2274 895 2343 Macedonas,
917 2274 1057 2329 habentes
1079 2271 1166 2327 urbes
1189 2268 1304 2325 casdem

237 2391 402 2450 agrosque,
434 2385 548 2434 utentes
569 2377 683 2451 legibue
704 2373 781 2445 sule,
814 2396 927 2435 nnnuos
949 2387 1080 2437 creantes
1102 2374 1305 2449 magistratus,

237 2480 378 2537 tributum
401 2480 549 2558 dimidium
572 2475 649 2554 eius,
681 2481 759 2555 quod
780 2482 985 2556 pependissent
1013 2482 1147 2557 regibus,
1180 2478 1307 2554 pendere

238 2587 348 2659 populo
371 2587 516 2645 Romano.
563 2586 678 2644 Deinde
705 2585 734 2642 in
764 2595 904 2660 quattuor
931 2590 1065 2665 regiones
1094 2584 1184 2643 dividi
1206 2585 1305 2640 Mace·
1329 2582 1345 2637 5

238 2689 368 2748 doniam.
430 2692 528 2751 Unam
556 2691 621 2750 fore
653 2699 682 2747 et
715 2692 838 2766 primam
866 2704 995 2768 portem,
1029 2694 1108 2768 quod
1138 2690 1201 2766 egri
1232 2690 1307 2746 inter

241 2793 425 2871 Strymonem
448 2806 477 2853 et
491 2798 617 2855 Nessum
640 2816 754 2854 amnem
776 2798 831 2868 sit;
852 2816 1035 2856 accessurum
1052 2799 1118 2857 huic
1132 2796 1210 2871 perti
1226 2806 1305 2851 trans
1330 2796 1347 2849 6

240 2897 387 2971 Nessum,
418 2902 458 2959 ed
485 2902 623 2959 orientem
650 2920 785 2973 versum,
818 2922 878 2977 qun
899 2906 1025 2961 Perseus
1054 2902 1194 2960 tenuisset
1214 2899 1305 2969 vicos,

241 3005 370 3077 castelle,
395 3006 518 3081 oppida,
540 3004 776 3082 prmter'AEnum
800 3019 829 3065 et
849 3010 1021 3067 Maroneam
1044 3018 1073 3064 et
1095 3000 1231 3072 Abdera3
1265 3004 1305 3059 cis

242 3104 426 3184 Strymonem
448 3120 561 3181 autem,
590 3113 740 3186 vergentia
761 3114 800 3169 ad
824 3132 977 3183 occasum,
999 3114 1166 3170 Bisalticam
1190 3126 1305 3165 omnem

243 3304 474 3317 ——-——-—.———-.

244 3444 259 3485 4
283 3442 384 3505 regulus
409 3449 436 3490 et
458 3441 544 3491 referri
571 3448 597 3489 et
618 3446 687 3490 tecta
713 3442 780 3491 sicut
805 3440 907 3507 Krcyas.
935 3440 1029 3504 (refici)
1056 3450 1080 3490 et
1100 3440 1155 3505 My.
1180 3440 1307 3503 (detecta)

245 3526 334 3593 (Gryn.
349 3536 374 3577 et
383 3528 500 3577 resarciri
510 3535 588 3586 tecta,
601 3528 680 3587 sient)
703 3527 772 3587 11‚1
795 3541 851 3578 cum
871 3527 995 3576 maiorem
1014 3528 1115 3589 quidem
1134 3526 1188 3575 filio
1213 3532 1227 3574 2
1248 3540 1307 3575 cum

245 3616 364 3664 maiorem
384 3615 438 3663 tilio
479 3620 657 3663 bsamotrace
678 3614 683 3677 Ι
705 3615 855 3678 empipolim
903 3613 1004 3673 XXIX,
1028 3613 1052 3673 1,
1080 3613 1242 3676 lamplpolo
1291 3616 1306 3660 2

246 3702 327 3749 omnis
342 3701 348 3764 Ι
363 3702 569 3764 depositaessent
605 3702 828 3750 tmacedonieum
875 3700 901 3761 2,
922 3706 933 3749 l
955 3708 1041 3749 tamen
1060 3700 1121 3749 noni
1146 3700 1173 3747 in
1197 3698 1306 3748 lormam

247 3784 338 3852 (Gryn.
357 3797 380 3836 et
397 3786 469 3836 ceteri
484 3786 665 3851 interpnnpunt:
682 3787 791 3851 prebuit
808 3786 929 3835 tribuual.
961 3784 1013 3851 Cfr.
1032 3785 1088 3835 Em.
1108 3784 1171 3838 609.
1203 3782 1255 3834 Sed
1272 3782 1308 3833 cd

246 3870 344 3923 insueta
355 3872 441 3923 audiri
449 3874 560 3937 sonasse
568 3880 647 3935 potest
657 3881 737 3933 erant,
756 3881 839 3921 utnon
843 3888 946 3936 prorsus
965 3888 1024 3937 opas
1041 3871 1074 3921 sit
1089 3872 1163 3920 scrrln
1174 3884 1306 3930 accensus,

246 3955 387 4009 insueta-
400 3961 566 4022 auriumque,
584 3959 626 4007 vel
644 3958 741 4021 socios)
776 3964 792 4007 2
811 3966 939 4008 summoto
958 3960 1047 4008 additu
1061 3957 1162 4023 Kreyss.
1178 3958 1237 4021 (cfr.
1249 3956 1305 4005 Em.

248 4040 295 4094 lc.
318 4048 392 4111 σφι.
413 4052 554 4094 summotor
572 4045 668 4103 aditus)
713 4045 832 4094 chortis
880 4045 906 4103 3,
925 4051 940 4094 3
960 4053 1029 4095 essct
1069 4042 1304 4107 tinterpraetatel

248 4130 403 4181 referebatur
446 4130 472 4190 4,
491 4136 507 4179 2
526 4131 645 4180 habentis
691 4136 707 4179 8
733 4146 816 4179 annus
834 4132 945 4181 creantis
992 4138 1004 4179 4
1026 4132 1188 4195 pependisset
1206 4128 1307 4189 legibus

248 4215 272 4279 5,
293 4225 308 4267 2
326 4218 393 4267 foret
410 4227 436 4267 et
464 4223 480 4266 8
499 4224 642 4280 trymonem
661 4223 687 4265 et
703 4230 808 4265 nassum
826 4217 970 4266 sitamnem
986 4219 1019 4267 sit
1053 4216 1078 4277 li,
1100 4223 1111 4265 1
1133 4228 1307 4267 successurum

250 4305 551 4366 cabreratistrynonem
570 4302 625 4367 My.
644 4302 701 4352 Em.
715 4300 771 4351 609
800 4304 892 4367 (Gryn.
903 4304 1024 4353 Abdera:
1042 4312 1113 4353 trans
1132 4302 1307 4368 Strymonem)
