3475 5084
475 530 532 586 ton
732 524 811 575 tiber
828 522 927 573 xciv.
970 522 1014 585 (n.
1035 536 1059 569 u.
1078 535 1100 571 s.
1121 524 1193 581 sse.)

429 712 543 768 diorum
565 710 724 767 auctoritas
744 709 894 777 voluisset,
916 708 1081 765 consultore
1104 706 1270 763 deuotione
1288 706 1358 763 belli
1380 707 1496 781 gerendi

391 819 407 875 7
431 815 527 890 erepit.
571 814 713 873 Plecebet
735 814 925 888 quibusdum,
957 822 987 870 et
1005 812 1133 869 maxime
1153 811 1314 869 minoribus
1337 820 1428 881 netu,
1448 830 1498 885 psr

430 919 517 994 Elpei
539 918 633 994 ripum
655 919 887 995 munitionesque
907 917 966 975 vim
988 916 1102 987 iucem
1137 915 1276 973 confertis
1305 926 1335 973 et
1364 915 1426 973 vim
1456 914 1499 972 lc·

401 1002 404 1011 ⁵
430 1024 572 1081 cientibus
593 1023 728 1080 resistere
748 1024 929 1081 Macedones
951 1040 1009 1079 non
1032 1039 1136 1097 posse,
1168 1040 1206 1079 ex
1227 1030 1271 1078 tot
1295 1020 1427 1078 castellis
1449 1019 1500 1077 sli-

432 1136 542 1203 quanto
564 1128 714 1185 altioribus
743 1146 780 1184 oc
800 1127 1019 1196 munitioribus,
1052 1144 1117 1202 qnae
1147 1125 1253 1182 validis
1281 1125 1428 1200 praesidiis
1459 1124 1500 1181 in-

392 1233 588 1302 8sedissent,
623 1234 721 1308 priore
752 1251 830 1291 anno
862 1232 1000 1293 deiectos.
1047 1231 1125 1289 Aliis
1155 1230 1310 1305 pleoebet,
1343 1230 1501 1289 Octavium

432 1358 497 1396 cum
528 1338 622 1396 classe
649 1338 889 1395 Thessalonicam
926 1346 1025 1412 potere
1056 1343 1086 1393 st
1117 1335 1307 1410 populations
1338 1335 1503 1393 maritume

433 1463 492 1501 orm
516 1444 688 1518 distringere
709 1442 810 1517 copies
831 1441 945 1517 regias,
978 1451 1023 1512 ut,
1059 1440 1150 1497 eltero
1179 1442 1218 1498 eb
1240 1450 1323 1515 tergo
1347 1458 1379 1497 se
1407 1448 1502 1497 osten-

325 1540 328 1544 *
435 1550 520 1607 dente
542 1548 629 1618 belle,
652 1547 843 1605 circumectns
865 1547 903 1604 ed
925 1547 1091 1605 interiorem
1112 1532 1226 1623 purtem
1248 1546 1331 1621 regni
1352 1546 1502 1613 tuendam,

366 1652 370 1657 “
393 1655 411 1709 9
434 1655 544 1712 undere
572 1653 671 1728 ulique
698 1660 782 1728 perte
809 1649 948 1708 transitus
970 1647 1055 1726 Elpei
1083 1661 1244 1727 cogeretur.
1305 1651 1368 1725 Ipsi
1397 1659 1504 1708 nature

433 1770 464 1817 et
491 1759 628 1836 operibus
657 1756 899 1832 inexsuperabilis
926 1755 992 1831 ripe
1018 1754 1189 1828 videbatur,
1225 1765 1269 1826 et,
1305 1764 1502 1831 praeterquum

435 1866 513 1939 quod
535 1871 681 1921 tormento
702 1862 809 1937 ubique
836 1862 979 1937 disposita
1003 1871 1114 1932 essent,
1143 1861 1299 1919 missilibus
1328 1861 1420 1917 etiem
1448 1880 1504 1917 me·

376 1971 412 2024 10
434 1970 490 2027 lius
512 1977 541 2026 et
562 1966 685 2024 certiore
704 1967 762 2025 ictu
784 1968 883 2024 hostes
908 1966 949 2023 uti
970 1965 1112 2024 audieret.
1150 1966 1223 2024 -Alio
1245 1966 1402 2042 spectabat
1424 1956 1504 2022 meus

434 2083 497 2131 tote
517 2072 614 2141 ducis;
636 2070 813 2146 dimissoque
834 2071 965 2142 consilio,
980 2072 1155 2129 Perrhaebos
1175 2081 1364 2140 mercatores,
1378 2068 1503 2129 Coenum

434 2189 463 2235 et
483 2177 699 2253 Menophilum,
731 2186 808 2235 notus
832 2177 892 2233 iem
914 2178 969 2235 sibi
991 2186 1020 2235 et
1040 2177 1108 2233 fidei
1129 2187 1158 2233 et
1179 2162 1340 2251 prudentius
1360 2175 1504 2245 homines,

435 2284 591 2342 accersitos
612 2291 724 2339 secreto
746 2292 968 2357 percunctetur,
995 2282 1097 2357 quoles
1120 2282 1159 2339 ed
1179 2280 1380 2339 Perrhaebiam
1409 2288 1504 2337 truns-

377 2392 408 2445 ll
434 2390 492 2447 itus
513 2390 579 2445 siut.
616 2386 691 2445 Cum
712 2387 779 2444 loce
798 2405 858 2444 non
873 2387 974 2461 inique
995 2404 1059 2445 esse
1080 2386 1217 2457 dicerent,
1238 2386 1382 2461 proesidiis
1407 2396 1503 2443 eutem

433 2494 521 2570 regiis
543 2492 686 2562 obsideri,
721 2510 802 2566 spem
831 2491 924 2565 cepit,
957 2492 982 2548 si
1010 2501 1096 2549 nocte
1117 2491 1267 2567 inproviso
1290 2490 1392 2547 velids
1416 2508 1501 2547 manu

377 2601 413 2656 12
436 2601 591 2674 adgressus
622 2596 829 2672 necopinantes
855 2606 947 2666 esset,
981 2596 1056 2655 deici
1088 2596 1224 2673 presidio
1244 2614 1341 2671 posse.
1400 2596 1502 2654 Ieculn

434 2704 510 2761 enirn
533 2712 562 2759 et
582 2702 707 2777 sagittus
727 2711 756 2757 et
777 2701 1017 2777 cetersmissilie
1037 2702 1067 2759 in
1088 2702 1231 2771 tenebris,
1259 2702 1325 2772 ubi,
1359 2701 1431 2775 quid
1455 2720 1503 2776 pe·

434 2818 522 2880 tetur,
543 2808 645 2883 procul
666 2805 814 2881 provideri
834 2817 970 2881 nequest,
992 2807 1106 2865 inutilis
1127 2824 1204 2877 esse;
1225 2807 1326 2882 gladio
1341 2808 1503 2865 comminus

378 2916 413 2972 13
437 2914 499 2989 geri
519 2931 582 2969 rem
604 2912 634 2968 in
655 2910 801 2985 permixte
822 2911 920 2985 turba,
943 2929 1001 2985 quo
1024 2911 1105 2969 miles
1126 2912 1278 2969 Romanus
1299 2913 1410 2971 uincet.
1449 2912 1502 2971 His

435 3018 557 3076 ducibus
579 3033 692 3083 usurus,
714 3024 868 3090 praetorem
882 3014 1038 3074 Octavium
1061 3017 1243 3089 accersitum,
1265 3020 1413 3095 exposito,
1434 3018 1501 3093 quid

435 3132 568 3202 peruret,
594 3119 771 3179 Heracleum
794 3137 859 3177 cum
881 3120 975 3179 classe
996 3131 1095 3197 petere
1124 3122 1205 3180 iubet
1227 3133 1255 3180 et
1277 3124 1357 3181 mille
1378 3123 1500 3181 homiui-

378 3234 414 3288 14
437 3229 493 3285 bus
513 3228 613 3285 decem
635 3224 747 3283 dierum
774 3234 860 3284 cocta
889 3226 1000 3284 ciberis
1020 3228 1138 3285 hebere.
1185 3229 1255 3304 Ipse
1276 3229 1312 3287 P.
1335 3228 1500 3305 Scipionem

435 3427 668 3436 -—-.—-——-

436 3538 462 3598 6,
481 3544 497 3587 2
519 3539 624 3601 gerendi
649 3540 771 3605 plecebet
795 3543 878 3605 coepit·
896 3541 1050 3605 quibusdem
1103 3540 1132 3601 7,
1159 3548 1170 3590 1
1205 3542 1346 3593 maioribus
1373 3540 1443 3593 Orco.
1486 3548 1501 3590 2

440 3624 516 3691 (lopo.
536 3624 628 3689 Enipei
648 3623 652 3686 l
673 3633 699 3676 et
715 3643 768 3677 nno
786 3627 940 3677 incientibus
967 3627 1055 3677 Fuitne
1074 3636 1100 3676 et
1118 3642 1213 3677 cuneos
1232 3630 1407 3679 facientibus?
1439 3628 1500 3679 Vat-

438 3710 475 3760 len
494 3719 519 3759 et
537 3714 702 3776 unoegmine
720 3715 844 3778 impetum
862 3713 1017 3763 facientibus
1045 3716 1213 3778 bpropriore
1231 3730 1300 3765 enno
1347 3717 1500 3775 &slessu-

436 3799 551 3847 lonicsm
568 3808 666 3863 peteret
682 3800 850 3865 populatione
886 3806 901 3849 3
922 3802 1097 3850 ostendentem
1148 3804 1278 3863 dnegsre
1299 3801 1303 3867 1
1326 3802 1402 3867 Gryn.
1413 3802 1500 3865 Enipei

437 3885 463 3945 9,
484 3891 499 3934 4
518 3886 600 3935 hostis
620 3886 775 3951 utloudieret
824 3887 877 3945 10,
897 3893 911 3935 2
930 3887 1051 3950 perrebos
1067 3890 1072 3951 Ι
1087 3886 1208 3936 choenum
1235 3887 1325 3954 (Grpe.
1352 3888 1500 3949 Sohoenum)

440 3969 516 4022 Goon.
546 3974 828 4039 umenopilumlnotte
846 3980 872 4021 et
889 3974 951 4022 fidei
965 3974 1016 4021 iem
1036 3974 1084 4022 sibi
1103 3972 1237 4039 etKrepss.
1266 3976 1435 4039 ipen-eblum
1462 3973 1501 4031 11.

439 4063 455 4106 2
473 4059 541 4121 regis
553 4056 621 4109 Creo.
634 4058 637 4122 Ι
651 4061 735 4122 coepit
749 4059 755 4122 Ι
770 4061 882 4108 ualidum
918 4065 933 4108 3
953 4061 1090 4121 adgressus
1112 4060 1201 4109 ualido
1226 4062 1406 4124 necopinantis
1421 4062 1426 4121 Ι
1441 4060 1500 4109 delei

438 4143 480 4203 12,
499 4151 515 4193 3
534 4146 678 4195 comminus
714 4144 757 4205 13,
777 4151 793 4194 3
814 4145 956 4194 heraclium
987 4146 1127 4207 toognits
1146 4147 1241 4211 ciberis
1278 4146 1321 4210 14,
1344 4154 1355 4197 1
1378 4164 1403 4212 p.
1423 4146 1501 4209 scipio

436 4245 578 4294 supronem
