3475 5084
485 495 502 549 2
697 485 699 490 ¹
889 493 1044 554 Fragmenta

512 687 557 752 θ’)
576 688 703 754 Serpentis
722 702 822 752 quoque
840 690 898 739 ιΤ.
909 689 982 739 Livio
1002 691 1101 739 curiose
1118 690 1214 753 pariter
1232 705 1263 741 ao
1280 688 1387 739 facunde
1403 689 1480 737 reletae

441 782 486 831 liat
511 782 615 832 mentio.
660 781 686 831 Is
713 780 779 831 enirn
807 781 844 829 sit
869 783 896 830 in
917 782 1008 833 Africa
1035 783 1102 847 apud
1124 782 1268 844 Bagradam
1296 782 1389 830 llnmeu
1412 790 1482 829 toute

442 874 621 937 magnitudinis
655 871 749 933 fuisse,
792 881 820 921 ut
850 874 924 923 Atilii
954 874 1047 939 Reguli
1075 875 1214 924 exercitum
1245 889 1294 923 usu
1325 874 1404 923 amnis
1430 889 1483 937 pro-

441 967 553 1026 biberet;
580 966 716 1027 multisque
734 965 854 1014 militibus
877 966 974 1030 ingenti
995 983 1038 1017 ore
1057 968 1191 1032 correptis,
1216 966 1389 1030 compluribus
1406 966 1485 1014 cauda

440 1058 611 1108 voluminibus
629 1058 706 1119 elisis,
729 1072 807 1120 quum
826 1060 932 1107 telorum
951 1060 1020 1108 iactu
1037 1059 1159 1123 perforari
1177 1061 1302 1122 nequiret,
1327 1059 1360 1107 ad
1378 1058 1487 1107 ultimum

442 1152 598 1201 ballistarum
625 1151 757 1199 tormentis
783 1147 896 1213 undique
919 1152 1023 1213 petitam
1048 1151 1148 1200 silicum
1177 1152 1271 1202 crebris
1296 1158 1322 1199 et
1346 1152 1487 1215 ponderosis

440 1245 585 1294 verberibus
604 1243 783 1307 procubuisse,
810 1242 976 1304 omnibusque
1001 1250 1025 1291 et
1054 1242 1200 1292 cohortibus
1225 1252 1252 1291 et
1276 1242 1421 1305 legionibus
1438 1244 1489 1307 ipsa

441 1334 595 1399 Cartbagine
619 1336 699 1385 risam
723 1336 913 1395 terribiliorem
945 1341 1021 1397 atque
1050 1338 1126 1385 etiam
1156 1349 1244 1384 cruore
1275 1350 1321 1385 suo
1352 1337 1490 1399 gurgitibus

440 1428 543 1477 imbutis
570 1429 732 1493 corporisque
756 1428 860 1476 iacentis
887 1427 1008 1492 pestifero
1037 1428 1125 1477 afflatu
1153 1428 1235 1477 vicina
1264 1430 1372 1490 regione
1398 1429 1491 1493 polluta

440 1520 555 1570 Romana
564 1521 623 1569 inde
633 1521 800 1571 summovisse
809 1530 899 1570 cestra.
930 1522 1034 1580 Allicit,
1048 1521 1131 1571 belua
1145 1521 1240 1569 corium
1255 1528 1358 1569 centum
1372 1528 1398 1570 et
1405 1522 1490 1584 viginti

440 1614 533 1677 pedum
551 1614 579 1661 in
596 1613 684 1662 urbem
703 1613 817 1662 missum.
862 1611 916 1663 Vol.
936 1612 1009 1663 Mox.
1028 1611 1050 1675 I,
1072 1614 1087 1663 8
1105 1622 1149 1663 ext.
1170 1611 1210 1662 19.

862 1748 906 1797 Ex
924 1749 962 1798 lit.
983 1749 1065 1800 XIX.

510 1839 571 1905 10⁵)
590 1842 671 1891 Tertii
688 1842 741 1890 ludi
761 1840 918 1905 (seculares)
935 1842 1044 1901 luerunt,
1072 1842 1177 1891 Antiate
1196 1841 1320 1904 Lirioque
1338 1842 1493 1900 auctoribus,

438 1934 467 1983 P.
479 1934 587 1985 Claudio
596 1934 716 1993 Pulchro,
734 1935 765 1984 L.
776 1935 849 1983 Iunio
862 1935 938 1985 Pullo
949 1936 1104 1985 consulibus.
1142 1932 1261 1983 Censorio.
1280 1931 1311 1981 de
1330 1931 1371 1982 die
1389 1942 1438 1982 aot.
1449 1932 1494 1982 17.

509 2022 570 2090 11')
589 2028 637 2077 Est
654 2027 680 2074 in
698 2027 784 2091 Livio,
810 2029 892 2091 quod,
919 2043 996 2090 quum
1015 2029 1118 2091 qnidam
1143 2028 1249 2093 cupidus
1272 2025 1333 2075 belli
1355 2028 1494 2088 gerendis

438 2120 540 2169 tribuno
558 2120 640 2184 plebis
658 2129 795 2182 arceretur,
814 2134 846 2167 ne
863 2120 920 2180 iret,
938 2120 1021 2184 pullos
1040 2121 1113 2169 iussit
1128 2118 1224 2179 afferri;
1243 2119 1286 2182 qui
1305 2132 1385 2181 quum
1404 2120 1494 2169 missas

438 2227 490 2262 non
508 2214 612 2261 ederent
628 2210 723 2275 fruges,
742 2212 849 2260 irridens
867 2213 957 2262 consul
976 2214 1109 2275 augurium
1128 2213 1177 2260 ait:
1198 2210 1392 2273 „Velbibant“,
1412 2218 1438 2259 et
1453 2226 1495 2258 eos

437 2308 464 2354 in
484 2306 593 2355 Tiberim
612 2304 786 2371 praecipitavit.
829 2302 893 2353 Inde
917 2305 1023 2355 naribus
1047 2306 1126 2354 victor
1151 2320 1183 2352 ex
1204 2303 1291 2353 Africa
1319 2312 1452 2351 revertens
1470 2304 1494 2351 in

437 2398 503 2446 mari
526 2412 582 2446 oum
608 2397 741 2457 omnibns,
771 2411 835 2460 qnos
860 2395 983 2461 ducebat,
1007 2398 1146 2446 exstinctus
1164 2404 1209 2445 est.
1257 2392 1384 2444 Seruari
1410 2394 1494 2460 Virpil.

437 2488 497 2540 AEn.
521 2487 564 2548 VI,
584 2486 642 2537 198.
741 2492 745 2500 ’

781 2579 823 2629 Ex
841 2580 879 2630 lib.
898 2581 958 2630 inter
976 2580 1022 2631 XI
1037 2591 1059 2631 et
1077 2580 1143 2631 XX.

510 2670 552 2738 12)
576 2672 627 2720 Dic
651 2672 727 2720 mibi:
755 2687 834 2736 quum
859 2687 1030 2737 sepenumero
1053 2674 1081 2723 in
1098 2673 1221 2724 Romanis
1244 2672 1359 2723 historiis
1384 2673 1495 2735 legatur,

438 2765 511 2814 Livio
521 2773 633 2824 auctore,
654 2765 792 2829 sepissime
804 2766 831 2813 in
842 2766 891 2813 hac
904 2767 966 2815 urbe
979 2777 1067 2815 exorta
1083 2763 1228 2831 pestilentia
1244 2765 1342 2814 infinita
1358 2765 1496 2815 hominnm

437 2856 519 2905 millia
536 2857 682 2920 deperiisse,
704 2867 781 2921 atque
800 2872 830 2905 eo
847 2856 992 2923 frequenter
1009 2868 1126 2921 ventum,
1146 2860 1234 2908 utrix
1253 2866 1333 2919 esset,
1354 2860 1426 2907 unde
1446 2859 1495 2907 illis

437 2950 566 2998 bellicosis
585 2950 742 3013 temporibus
759 2951 886 3001 exercitus
903 2953 1028 3015 potuisset
1046 2953 1164 3016 adscribi,
1182 2953 1226 3001 illo
1245 2959 1361 3016 tempore
1380 2953 1433 3003 deo
1455 2962 1497 3001 tuo

436 3041 577 3091 Februario
599 3042 703 3090 minime
721 3042 859 3092 litabatur?
886 3059 918 3091 an
937 3044 1014 3092 ctiam
1033 3045 1116 3093 cultus
1134 3045 1175 3093 hic
1193 3046 1297 3094 omnino
1316 3044 1381 3093 nihil
1400 3047 1497 3109 prode·

436 3135 491 3182 rat?
507 3134 558 3182 Illo
576 3142 690 3197 tempore
698 3135 848 3199 Lupercalia
865 3151 918 3187 non
936 3137 1146 3185 celebrabantur?
1164 3137 1218 3186 Nec
1237 3139 1303 3186 enim
1322 3138 1443 3187 dicturus
1463 3153 1495 3197 ee,

436 3225 489 3273 boeo
507 3241 579 3275 saera
601 3226 686 3274 adbuc
708 3227 753 3275 illo
776 3234 890 3291 tempore
915 3244 967 3278 non
988 3230 1109 3293 coepisse,
1136 3241 1192 3290 qna
1216 3238 1274 3278 ante
1294 3229 1439 3281 Romulum
1465 3233 1495 3279 ab

434 3317 556 3366 Euandro
574 3318 600 3364 in
618 3315 720 3366 Italiam
740 3319 904 3381 perhibentur
922 3321 1000 3371 illata
1034 3321 1187 3385 Lupercalia
1205 3330 1290 3370 autern
1306 3330 1413 3385 propter
1434 3322 1496 3384 quid

434 3409 548 3457 instituta
567 3410 630 3469 sint,
659 3418 780 3472 quantum
807 3414 839 3459 ad
869 3412 948 3475 ipsius
967 3413 1155 3476 superstitionis
1174 3420 1319 3464 commenta
1337 3424 1495 3476 respectant,

434 3502 522 3551 Livius
544 3503 656 3550 secunda
679 3502 775 3552 decade
798 3503 922 3566 loquitnr;
950 3519 995 3552 nec
1023 3512 1125 3568 propter
1147 3507 1249 3555 morbos
1273 3506 1432 3555 inhibendos
1457 3509 1496 3556 in·

436 3594 524 3642 stitnta
541 3605 730 3659 commemoret,
755 3597 800 3644 sed
815 3604 917 3659 propter
935 3597 1102 3657 sterilitatem,
1127 3606 1154 3646 nt
1172 3599 1195 3647 ei
1213 3598 1320 3658 videtur,
1345 3600 1496 3660 mulierum,

844 3918 887 3967 Ea
905 3917 941 3968 lib.
966 3918 1073 3970 XLIX.

506 4006 564 4075 13¹⁸)
583 4011 623 4059 De
636 4019 782 4075 quartorum
800 4010 917 4059 ludorum
937 4012 1119 4075 (secularium)
1138 4027 1206 4061 anno
1224 4013 1318 4076 triplex
1337 4014 1427 4077 opinio
1446 4022 1494 4062 est.

437 4102 527 4151 Antias
554 4104 621 4151 enim
646 4114 672 4152 et
693 4104 777 4151 Varro
804 4111 830 4152 et
844 4102 933 4151 Livius
960 4104 1053 4153 relatos
1078 4119 1133 4153 esse
1155 4104 1320 4168 prodiderunt
1338 4105 1369 4154 L.
1391 4106 1494 4156 Marcio

437 4192 583 4255 Censorino,
609 4196 654 4243 Μ’.
672 4196 780 4244 Manilio
799 4196 956 4255 consulibus,
979 4204 1038 4261 post
1055 4198 1165 4249 Romam
1190 4197 1319 4247 conditam
1346 4214 1417 4250 anno
1438 4215 1494 4250 sex·

435 4288 572 4336 centesimo
591 4289 703 4351 quinto„
725 4286 844 4338 Censorio.
863 4286 893 4336 dc
910 4287 949 4339 o'r'e
967 4299 1015 4339 nat·
1036 4288 1079 4338 17.

436 3700 491 3749 qua
515 3694 574 3734 tnnc
599 3688 739 3746 acciderat,
765 3688 955 3737 exsolvendam.
996 3688 1039 3737 Ea
1066 3688 1158 3739 Gelooii
1179 3690 1257 3755 Papoe
1282 3694 1348 3755 epist.
1375 3690 1497 3742 aduersus
1546 3698 1548 3727 ἵ

434 3776 626 3861 Andromachum
644 3781 669 3829 r'a
686 3779 795 3830 Baronir’
810 3779 892 3828 annul.
912 3780 991 3829 eccles.
1010 3779 1046 3830 ad
1062 3800 1087 3831 a.
1106 3781 1161 3832 496
1179 3800 1241 3833 num.
1258 3783 1303 3833 35.
