3475 5084
514 532 595 581 nnn
610 529 710 580 xnru.
746 530 793 594 (a.
814 529 875 581 cnr.
898 530 969 595 roe.)
1197 534 1254 591 tur
1294 514 1308 559 l

235 714 383 790 conceptis
409 716 507 773 var-bis
532 718 656 789 inravit,
691 716 851 791 sicollega
872 716 1026 773 damnatus
1048 726 1142 786 meat,
1163 732 1223 773 non
1244 734 1297 773 ex·

235 828 352 893 pectato
382 820 420 877 da
445 838 477 877 sa
506 821 631 893 iudicio,
668 822 802 879 comitem
824 821 919 878 exsilii
941 821 1003 877 eiua
1023 819 1163 878 futurum.
1211 822 1298 879 Adeo
1323 824 1360 880 16

235 932 329 979 tamen
351 924 393 981 ad
414 934 574 983 extremum
595 927 659 1002 spei
679 927 854 997 assultuum,
876 936 907 983 ut
929 926 1194 983 octocenturioead
1215 927 1298 983 dam-
1331 901 1334 907 Ι

232 1026 381 1085 nationem
415 1029 567 1091 defuerint.
618 1032 765 1089 Absoluto
794 1029 937 1101 Claudio,
967 1030 1098 1087 tribunus
1126 1029 1219 1105 plebis
1247 1049 1298 1087 ne-

232 1131 310 1205 gavit
331 1150 368 1189 aa
389 1132 558 1192 Gracchum
577 1136 696 1192 morari.

312 1236 363 1293 Eo
386 1257 480 1309 anno,
501 1240 715 1314 postulantibus
735 1239 967 1315 Aquileiensium
990 1239 1111 1314 legatis,
1143 1248 1177 1297 ut
1196 1258 1297 1297 nnme-
1342 1232 1381 1304 17

230 1358 278 1397 ms
303 1342 480 1401 colonorum
501 1356 674 1420 augeretur,
704 1346 783 1403 mille
816 1352 846 1401 et
867 1345 1032 1420 quingenta
1052 1344 1171 1402 familia
1192 1362 1229 1400 ax
1250 1362 1298 1400 se-

230 1455 316 1503 natus
333 1449 470 1505 consulto
491 1451 617 1526 scripta,
638 1450 847 1524 triumvirique,
868 1450 920 1523 qui
942 1468 992 1507 aas
1013 1450 1197 1520 deducerent,
1218 1448 1298 1505 missi

230 1560 305 1619 sunt,
327 1553 369 1608 Τ.
390 1554 507 1611 Annius
528 1556 651 1625 Luscus,
675 1558 711 1613 P.
732 1555 842 1612 Decius
865 1554 993 1626 Subulo,
1013 1556 1056 1613 M.
1079 1552 1230 1611 Cornelius
1242 1550 1297 1611 Ce-

231 1656 345 1730 thsgns.
396 1658 510 1716 Eodem
533 1678 611 1717 anno
632 1659 666 1717 G.
688 1660 821 1736 Popilius
842 1671 871 1717 et
893 1658 947 1717 Cn.
964 1659 1105 1718 Octavius
1126 1658 1225 1734 legati,
1248 1658 1298 1733 qui
1320 1662 1338 1718 2

229 1760 259 1816 in
280 1760 433 1819 Grtaciam
464 1762 666 1834 missisunt,
698 1765 1019 1835 senatusconsultum,
1041 1763 1297 1839 Thebisprimum

228 1865 395 1936 recitatum,
427 1888 481 1943 per
511 1888 613 1927 omnea
634 1870 829 1946 Peloponnesi
858 1871 946 1928 urbes
978 1869 1229 1936 circumtulerunt,
1261 1886 1299 1924 na

232 1970 294 2044 quis
322 1972 415 2029 ullam
446 1993 508 2030 rem
542 1974 572 2031 in
599 1975 705 2032 bellum
728 1975 947 2051 magistratibus
969 1975 1110 2034 Romanis
1144 1972 1298 2043 conferret,

231 2087 428 2151 praeterquam
460 2079 538 2153 quod
571 2092 690 2136 senatus
721 2080 888 2137 censuisset.
938 2082 1005 2138 Hoc
1035 2080 1169 2137 fiduciam
1192 2078 1221 2135 in
1245 2096 1297 2153 po·
1321 2078 1339 2132 3

230 2190 340 2239 aterum
375 2201 494 2257 qnoque
523 2184 704 2259 praebuerat,
734 2185 849 2242 lavatos
877 2204 909 2243 se
937 2186 1074 2243 oneribus
1104 2180 1298 2257 inpenaiaqua,

231 2287 347 2358 quibua,
371 2287 431 2344 alia
455 2288 520 2345 aliis
541 2289 751 2363 inperantibus,
772 2290 1028 2349 exhauriebantur.
1075 2287 1208 2347 Achaico
1229 2302 1298 2342 con·
1322 2290 1339 2343 4

231 2390 296 2448 cilio
320 2393 509 2467 Algidum,
542 2395 666 2469 benigne
685 2394 775 2451 locuti
797 2394 955 2467 auditique,
988 2393 1106 2468 egregia
1133 2410 1186 2467 epe
1208 2388 1298 2446 futuri
1389 2397 1393 2402 ’

232 2505 325 2554 status
357 2497 502 2555 fidissima
532 2509 619 2573 genta
639 2499 758 2569 relicta,
792 2500 823 2555 in
844 2498 990 2556 AEtoliam
1023 2499 1208 2555 traiecerunt.
1250 2494 1298 2552 Ibi
1321 2490 1338 2543 5

231 2603 361 2659 nondum
385 2602 503 2677 quidem
525 2604 630 2660 seditio
654 2614 727 2674 erat,
747 2603 799 2660 sed
811 2603 911 2660 omnia
931 2614 1067 2678 suspecta
1089 2601 1299 2673 criminumque

229 2705 304 2764 inter
325 2708 409 2782 ipsoa
430 2708 528 2784 plena.
574 2707 623 2766 Ob
646 2727 712 2782 qum
732 2708 882 2766 obsidibus
914 2706 1067 2783 postulatis
1093 2724 1188 2780 nequa
1219 2704 1297 2761 exitu
1322 2700 1341 2754 6

231 2812 271 2868 rei
291 2812 445 2887 inposito,
466 2813 496 2869 in
517 2813 717 2871 Acarnaniam
739 2814 807 2870 inde
827 2811 953 2888 proiecti
976 2812 1064 2888 legati
1086 2824 1160 2869 suut.
1204 2808 1298 2884 Thyri
1322 2806 1337 2859 7

233 2918 389 2975 concilium
410 2918 516 2993 legatia
535 2921 709 2975 Acarnanes
730 2917 881 2975 dederunt.
925 2917 971 2975 lbi
986 2936 1113 2992 ¹quoqne
1142 2915 1217 2972 inter
1235 2914 1299 2972 fac-

232 3021 328 3080 tiones
355 3032 420 3079 erat
439 3035 595 3080 certamen.
645 3018 771 3096 Quidam
791 3022 955 3097 principum
976 3022 1143 3098 postulare,
1173 3030 1205 3077 ut
1225 3036 1299 3094 pm

235 3126 315 3185 sidia
335 3128 368 3184 in
397 3127 486 3184 urbes
511 3146 581 3185 anas
607 3128 811 3185 inducerentur
831 3128 972 3198 adversus
1003 3126 1160 3183 amentiam
1189 3142 1300 3192 eorum,

229 3332 467 3343 -—-—-

235 3481 303 3543 lan
324 3483 425 3531 ueniret
442 3497 501 3531 rens
538 3487 553 3529 4
572 3481 684 3543 maccho
721 3479 809 3539 XVII,
825 3479 850 3539 1,
867 3485 878 3527 l
893 3493 1027 3528 numerum
1038 3478 1186 3527 colonorum
1196 3483 1302 3539 augeret

236 3565 313 3618 Groa.
351 3574 367 3617 2
392 3580 420 3617 oo
434 3576 461 3616 et
478 3583 495 3616 a
512 3567 618 3617 familia
637 3566 723 3616 ⁴Poat
741 3573 801 3615 sunt
819 3566 994 3629 sponatanee.
1014 3573 1065 3613 octo
1083 3580 1194 3613 novamus
1209 3560 1300 3611 littera·

234 3686 283 3720 ram
302 3671 329 3721 ia
340 3670 396 3734 fiae
414 3686 504 3730 mnus,
523 3669 591 3719 nullo
605 3685 702 3719 rasura.
719 3653 939 3735 llncnsilsubolo
966 3668 1017 3727 Μ
1035 3649 1131 3716 orante
1146 3677 1184 3719 ab.
1220 3670 1301 3729 ope·

235 3772 435 3838 loponnenacani
454 3776 531 3824 urbes
567 3778 582 3822 b
602 3773 664 3836 quid
682 3780 785 3823 senatus
821 3772 847 3833 3,
858 3778 873 3820 2
885 3770 1088 3834 oneneribusque
1098 3768 1159 3835 (Ed.
1170 3768 1245 3819 Frob.
1260 3766 1300 3817 ΙΙ.

239 3858 316 3927 Gryn.
335 3859 520 3925 oneribusque)
568 3858 594 3918 4,
616 3864 626 3907 l
655 3860 744 3908 acaico
767 3859 876 3907 consilio
924 3864 938 3906 2
963 3858 1032 3920 argis
1058 3859 1154 3921 agitato
1173 3855 1229 3921 My.
1246 3862 1302 3919 poet

241 3944 323 3997 Ursin.
361 3946 445 4010 (AEgii
464 3943 588 4010 ecPolpb.
603 3942 745 4004 XXVIII,
758 3942 788 4007 3)
801 3952 824 3993 et
838 3942 922 3995 Weiss.
943 3943 984 4006 (iis
1002 3942 1074 4007 dato)
1096 3943 1099 4009 Ι
1118 3940 1149 3991 In
1169 3942 1301 4005 auditique

235 4030 277 4084 lta
297 4047 316 4081 u
333 4049 412 4097 supra
430 4030 557 4095 Macripm
574 4041 615 4081 est.
652 4036 668 4080 ³
686 4031 778 4080 statuis
813 4028 845 4088 ὅ,
870 4036 885 4079 2
905 4028 1058 4079 Huc‘uerba
1077 4010 1127 4091 pne
1144 4028 1212 4077 inter
1228 4028 1301 4090 ipsos

234 4120 311 4182 plana
334 4119 372 4167 bie
394 4118 487 4183 scripto
508 4127 570 4167 rant.
617 4117 641 4177 7,
662 4122 674 4165 1
702 4117 768 4181 typri
788 4113 873 4181 Siqua.
919 4116 1048 4179 Negatis
1072 4129 1134 4165 corr.
1153 4128 1184 4163 aa
1199 4114 1301 4175 legatas

238 4220 453 4283 lintarloationea
494 4226 510 4269 ³
527 4218 559 4269 Ia
579 4220 699 4284 presidia
715 4217 862 4283 ademptam
880 4220 889 4267 i
907 4220 968 4268 iuer
984 4232 1006 4267 a
1023 4226 1047 4267 et
1062 4233 1099 4267 a.⁴
