3475 5084
499 514 558 571 206
753 512 832 561 Liber
848 511 946 562 XLIV.
985 512 1031 576 (A.
1053 528 1077 561 u.
1098 527 1119 563 c.
1141 516 1213 575 ⁵86.)

456 697 694 768 conscenderent,
722 696 847 755 lembum
871 715 957 754 unum
982 696 1012 755 in
1034 697 1108 755 ostio
1133 698 1225 755 amnis
1247 698 1421 757 multitudine
1438 718 1490 773 gra-

399 807 433 860 15
455 810 554 861 vatum
580 812 748 862 merserunt.
792 802 952 877 Galepsum
982 822 1018 860 eo
1046 805 1107 872 die,
1136 814 1252 879 postero
1281 803 1491 873 Samothracam,

457 928 543 984 quam
565 910 714 985 potebant,
742 908 920 985 perveniunt.
964 909 1013 967 Ad
1037 910 1094 965 duo
1116 908 1195 966 milia
1219 910 1356 967 talentum
1378 919 1493 984 pervecta

456 1034 491 1072 eo
513 1015 655 1075 dicuntur.

370 1116 413 1189 46
538 1121 663 1190 Paulus,
693 1138 745 1195 per
773 1137 873 1177 omnes
901 1118 1012 1177 deditas
1045 1118 1175 1177 civitates
1196 1120 1340 1191 dimissis,
1370 1116 1417 1195 qui
1436 1138 1495 1195 pra-

455 1237 566 1297 essent,
596 1247 632 1285 ne
653 1245 712 1301 qua
732 1216 837 1283 iniuria
865 1225 896 1281 in
916 1244 995 1281 nova
1017 1243 1088 1300 pace
1109 1225 1192 1283 victis
1213 1226 1312 1297 lieret,
1340 1227 1496 1301 retentisque

455 1342 525 1408 aput
545 1351 577 1391 se
598 1331 836 1390 caduceatoribus
857 1331 943 1407 rogis,
965 1332 999 1388 P.
1021 1330 1170 1402 Nasicam,
1191 1332 1311 1407 ignarus
1333 1332 1409 1407 lugia
1427 1332 1497 1407 regis,

455 1438 654 1513 Amphipolim
687 1437 762 1495 misit
792 1456 857 1495 cum
892 1436 1006 1493 modica
1039 1437 1166 1513 peditum
1199 1438 1388 1513 equitumque
1417 1456 1498 1505 mauu,

414 1547 430 1603 2
455 1543 540 1600 simul
568 1555 598 1600 ut
620 1542 922 1635 Sinticenevastaqet
947 1551 975 1598 et
1002 1543 1040 1599 ad
1062 1561 1160 1600 omnes
1184 1552 1306 1601 conatus
1328 1544 1405 1619 regia
1423 1544 1497 1618 impe·

412 1655 429 1709 3
452 1650 579 1707 dimouto
601 1660 684 1709 esset.
728 1649 879 1706 luter-haec
891 1648 1026 1706 Meliboea
1040 1668 1058 1705 a
1073 1647 1125 1711 Cn.
1142 1647 1267 1706 Octavio
1290 1649 1497 1726 capiturdin'pi·

454 1766 572 1829 turque;
604 1755 641 1812 ad
670 1754 839 1830 AEginium,
873 1753 910 1810 ad
942 1756 1019 1829 quod
1051 1755 1275 1830 oppugnandum
1308 1754 1362 1815 Cn.
1395 1755 1498 1815 Anicius

453 1862 566 1936 legatus
587 1860 691 1917 missus
714 1870 785 1930 erat,
807 1860 930 1929 ducenti,
952 1862 1101 1937 eruptione
1121 1880 1157 1917 ex
1180 1860 1288 1935 oppido
1305 1861 1394 1932 facta,
1417 1861 1497 1919 amissi

413 1977 430 2029 4
454 1976 528 2036 strnt,
549 1965 658 2041 ignaris
680 1964 898 2040 AEginicnsibus
920 1967 1094 2024 debellatum
1117 1984 1187 2023 csse.
1231 1964 1351 2040 Consul,
1373 1987 1392 2024 a
1412 1967 1498 2043 Pydna

453 2071 615 2148 proiectus,
642 2089 706 2128 cum
737 2078 798 2127 toto
829 2072 956 2131 exercitu
988 2074 1034 2131 die
1062 2074 1152 2131 altero
1174 2073 1286 2131 Pellam
1309 2073 1455 2150 pervenit,
1478 2080 1498 2127 et

452 2196 518 2235 cum
546 2185 643 2234 castra
672 2176 749 2233 mille
778 2194 881 2251 passus
904 2179 970 2237 inde
997 2179 1156 2255 posuisset,
1184 2198 1237 2256 per
1258 2178 1375 2254 aliquot
1395 2177 1452 2234 dies
1468 2174 1499 2231 ibi

454 2284 561 2341 stativa
582 2282 692 2351 habuit,
713 2282 797 2339 situm
821 2282 900 2340 urbis
930 2286 1055 2360 undique
1077 2284 1234 2361 aspiciens3
1259 2304 1348 2361 quem
1374 2301 1432 2340 non
1452 2280 1500 2337 sine

413 2401 430 2453 5
454 2409 542 2449 causa
563 2389 703 2447 delectam
726 2407 789 2445 esse
810 2389 919 2465 regiam
942 2391 1074 2452 advertit.
1118 2392 1180 2451 Sita
1202 2400 1246 2448 est
1266 2392 1295 2449 in
1317 2390 1430 2447 tumulo
1449 2406 1499 2443 ver-

454 2506 539 2573 gente
560 2496 589 2554 in
610 2495 785 2553 occidentem
801 2496 961 2557 hibernum.
998 2496 1124 2574 Cingunt
1138 2498 1257 2573 paludes
1272 2492 1499 2572 inexsuperabilis

455 2603 612 2660 altitudinis
633 2609 733 2658 astate
754 2610 783 2659 et
811 2602 919 2671 hieme,
950 2619 1023 2675 quas
1050 2613 1249 2680 restagnantes
1273 2603 1387 2663 faciunt
1413 2617 1501 2659 omncs.

414 2718 431 2772 6
455 2709 519 2765 Ara
534 2709 650 2766 Phacus
670 2706 700 2763 in
714 2706 778 2781 ipse
796 2705 910 2780 palude,
933 2726 991 2781 qua
1005 2708 1140 2783 proxima
1160 2711 1224 2767 urbi
1245 2718 1297 2780 est,
1319 2709 1403 2765 velut
1422 2703 1501 2763 insula

455 2791 569 2883 eminet,
591 2811 690 2888 aggeri
705 2811 801 2886 operis
820 2811 943 2886 ingentis
961 2790 1106 2890 imposita,
1129 2816 1178 2891 qui
1198 2825 1356 2873 otmarum
1377 2813 1500 2871 sustineat

415 2931 430 2984 7
454 2930 483 2977 et
516 2920 637 2976 humore
671 2915 850 2975 circumfusas
884 2918 997 2993 paludis
1029 2919 1098 2979 nihil
1127 2920 1257 2979 laedatur.
1313 2920 1403 2977 Muro
1435 2915 1501 2975 urbis

454 3023 606 3083 coniuncta
619 3023 721 3099 procul
735 3022 858 3082 videtur.
903 3026 1006 3083 Divisa
1021 3035 1064 3083 est
1081 3026 1258 3084 intermurali
1273 3025 1352 3083 amni
1369 3036 1399 3083 et
1414 3024 1501 3083 cadem

453 3140 541 3207 ponte
554 3131 661 3202 iuncta,
682 3138 714 3187 ut
727 3148 789 3200 nee,
810 3141 995 3206 oppugnante
1016 3142 1144 3201 externo,
1166 3132 1275 3189 aditum
1290 3133 1329 3190 ab
1351 3133 1414 3190 ulla
1433 3137 1502 3206 parto

453 3238 562 3295 habeat
581 3255 649 3306 nec,
678 3236 702 3293 si
724 3254 808 3310 quem
830 3236 871 3294 ibi
892 3256 944 3294 rex
959 3238 1095 3307 includat,
1117 3238 1204 3295 ullum
1220 3238 1275 3295 nisi
1297 3237 1501 3313 perfacillime

414 3343 591 3409 scustodiae
620 3351 736 3418 pontem
766 3340 912 3417 effugium.
955 3344 995 3403 Et
1024 3363 1098 3420 gaza
1126 3343 1206 3418 regia
1235 3343 1264 3400 in
1292 3362 1328 3401 eo
1349 3344 1417 3403 loco
1438 3349 1502 3403 crat}

455 3448 586 3505 sedtum
609 3448 679 3505 nihil
701 3423 804 3524 practer
823 3457 952 3507 trecenta
973 3449 1090 3518 talenta,
1115 3467 1178 3523 quae
1200 3449 1288 3506 missa
1310 3448 1421 3507 Gentio
1441 3444 1502 3519 regi«

454 3631 684 3639 ——-..

455 3745 496 3807 15,
517 3752 527 3794 l
549 3746 670 3811 calipsum
688 3744 771 3812 Siqua.
788 3748 793 3810 Ι
808 3755 1225 3814 posteromoataquamqaamquam
1240 3748 1363 3812 petebant
1414 3742 1502 3797 XLVI·

454 3833 509 3892 1,1
534 3834 632 3883 debitas
650 3836 738 3884 citatos
774 3840 840 3883 tue
859 3836 918 3896 quia
934 3836 938 3898 Ι
953 3836 1043 3884 fierent
1076 3836 1258 3895 arundinea
1303 3834 1329 3896 3,
1353 3840 1363 3884 l
1394 3831 1503 3883 moettbea

408 3971 411 3976 4
456 3921 459 3986 Ι
481 3920 653 3985 dirigiturquae
710 3928 725 3970 3
749 3923 880 3985 eruptione
904 3923 939 3970 his
961 3922 1072 3987 scriptam
1100 3922 1105 3989 Ι
1131 3922 1268 3973 factamiasi
1324 3919 1501 3983 teginiensib.

452 4021 479 4082 4,
498 4029 508 4073 l
529 4024 606 4088 pidue
654 4010 807 4074 3conastra
825 4040 852 4074 oo
875 4026 997 4090 {aliquod
1020 4028 1073 4077 dics
1092 4028 1135 4076 uhi
1154 4026 1178 4087 5,
1200 4033 1210 4076 t
1239 4028 1287 4077 sita
1312 4034 1338 4075 et
1361 4028 1387 4075 in
1409 4026 1503 4075 tinea·

454 4128 609 4192 superabiles
654 4134 711 4177 :let
727 4128 751 4187 6,
776 4134 786 4177 1
808 4127 904 4177 faciunt
921 4112 1017 4195 padcus
1036 4132 1062 4180 in
1082 4132 1136 4197 My.
1157 4130 1212 4181 Em.
1232 4130 1287 4181 564
1306 4131 1396 4196 (crya.
1417 4128 1502 4179 faciant

452 4232 532 4286 laeua.
551 4232 581 4281 in
599 4232 665 4297 ipsa)
701 4232 998 4299 6,rproximetue1ec
1030 4236 1161 4303 tanlgeri
1199 4241 1319 4285 3umore
1355 4233 1379 4292 7,
1399 4240 1415 4283 2
1438 4234 1503 4283 iuter·

454 4320 559 4385 martiali
594 4338 699 4387 auditu
717 4339 749 4387 ad
768 4338 821 4386 ulla
850 4343 864 4387 5
885 4340 998 4388 custodio
