3475 5084
722 583 816 630 su

262 763 309 822 ubi
338 765 442 821 abesse
471 783 529 820 non
553 774 685 839 poterat;
716 765 781 839 quis
808 764 884 820 enim
915 763 953 821 ad
985 765 1046 822 haec
1068 765 1324 826 animadvertenda

261 847 438 905 exercitatus
459 867 517 904 non
539 847 625 904 sentit
645 846 734 915 XLI,
757 851 785 914 6,
808 857 824 904 t
847 848 877 903 in
899 847 1022 922 epodosi
1045 847 1323 908 multorum'verbo·

258 951 323 987 rum
347 930 443 1005 longae
471 931 582 1005 protasi
612 932 742 988 subiecta
768 941 878 987 curtum
902 930 1067 988 essedonas
1089 950 1141 1006 pro
1164 932 1323 1004 11111111

258 1014 397 1088 idemque
418 1014 518 1070 vitium
545 1013 700 1071 tollendum
715 1013 805 1070 fuisse
819 1015 920 1082 XLII,
940 1017 986 1084 15,
1002 1015 1020 1070 8
1036 1025 1063 1069 11
1079 1019 1127 1084 dl,
1143 1017 1160 1072 3
1176 1015 1259 1088 (iubet
1272 1025 1318 1073 ot·

260 1116 312 1172 que
333 1100 374 1152 ito
398 1128 438 1139 —
454 1097 615 1172 prosmtas),
639 1097 752 1165 XLIV,
775 1099 824 1165 24,
841 1100 869 1166 8,
891 1097 989 1164 XLV,
1005 1097 1054 1166 22,
1072 1095 1110 1153 7?
1155 1099 1258 1172 Neque
1272 1117 1322 1156 ex·

258 1179 427 1255 plicandum
451 1180 590 1249 arbitror,
620 1199 672 1237 eur
697 1181 805 1248 XLII,
834 1183 879 1250 12,
904 1184 918 1237 7
943 1199 1000 1236 non
1023 1179 1135 1237 tulerim
1157 1181 1232 1238 haue
1255 1200 1321 1240 eon-

260 1262 453 1320 iuurtionem:
475 1266 552 1319 euius
565 1266 663 1320 merita
682 1295 721 1304 —
739 1265 874 1338 priuatim
895 1283 931 1319 an
949 1263 1059 1338 publice
1073 1265 1127 1318 sint
1141 1265 1255 1332 maiora,
1277 1269 1323 1324 1111

258 1346 316 1402 dici
331 1355 439 1422 posset,
468 1346 519 1402 sed
545 1365 604 1402 uua
633 1347 729 1403 littera
750 1358 861 1402 mutata
877 1349 968 1421 possit
991 1346 1169 1420 scripserim,
1201 1359 1322 1406 auteur

260 1429 346 1498 XLI,
361 1432 389 1499 8,
404 1433 419 1486 7
433 1439 498 1504 post
509 1433 688 1504 permittatur
707 1448 761 1504 pro
778 1439 891 1505 possent
911 1429 1055 1504 posuerim
1075 1432 1190 1504 possint.
1224 1435 1323 1506 Atque

262 1512 346 1568 etiam
369 1513 401 1568 in
425 1512 618 1590 suspicionum
643 1533 752 1582 earum,
775 1531 848 1586 quas
871 1525 981 1568 tantum
1006 1513 1034 1568 in
1060 1513 1247 1568 annotatione
1270 1533 1322 1589 po·

258 1595 384 1665 solusne,
417 1595 502 1671 longe
531 1595 661 1670 plurImis
690 1597 760 1652 satis
791 1614 843 1670 per
872 1614 903 1652 se
931 1595 1112 1670 perspicuum
1140 1595 1205 1653 fore
1225 1597 1322 1668 eredo,

257 1697 323 1751 quae
354 1697 472 1752 quoque
500 1679 565 1735 loeo
593 1698 682 1736 causa
710 1679 902 1754 suspicionem
933 1679 1063 1734 moverit.
1115 1679 1203 1735 Velut
1224 1681 1321 1738 statim

258 1761 345 1830 XLI,
369 1766 398 1829 4,
422 1764 438 1817 3
469 1762 508 1835 (in
532 1755 567 1817 ea'
587 1772 685 1837 parte,
715 1763 745 1819 in
774 1782 832 1836 qua
853 1762 916 1818 solo
939 1761 1057 1836 Grynaei
1080 1762 1244 1819 testimonio
1266 1763 1321 1820 uti·

259 1844 334 1917 mur)
357 1845 493 1900 consulem
514 1863 574 1900 eunt
596 1855 650 1902 toto
672 1848 778 1919 agmine
798 1864 889 1919 prave
904 1843 1004 1900 ultimo
1020 1844 1084 1901 loeo
1100 1847 1320 1904 commemorari

256 1937 324 2000 post
341 1927 499 1984 adventum
516 1929 693 1986 tribunorum
710 1930 799 1985 tertiae
813 1929 935 2004 legionis
958 1939 985 1984 et
1005 1927 1135 1984 homines
1150 1929 1178 1985 in
1193 1929 1321 1988 iumenta

257 2003 422 2084 impositos,
446 2022 566 2086 apparet
587 2031 623 2068 ex
645 2030 669 2069 1.
694 2015 721 2081 3,
745 2015 778 2082 81
799 2031 852 2068 nee
882 2017 925 2080 111,
950 2014 967 2068 6
991 2011 1050 2084 (ubi
1076 2012 1103 2067 in
1127 2011 1224 2068 codice
1248 2033 1320 2088 prae·

257 2105 339 2150 terea
362 2104 407 2149 est
422 2095 532 2167 Manlio)
553 2104 630 2151 reete
652 2098 756 2151 iactare
768 2099 869 2168 sapam
884 2097 1000 2151 alieuius
1015 2093 1126 2160 dicitur,
1149 2098 1197 2168 qui
1220 2113 1320 2154 severe

255 2177 457 2250 reprehendit;
489 2189 518 2234 et
540 2181 589 2245 21,
612 2181 628 2234 2
652 2192 805 2253 utrumque
827 2188 967 2253 apparet,
989 2187 1017 2233 et
1039 2179 1079 2233 M.
1104 2177 1195 2234 Atilio
1217 2191 1320 2253 praeter

257 2258 403 2334 legionem
427 2261 522 2318 socios
543 2261 680 2318 habuisse
702 2274 730 2318 et
750 2262 894 2318 sociorum
917 2261 1013 2336 potius
1037 2279 1186 2318 numerum
1210 2275 1319 2320 certum

255 2342 416 2399 indicatum
439 2363 502 2399 esse
523 2364 541 2400 a
563 2345 647 2401 Livio
670 2364 757 2419 quam
781 2345 909 2419 legionis.
959 2345 1005 2401 Ne
1028 2363 1051 2400 1.
1081 2349 1131 2414 18,
1154 2347 1171 2400 8
1195 2345 1319 2418 quidem,

258 2426 314 2480 etsi
336 2426 449 2482 absolvi
476 2428 615 2484 correctio
637 2447 695 2484 non
718 2440 821 2502 potest,
843 2428 1028 2502 eomparatiS,
1052 2446 1116 2501 111111
1139 2429 1318 2485 econtrario

258 2507 299 2562 de
319 2507 437 2565 Valerio
464 2510 611 2579 dicuntur,
646 2514 799 2568 obscurum
830 2523 889 2578 est,
922 2510 990 2585 quid
1022 2511 1162 2566 sententia
1183 2512 1317 2585 postulet.

257 2591 318 2648 Sed
340 2592 519 2665 probabilius
542 2594 630 2650 multo
653 2605 696 2651 est
717 2594 849 2651 lacunam
873 2612 944 2663 esse,
968 2612 1054 2668 quam
1078 2602 1213 2667 oporteret
1230 2595 1318 2651 corri-

254 2676 383 2748 gendum
406 2695 477 2733 esse.
507 2677 627 2750 (Errore
648 2696 771 2747 comma,
794 2677 873 2752 quod
894 2688 960 2752 post
983 2679 1040 2732 bata
1062 2678 1224 2751 ponendum
1247 2689 1319 2746 erat,

255 2767 323 2831 post
337 2759 414 2830 foris
435 2778 498 2815 esse
519 2759 688 2817 translatum
712 2761 855 2835 apparet.)
909 2763 1013 2834 ltaque
1034 2762 1070 2816 de
1092 2760 1137 2816 his
1160 2761 1319 2835 horumque

255 2841 399 2897 similibus
421 2861 479 2897 nou
498 2861 561 2898 sum
577 2843 660 2918 plura
675 2845 702 2900 h.
718 2845 736 2900 l.
760 2845 897 2912 dicturus,
911 2863 948 2900 ne
969 2857 997 2899 et
1019 2844 1087 2913 otio,
1111 2845 1187 2917 quod
1209 2845 1317 2901 nullum

255 2934 309 2989 est,
332 2925 483 2980 abundare
513 2937 542 2980 et
565 2926 720 2983 lectoribus
747 2927 833 2983 nimis
854 2927 985 2983 diffidere
1010 2927 1118 2982 videar.
1163 2927 1231 2984 Alia
1252 2939 1318 2984 sunt

253 3007 345 3081 paulo
378 3008 554 3065 notabiliora
587 3020 637 3066 aut
662 3010 726 3085 ipso
758 3011 853 3066 mendi
885 3023 913 3066 et
944 3009 1105 3084 corrigendi
1133 3028 1238 3084 genere
1268 3022 1319 3067 aut

254 3099 379 3165 propter
401 3090 459 3146 alia
481 3092 625 3160 adiuncta,
647 3111 712 3167 quae
733 3093 850 3149 adrem
877 3102 905 3149 et
927 3093 1095 3149 sententiam
1120 3105 1170 3149 aut
1192 3093 1230 3149 ad
1254 3113 1317 3150 ver-

254 3174 361 3229 borum
392 3192 475 3229 usum
504 3185 533 3230 et
553 3177 694 3232 sermonis
715 3176 806 3251 legem
835 3176 986 3251 pertinent.
1040 3177 1085 3232 ur
1108 3176 1152 3232 his
1174 3176 1242 3232 libet
1262 3179 1317 3233 hoc

252 3255 320 3312 loco
345 3256 492 3331 praeeipua
512 3259 638 3315 breviter
657 3260 700 3316 ita
720 3261 864 3334 persequi,
886 3269 916 3315 ut
938 3279 1025 3316 unum
1048 3272 1076 3316 et
1095 3259 1214 3315 alterum
1230 3260 1315 3316 etiam

254 3359 271 3396 e
295 3339 472 3407 minoribus,
502 3342 580 3414 quod
608 3342 699 3399 videri
726 3343 818 3416 possit
845 3342 1053 3399 dubitationem
1083 3342 1263 3410 habiturum,
1287 3343 1317 3398 in

253 3432 424 3479 transcursu
448 3423 614 3498 attingatur.

339 3499 410 3565 Lib.
431 3500 580 3583 XLl,1t,
603 3513 630 3564 4.
672 3507 815 3581 Gryneus
842 3507 932 3563 edidit
958 3507 1118 3564 Histrorum
1140 3512 1241 3582 1111111,
1270 3513 1319 3583 qai

255 3589 360 3644 modice
381 3589 468 3644 vinosi
487 3600 573 3647 erant.
617 3595 767 3669 Apparet,
795 3609 852 3646 non
876 3590 1030 3665 significari
1051 3592 1181 3647 homines
1202 3591 1316 3666 ingenio

257 3681 285 3727 et
315 3672 523 3730 consuetudine
554 3674 648 3730 minus
677 3676 794 3731 vinosos
824 3686 851 3729 et
880 3674 1024 3743 ebriosos,
1057 3675 1107 3730 sed
1136 3675 1228 3731 minus
1255 3685 1316 3732 tum

255 3754 353 3811 ebrios
376 3756 475 3829 etqui
497 3757 590 3813 miuus
612 3759 732 3814 sevino
755 3757 988 3832 ingurgitassent,
1010 3758 1065 3813 hoc
1080 3768 1132 3827 est,
1154 3763 1203 3832 qui
1215 3759 1317 3816 modice

254 3841 317 3893 usito
341 3839 490 3894 ueterani.
546 3841 625 3897 Num
648 3860 742 3915 neque
762 3859 831 3897 usus
852 3859 946 3914 neque
967 3839 1062 3896 forma
1085 3842 1220 3898 vocabuli
1241 3845 1315 3898 vino·

254 3939 315 3976 eunt
337 3940 392 3995 pro
414 3921 493 4000 ebrio
517 3924 607 3999 accipi
631 3924 707 3980 sinit.
717 3921 740 3997 ¹)

255 4086 483 4098 u-——o--a-——o-o
486 4091 490 4094 -

278 4196 304 4258 ¹)
327 4194 392 4258 Cap.
423 4200 467 4254 10,
496 4199 510 4244 7
538 4196 692 4260 Seyffertus,
717 4212 769 4245 non
794 4205 927 4245 contentus
960 4205 1048 4245 nostra
1074 4199 1231 4245 correctione
1258 4213 1315 4262 per-

326 4265 407 4324 facili,
427 4266 503 4314 scribi
520 4267 614 4315 voluit:
632 4265 698 4330 qaod
714 4283 764 4314 eam
782 4265 875 4314 illitam
891 4265 992 4316 consults
1008 4266 1104 4329 imperio
1117 4265 1180 4315 dieto
1194 4266 1316 4317 audientes
