3475 5084
1141 376 1151 403 b

548 506 627 557 Liber
643 506 740 557 XLIV.
762 506 807 570 (A.
829 506 890 557 Chr.
913 510 981 565 168.)
1196 508 1251 565 187

236 689 402 758 Labeatum,
425 688 505 746 velut
525 698 667 749 secretum
689 689 786 747 locum
806 698 908 764 petens
930 690 968 746 ed
983 689 1213 761 consultandum,
1235 692 1296 763 sed,
1322 696 1354 747 11
1423 682 1425 688 ’

236 800 263 848 ut
282 793 433 867 apparuit,
461 792 539 851 falsa
565 812 618 869 spe
639 793 768 865 excitus,
796 792 1004 851 Caravantium
1034 792 1170 863 fratrem,
1199 794 1296 853 multis

235 896 344 954 milibus
366 908 546 957 armatorum
567 899 677 957 mactis
698 918 735 957 ex
757 899 935 974 oaregione,
955 898 985 955 in
1001 916 1086 972 quem
1105 898 1209 955 missum
1224 909 1295 970 nat,

235 1002 398 1061 adventare.
452 1003 512 1077 Qui
546 1014 703 1080 postquam
732 1003 851 1061 evanuit
882 1020 997 1072 rumor,
1039 1001 1127 1060 tertio'
1151 1012 1219 1078 post
1249 1005 1296 1062 die
1322 1008 1355 1064 12

233 1124 331 1164 navem
355 1109 478 1166 eandem
505 1109 633 1167 meando
660 1109 740 1169 amni
761 1108 904 1169 Scodram
926 1107 1055 1177 demisit,
1083 1107 1296 1185 praemissisque
1349 1170 1356 1179 ,

232 1212 342 1283 nuntiis,
366 1220 398 1270 ut
417 1212 474 1271 sibi
495 1213 662 1288 appellandi
682 1214 815 1289 pratoris
836 1222 967 1289 potestas
987 1214 1078 1281 fieret,
1100 1213 1186 1288 copia
1206 1213 1295 1286 lacta,

232 1315 373 1375 monstra
394 1318 487 1385 venit3
508 1327 537 1375 et
558 1318 730 1394 principium
750 1317 892 1377 orationis
906 1318 944 1374 ab
962 1316 1147 1375 accusatione
1167 1319 1295 1377 stultitias
1321 1319 1356 1373 ¹3

232 1439 309 1477 orsus
330 1440 411 1492 sua,
432 1432 580 1499 postremo
610 1424 649 1480 ad
676 1442 776 1499 preces
802 1423 996 1496 lacrimasque
1024 1419 1148 1493 effusus,
1173 1425 1295 1498 genibus

231 1529 359 1599 pretoria
392 1528 526 1585 accidens
554 1527 584 1584 in
611 1537 785 1604 potestatem
814 1546 879 1585 sose
917 1526 1003 1585 dedit.
1054 1527 1155 1585 Primo
1185 1529 1292 1587 bonum
1321 1529 1354 1583 14

232 1632 354 1690 animum
382 1635 492 1691 habere
512 1632 626 1702 inmas,
656 1633 694 1689 ad
725 1650 826 1689 cenam
849 1633 936 1689 etiam
958 1632 1113 1702 invitatus,
1142 1632 1171 1689 in
1193 1635 1294 1691 urbem

232 1734 265 1791 ad
283 1754 354 1795 suos
375 1737 461 1795 rediit
483 1746 512 1795 et
543 1756 608 1795 cum
630 1747 755 1813 praetore
778 1756 813 1794 eo
835 1737 883 1793 die
903 1736 1061 1794 honorifice
1083 1747 1126 1793 est
1148 1738 1294 1813 epulatus;

231 1839 327 1899 deinde
352 1842 384 1899 in
412 1844 573 1901 custodiam
596 1842 630 1901 C.
653 1842 757 1901 Caesio
782 1841 899 1899 tribuno
929 1841 1050 1899 militum
1073 1843 1211 1915 traditus,
1244 1844 1295 1903 vix
1321 1847 1355 1900 15

231 1945 400 2033 gladiatorio
424 1958 554 2024 accepto,
576 1950 608 2007 X
629 1948 763 2017 talentis,
794 1949 832 2004 ab
846 1965 915 2022 rege
929 1965 992 2016 rex,
1023 1955 1054 2003 ut
1074 1946 1104 2003 in
1120 1966 1183 2005 eam
1202 1948 1294 2007 fortu-

231 2068 290 2107 nam
312 2053 482 2113 caeciderat.

306 2158 441 2228 Anicius,
453 2158 566 2217 Scodra
576 2166 703 2234 reeepta,
714 2156 786 2214 nihil
796 2156 877 2231 prius
893 2173 980 2229 quam
992 2156 1146 2230 requisitos
1158 2158 1293 2217 Petilium
1337 2152 1378 2223 32

230 2259 468 2337 Perpennamque
495 2261 609 2337 legatos
638 2263 677 2319 ad
705 2280 737 2319 se
766 2260 832 2318 duci
859 2258 952 2316 iussit.
996 2260 1108 2332 Quibus
1141 2261 1294 2337 splendore
1318 2264 1334 2319 2

231 2382 278 2421 suo
297 2368 449 2436 restituto,
472 2370 658 2442 Perpennam
680 2366 826 2439 extemplo
849 2364 938 2421 mittit
958 2365 997 2421 ad
1018 2366 1293 2440 conprehendendos

231 2470 333 2529 amicos
363 2481 563 2547 cognatosque
589 2472 682 2547 regis;
710 2471 761 2545 qui
791 2471 973 2539 Meteonem,
1001 2472 1174 2529 Labeatium
1201 2473 1295 2547 gentis
1318 2473 1335 2528 3

231 2576 334 2648 urbem,
359 2576 524 2652 profectus,
553 2577 689 2635 Etlevam
719 2594 841 2634 uxorem
873 2593 939 2632 oum
963 2575 1029 2633 filiis
1056 2576 1179 2648 duobus,
1212 2577 1296 2637 Scer-

231 2678 327 2739 dilado
343 2682 553 2757 Pleuratoque,
574 2692 604 2739 et
619 2680 827 2741 Caravantium
848 2679 969 2739 fratrem
985 2681 1126 2741 Scodram
1148 2682 1178 2739 in
1200 2691 1297 2741 castra

232 2783 358 2843 adduxit.
381 2788 512 2858 Anicius,
527 2787 604 2845 bello
615 2786 733 2863 Illyrico
744 2786 821 2843 intra
832 2786 930 2844 XXX
942 2786 1003 2843 dies
1014 2787 1152 2861 perlecto,
1163 2789 1294 2846 nuntium
1318 2790 1335 2844 4

232 2886 355 2949 victorias
369 2894 553 2968 Perpennam
568 2895 694 2951 Romam
710 2892 796 2961 misit,
817 2903 847 2949 et
867 2902 935 2968 post
956 2892 1017 2949 dies
1032 2910 1142 2967 paucos
1156 2893 1294 2953 Gentium

232 3009 321 3067 regem
346 2997 440 3072 ipsum
460 3016 525 3055 cum
548 3006 676 3073 parente,
698 2997 821 3072 coniuge
834 3016 878 3087 ‚⁸⁰
891 2997 988 3056 liberis
1007 3016 1042 3055 ac
1063 2995 1153 3054 fratre
1175 2998 1297 3073 aliisque

232 3099 404 3178 principibus
434 3103 610 3178 lllyriorum.
653 3104 721 3159 Hoc
748 3121 836 3159 unum
867 3103 974 3159 bellum
996 3103 1076 3177 prius
1097 3112 1293 3175 perpetratum
1319 3106 1334 3156 5

234 3220 314 3275 quam
346 3218 470 3281 coeptum
493 3210 596 3266 Romae
623 3206 752 3265 auditum
782 3216 834 3266 est.

310 3314 424 3387 Quibus
438 3314 540 3370 diebus
553 3315 616 3370 haee
630 3314 800 3388 agebantur,
811 3312 939 3369 Perseus
951 3329 1067 3385 quoque
1077 3311 1106 3367 in
1118 3329 1225 3385 magno
1237 3320 1295 3369 ter-

233 3431 292 3473 rore
303 3428 376 3491 erat,
387 3429 507 3494 propter
518 3419 674 3476 adventum
686 3417 771 3475 simul
781 3415 886 3475 AEmili
897 3416 966 3473 novi
978 3415 1113 3485 consulis,
1133 3435 1217 3491 quem
1229 3436 1295 3474 oum

235 3598 459 3618 Μ

236 3712 376 3763 lauretum
418 3714 460 3773 11,
481 3720 496 3761 2
515 3712 584 3762 farsa
600 3728 644 3776 spe
665 3716 748 3762 exitus
768 3714 928 3763 carbantium
947 3692 980 3763 ’3
1000 3715 1063 3765 actis
1085 3713 1159 3765 Gran.
1216 3714 1258 3775 12,
1280 3720 1292 3763 l

235 3801 322 3881 tumori
393 3808 408 3849 2
436 3815 530 3849 nauem
556 3801 647 3849 adeum
673 3798 756 3865 Siqua.
786 3799 880 3865 (Grpe.
900 3801 1000 3861 eadem)
1058 3800 1100 3861 13,
1131 3806 1142 3849 1
1172 3800 1295 3866 Praepori·
1329 3848 1343 3885 ἱ

236 3899 298 3951 donia
330 3905 362 3953 ab
390 3904 509 3967 posterior
537 3902 617 3954 littera
643 3904 724 3967 periit,
756 3903 842 3953 charta
870 3920 962 3953 sumnia
993 3902 1084 3967 oblique
1116 3902 1218 3955 desecto.
1280 3910 1295 3953 2

236 4012 299 4056 ortae
327 4007 331 4070 l
358 4022 452 4071 praeces
506 4006 554 4065 14,
583 4013 599 4055 3
626 4008 692 4056 redit
718 4008 723 4069 Ι
750 4006 898 4056 honorifica
924 4016 968 4085 est
982 4008 1107 4071 repulatae
1165 4006 1207 4066 15,
1229 4013 1240 4056 1
1263 3989 1293 4056 tr.

236 4088 266 4149 pl.
284 4096 391 4143 traditus
445 4092 561 4153 XXXII,¹
577 4092 635 4153 3,]
670 4095 744 4159 Gryu.
764 4093 918 4143 Medeonem
934 4094 938 4155 Ι
954 4094 1109 4143 labenatium
1155 4094 1295 4143 acerdilio

238 4175 305 4231 Grau.
325 4182 415 4245 (Grpe.
437 4181 573 4243 Scerdilio)
605 4181 813 4261 splenrat'roque
837 4180 842 4240 Ι
866 4180 1043 4229 coronantium
1088 4178 1113 4240 4,
1134 4185 1148 4229 2
1167 4194 1245 4229 roma
1279 4185 1295 4228 8

238 4292 353 4344 cuperent
371 4286 506 4347 coniugem
526 4299 557 4333 ac
576 4286 582 4347 Ι
604 4264 703 4346 aliaque
748 4283 773 4344 5,
793 4291 810 4331 4
828 4293 932 4348 propter
950 4268 963 4333 s
982 4286 1121 4333 aduemmn
1159 4280 1163 4343 ξ
1203 4264 1295 4345 quaem
