3475 5084
474 503 535 560 256
736 500 816 548 Liber
832 498 917 550 XLV.
967 498 1013 562 (A.
1036 512 1061 549 u.
1081 512 1103 548 u.
1125 497 1199 560 ost.)

431 689 465 742 ut
501 666 647 760 extemplo
679 702 780 759 pacem
812 683 956 756 iacerent,
989 692 1060 760 aput
1090 680 1194 742 Gallos
1226 680 1332 739 nullius
1364 678 1500 736 momenti

431 788 530 848 fuisse.

349 889 389 960 35
515 898 640 954 Romam
672 894 795 969 primum
823 912 907 970 reges
941 893 1065 969 captivi,
1093 894 1219 951 Perseus
1248 898 1278 948 et
1305 890 1445 958 Gentius,
1473 889 1501 945 in

431 998 593 1056 custodiam
616 1017 680 1056 curn
694 1000 793 1057 liberis
809 1000 935 1071 abducti,
952 1002 1017 1057 dein
1033 1000 1119 1057 turba
1140 984 1199 1055 alia
1221 997 1415 1073 captivorum,
1431 1003 1500 1064 tum,

432 1104 537 1179 quibus
558 1105 754 1161 Macedonum
777 1107 976 1163 denuntiatum
1000 1116 1076 1175 erat,
1106 1114 1139 1161 ut
1159 1106 1285 1161 Romam
1308 1101 1457 1170 venirent,
1479 1110 1503 1155 et

390 1205 408 1262 2
430 1209 591 1284 principum
608 1209 740 1270 Graeciaa.
782 1212 862 1269 Nam
884 1212 905 1268 ii
921 1230 1036 1286 qnoque
1057 1228 1115 1267 non
1135 1210 1227 1267 solum
1243 1217 1402 1284 praeseutes
1416 1204 1502 1262 exciti

430 1324 526 1382 eraut,
553 1315 606 1371 sed
634 1315 737 1384 etiam,
766 1316 791 1372 si
821 1318 871 1391 qui
897 1326 969 1393 aput
992 1334 1075 1392 reges
1098 1332 1161 1372 esse
1183 1314 1374 1384 dicebantur,
1402 1312 1503 1368 littaris

389 1418 407 1472 3
430 1418 560 1476 arcessiti
586 1430 661 1476 sunt.
704 1422 816 1479 Paulus
842 1422 906 1497 ipse
933 1430 999 1497 post
1026 1421 1087 1477 dies
1115 1438 1226 1496 paucos
1252 1419 1338 1492 regia
1360 1436 1438 1474 nave
1460 1416 1503 1481 iu-

429 1524 522 1600 gentia
538 1526 752 1600 magnitudinis,
769 1546 856 1602 qnam
872 1526 951 1583 XVI
966 1544 1067 1583 versus
1082 1532 1227 1583 remorum
1244 1525 1384 1599 agebant,
1400 1532 1503 1579 oruata

428 1630 626 1688 Macedonicis
647 1630 748 1707 spoliis
769 1650 827 1688 nou
849 1630 1004 1707 insignium
1023 1640 1134 1689 tantum
1158 1648 1316 1700 armorum,
1340 1628 1395 1685 sed
1417 1628 1502 1683 etiam

428 1734 573 1808 regiorum
603 1736 760 1807 textilium,
788 1737 912 1794 adverso
941 1718 1043 1795 Tiberi
1072 1736 1109 1792 ad
1138 1736 1238 1793 urbem
1267 1744 1312 1791 est
1336 1716 1503 1801 subuectus,

387 1840 405 1895 4
429 1841 569 1914 conpletis
595 1822 667 1916 ripis
695 1842 811 1899 obviam
845 1841 939 1899 effusa
966 1842 1155 1899 multitudine.
1198 1842 1316 1899 Paucos
1348 1848 1419 1915 post
1445 1840 1502 1895 dies

428 1945 551 2002 Anicius
574 1955 604 2002 et
625 1944 766 2004 Octavius
795 1948 888 2005 classe
917 1968 970 2005 sua
999 1948 1122 2005 advecti.
1164 1947 1273 2005 Tribus
1301 1946 1339 2003 iis
1368 1946 1502 2002 omnibus

429 2049 561 2107 decretus
592 2060 636 2108 est
664 2054 701 2109 ab
729 2064 831 2110 senatu
858 2055 1036 2129 triumphus,
1067 2036 1295 2126 mandatumque
1327 2052 1366 2125 Q.
1400 2050 1501 2109 Cassio

427 2156 553 2231 praetori,
575 2174 639 2213 cum
655 2158 776 2215 tribunis
792 2159 883 2234 plebis
899 2168 1007 2234 egeret,
1026 2180 1063 2217 ex
1084 2158 1257 2216 auctoritate
1278 2167 1400 2233 patrum
1418 2176 1502 2233 roga-

427 2262 534 2318 tionem
558 2263 595 2318 ad
616 2264 729 2338 plebem
752 2264 869 2337 ferrent,
892 2266 988 2335 utils,
1013 2284 1070 2340 quo
1093 2265 1140 2322 die
1161 2264 1262 2321 urbem
1284 2262 1501 2336 triumphantes

387 2362 638 2439 5iuveherentur,
660 2369 811 2445 imperinm
835 2368 919 2427 esset.
963 2369 1078 2427 Intacta
1099 2369 1210 2427 invidia
1230 2366 1328 2424 media
1351 2376 1439 2436 sunt;
1468 2366 1501 2422 sd

427 2488 542 2528 summa
571 2472 662 2530 ferme
691 2475 790 2535 tendit.
832 2476 897 2533 Nec
919 2476 956 2532 de
976 2475 1063 2533 Anici
1084 2493 1137 2532 nec
1164 2474 1199 2531 de
1221 2470 1328 2531 Octavi
1352 2472 1501 2545 triumpho

428 2576 589 2634 dubitatum
605 2588 661 2648 est3
682 2580 816 2651 Paulum,
832 2580 878 2638 oui
892 2581 948 2655 ipsi
960 2599 1076 2654 quoque
1088 2598 1119 2636 se
1134 2596 1296 2652 conparare
1307 2577 1501 2644 erubuissent,

387 2677 404 2733 6
427 2683 599 2740 obtrectatio
628 2685 745 2760 carpsit.
795 2686 927 2761 Antiqua
957 2684 1109 2760 disciplina
1137 2684 1241 2741 milites
1273 2664 1441 2750 habueram
1470 2680 1502 2735 de

426 2786 526 2861 praeda
547 2788 677 2862 parcius,
701 2809 788 2864 quam
811 2801 1003 2867 speraverant
1024 2810 1060 2848 ex
1081 2790 1170 2849 tantis
1191 2790 1279 2866 regiis
1301 2787 1432 2863 opibus,
1454 2787 1501 2841 de·

427 2890 509 2946 derat
529 2891 600 2948 nssril
620 2894 772 2965 relicturis,
793 2898 818 2953 si
835 2896 967 2954 aviditati
985 2896 1190 2971 indulgeretur,
1214 2894 1293 2969 qdod
1307 2894 1337 2950 iu
1361 2890 1499 2949 serarium

386 2994 402 3047 t
426 2993 560 3058 deferret.
605 2999 702 3057 Iratus
723 3002 932 3060 Macedonicus
955 2998 1097 3059 exercitus
1118 3000 1288 3076 imperatori
1305 3008 1379 3067 erat3
1405 2999 1500 3072 itaque

384 3097 402 3153 8
425 3102 604 3176 negligenter
624 3116 685 3163 erat
716 3106 868 3166 adfuturus
901 3107 1023 3165 comitiis
1050 3107 1176 3165 ferenda
1207 3105 1288 3179 legis.
1347 3102 1412 3161 Sed
1452 3119 1499 3159 eos

423 3322 537 3387 XXXV,
556 3325 583 3385 1,
605 3332 615 3375 l
639 3326 707 3377 Nam
726 3328 834 3377 Romaei
881 3328 1026 3377 2turbolia
1062 3328 1214 3378 euenirent
1231 3324 1376 3389 principum
1396 3322 1498 3384 gracia

424 3402 479 3473 My.
506 3408 595 3477 (Gryn.
615 3414 744 3474 uenirent,
769 3414 973 3479 principumque)
1020 3415 1050 3476 2,
1072 3421 1083 3463 l
1110 3430 1172 3463 uam
1195 3412 1231 3461 hii
1251 3408 1496 3475 Beklcemsrfflrya.

423 3526 482 3561 flam
501 3514 539 3576 hl)
585 3515 611 3573 3,
634 3523 645 3566 l
667 3518 837 3579 regiadnaues
881 3500 1140 3583 2romorum.supra
1157 3516 1245 3580 scripto
1265 3517 1441 3577 elornatam
1483 3518 1497 3559 4

424 3600 553 3649 sextilium
569 3601 574 3665 Ι
590 3603 622 3651 ab
641 3604 704 3651 urbe
741 3603 865 3655 beffusae
883 3608 1076 3655 multitudinem
1110 3603 1167 3665 4‚2
1187 3604 1245 3652 trib.
1264 3602 1286 3651 is
1307 3600 1434 3649 omnibus
1455 3601 1496 3647 de-

424 3687 499 3735 cretis
518 3685 622 3758 Rectenc
641 3688 740 3739 dieder:
766 3692 831 3742 Tres
855 3694 882 3742 hi
902 3709 990 3742 omues
1004 3710 1053 3757 pro
1066 3709 1101 3752 ao,
1121 3688 1188 3757 quod
1205 3699 1250 3739 estt
1268 3701 1361 3738 omnes
1379 3688 1408 3735 hi
1429 3686 1497 3735 tresl

423 3796 439 3839 8
459 3805 484 3853 q.
505 3794 586 3841 cassio
604 3778 642 3858 pr
659 3810 717 3843 oum
736 3803 767 3846 tr.
786 3797 822 3861 pl.
854 3802 871 3845 4
890 3813 922 3846 ex
935 3799 1085 3847 auctoritate
1097 3804 1216 3860 patruum
1229 3800 1318 3855 ageret
1331 3792 1496 3854 rogationem

422 3874 517 3927 Duker.
537 3882 649 3943 (patrum
672 3879 762 3947 Gryn.)
805 3888 820 3931 5
840 3882 971 3933 adferrent
989 3892 1017 3932 ut
1034 3885 1056 3936 is
1075 3898 1126 3947 quo
1145 3884 1211 3930 diem
1256 3879 1281 3939 5,
1303 3884 1315 3927 l
1338 3879 1371 3927 ab
1394 3893 1495 3929 summa

421 3963 493 4013 firme
541 3971 556 4014 3
581 3968 684 4029 paulum
709 3983 768 4017 curu
793 3970 841 4033 ipsi
856 3972 862 4033 Ι
878 3985 1018 4035 conparare
1044 3971 1192 4019 debuissent
1214 3966 1369 4015 obtrectatio
1389 3965 1495 4030 scripsit

422 4049 448 4113 6,
467 4057 482 4099 2
501 4051 579 4101 tantis
597 4055 664 4115 regit
682 4055 774 4118 opib!
799 4054 829 4115 7,
855 4062 866 4105 l
894 4065 962 4107 totus
987 4058 1165 4106 macedonicus
1189 4054 1318 4104 exercitus
1342 4052 1494 4117 imperatori

420 4137 458 4186 ita
480 4140 638 4201 negligenter
656 4140 788 4191 adiuturus
807 4142 863 4207 My.
884 4143 976 4205 (Paulo
995 4142 1065 4193 aliter
1081 4143 1148 4211 Em,
1160 4140 1221 4191 616.
1251 4138 1327 4205 ὕψη.
1348 4140 1436 4191 Totus
1463 4166 1492 4177 -

420 4223 569 4289 imperatori
588 4236 643 4276 erat
660 4229 729 4290 uegl.
748 4228 819 4279 affut.
839 4229 956 4279 Fortasse
966 4232 1066 4296 suerat:
1086 4230 1127 4280 Ob
1145 4228 1201 4277 haeo
1218 4229 1312 4291 iratus)
