3475 5084
363 1626 378 1697 1

819 1323 957 1403 Liber
998 1322 1120 1403 xlv,

917 1516 1017 1523 n—-w-

528 1636 665 1693 Victoriae
686 1635 793 1706 nuntii,
817 1636 852 1709 Q.
868 1635 978 1693 Fabius
1001 1647 1030 1692 et
1051 1636 1085 1693 L.
1099 1633 1238 1691 Lentulus
1260 1646 1289 1691 et
1311 1635 1347 1709 Q.
1361 1638 1504 1708 Metellus,

444 1753 553 1817 quanta
574 1742 668 1817 potuit
691 1742 822 1798 adhiberi
843 1740 1000 1811 festinatio,
1021 1741 1151 1799 celeriter
1173 1742 1298 1798 Romam
1321 1760 1387 1799 cum
1411 1744 1502 1800 venis·

403 1848 420 1902 2
443 1859 521 1919 sent,
544 1858 715 1922 proeceptam
738 1860 835 1904 tamen
857 1846 917 1905 eius
948 1847 990 1904 rei
1012 1847 1139 1904 laetitiam
1163 1847 1344 1907 invenerunt.
1391 1849 1502 1923 Quarto

443 1965 511 2030 post
532 1953 593 2022 die,
626 1971 714 2026 quam
736 1972 801 2011 cum
823 1972 892 2028 rege
913 1965 956 2009 est
981 1965 1154 2028 pugnatum,
1187 1970 1252 2010 cunr
1283 1953 1314 2009 in
1344 1954 1425 2011 circo
1447 1954 1502 2009 ludi

442 2060 561 2129 fierent,
583 2077 711 2114 murmur
734 2072 851 2134 repente
872 2059 972 2135 populi
992 2070 1054 2116 tota
1075 2058 1240 2133 spectacula
1262 2059 1409 2133 pervasit,
1433 2080 1502 2136 pug-

403 2173 420 2229 3
442 2173 542 2221 natum
574 2163 605 2220 in
627 2164 800 2221 Macedonia
822 2177 851 2221 et
872 2166 1014 2224 devictum
1036 2160 1133 2241 r'cgem
1155 2183 1227 2221 esse.
1273 2164 1349 2221 Dein
1372 2164 1502 2223 fremitus

443 2271 578 2342 increvit3
600 2283 747 2347 postremo
767 2270 877 2327 clamor
898 2271 1087 2347 plaususque,
1117 2270 1197 2327 velut
1218 2282 1297 2327 certo
1319 2271 1425 2328 nuntio
1449 2273 1498 2328 vie
1550 2320 1551 2369 ἢ

402 2390 419 2443 4
442 2377 523 2435 toriae
542 2377 641 2447 allato,
664 2388 708 2435 est
730 2386 857 2433 exortus.
904 2376 1006 2433 Mirari
1028 2376 1212 2451 magistratus
1235 2387 1263 2432 et
1284 2395 1417 2451 quaerere
1441 2396 1502 2434 auc·
1550 2372 1551 2389 ¹

443 2495 534 2539 torem
556 2482 712 2558 repentinae
732 2480 845 2538 laetitiae.
897 2480 954 2555 Qui
980 2492 1134 2557 postquem
1157 2481 1252 2539 nullus
1276 2494 1355 2552 erat,
1386 2484 1502 2540 evanuit
1550 2482 1551 2485 ’

444 2588 559 2663 quidem
582 2599 720 2663 tanquam
745 2594 829 2645 certae
850 2586 893 2643 rei
913 2586 1067 2661 gaudium
1102 2606 1187 2645 omen
1214 2600 1311 2644 temen
1338 2587 1442 2645 laetum
1463 2590 1505 2645 iu·

402 2706 419 2759 5
442 2693 556 2750 sidebat
577 2693 688 2749 animis.
735 2691 821 2765 Quod
851 2702 1006 2765 postquem
1035 2693 1111 2749 veris
1137 2694 1244 2750 nuntiis
1266 2694 1342 2750 Fabi
1371 2695 1505 2753 Lentuli·

441 2817 499 2872 que
520 2809 549 2855 et
569 2798 679 2855 Metelli
700 2798 824 2856 adventu
846 2798 991 2854 firmatum
1014 2810 1073 2870 est,
1102 2819 1165 2857 cum
1189 2799 1310 2856 victoria
1331 2800 1416 2875 ipsa,
1446 2813 1502 2858 turn

403 2918 419 2972 6
443 2904 565 2979 augurio
588 2904 748 2960 animorum
770 2920 888 2959 suorum
908 2902 1089 2963 laetebautur.
1146 2905 1185 2961 Et
1207 2904 1265 2961 alia
1294 2906 1422 2963 traditur
1450 2908 1505 2965 cir·

443 3010 536 3067 censis
558 3011 650 3067 turbae
670 3028 729 3065 non
751 3009 844 3067 minus
865 3009 966 3066 similis
987 3010 1048 3067 veri
1069 3010 1177 3067 laetitia.
1220 3014 1298 3069 Ante
1320 3012 1395 3069 diem
1423 3014 1505 3088 quin·

442 3128 503 3173 tum
526 3116 667 3173 decimum
688 3116 728 3176 Κ.
751 3114 904 3187 Octobres,
924 3116 1057 3173 ludorum
1072 3118 1271 3174 Romanorum
1294 3119 1425 3175 secundo
1451 3121 1505 3189 die,

442 3220 478 3284 O.
498 3222 610 3280 Licinio
632 3222 756 3292 consuli,
785 3223 823 3279 ad
845 3222 1001 3297 quadrigas
1023 3221 1177 3279 mittendas
1199 3223 1376 3294 escendenti,
1410 3226 1504 3283 tabel-

441 3327 540 3397 lerius,
564 3328 613 3402 qul
634 3347 666 3384 se
687 3347 724 3385 ex
744 3328 918 3385 Macedonia
940 3327 1037 3384 venire
1059 3326 1182 3399 diceret,
1214 3329 1360 3387 laureatae
1389 3329 1505 3388 litteras

403 3442 417 3494 7
441 3434 594 3490 reddidisse
615 3433 726 3490 dicitur.
771 3432 927 3508 Quadrigis
949 3433 1052 3503 missis,
1074 3433 1174 3491 consul
1194 3453 1308 3492 currum
1325 3437 1505 3507 conscendit,

443 3549 473 3595 et
494 3558 559 3596 curn
581 3558 634 3613 per
654 3538 761 3597 circum
783 3540 968 3597 reveheretur
998 3539 1035 3595 ad
1063 3538 1144 3596 loros
1175 3540 1323 3615 publicos,
1354 3539 1506 3601 laureatas

442 3762 463 3822 l,
491 3762 516 3822 l,
537 3767 548 3810 l
583 3760 642 3811 Tres
665 3762 740 3827 primi
765 3778 845 3811 uersus
872 3762 942 3811 rubro
972 3759 1050 3810 colore
1074 3761 1159 3825 scr-biti
1183 3770 1244 3810 sunt.
1295 3768 1309 3809 2
1333 3762 1504 3827 adhiberique

442 3856 458 3899 3
484 3858 643 3913 prosceptum¹
662 3848 765 3928 Kreyra,
794 3850 883 3913 (crya.
908 3848 1086 3912 praecerptum)
1126 3846 1151 3908 2,
1170 3855 1186 3896 4
1206 3850 1379 3898 macedoniam
1429 3848 1462 3908 3,
1489 3854 1501 3895 t

446 3954 522 4018 Grya.
541 3953 667 4002 increbuit
691 3956 696 4016 Ι
720 3953 825 4017 plausus
848 3953 921 4002 uelut
966 3951 997 4013 4,
1025 3958 1036 4002 l
1063 3948 1161 4016 qulrere
1209 3958 1224 4001 3
1250 3953 1366 4016 equidem
1383 3953 1388 4015 Ι
1404 3938 1502 4004 insirid·

444 4040 523 4091 debat
561 4040 586 4101 5,
607 4047 618 4090 l
637 4041 787 4104 lemtulique
823 4042 997 4090 tadnentum
1046 4038 1075 4098 6,
1105 4045 1160 4087 let
1178 4039 1402 4104 alilteredituscum
1423 4044 1506 4091 tensis

441 4156 533 4195 turmae
552 4160 603 4195 nou
624 4146 698 4210 Gryn.
717 4153 740 4193 et
759 4142 814 4209 My.
834 4143 905 4209 (alia)
924 4142 979 4195 Em.
998 4142 1050 4195 591
1095 4149 1109 4193 2
1128 4160 1152 4193 a.
1167 4146 1191 4193 d.
1206 4127 1223 4227 ιι
1240 4158 1267 4192 x·
1287 4146 1334 4228 (ir
1351 4146 1374 4207 i)
1392 4162 1409 4197 ιι
1428 4158 1502 4197 octo-

441 4252 527 4303 brium
546 4250 644 4302 Monet.
679 4250 765 4316 (Grya.
785 4252 818 4299 ed
835 4265 854 4297 x
872 4249 980 4301 cateno.
996 4247 1104 4310 Octob.)
1141 4258 1157 4298 4
1176 4250 1322 4299 extendenti
1346 4250 1436 4316 (Gryn.
1459 4266 1502 4300 ex·

438 4344 581 4402 accedenti)
618 4346 632 4389 5
656 4340 754 4388 litterae
770 4339 862 4387 dicitur
878 4336 964 4421 (Gran.
984 4354 1035 4386 curn
1053 4336 1158 4401 stellula)
1178 4334 1260 4403 Siyoa.
