3475 5084
514 534 593 584 Liber
609 534 693 585 XLV.
728 537 774 595 (A.
795 536 856 585 Clrr.
878 536 949 597 167.)
1169 538 1228 594 2²9

228 718 286 773 dere
305 718 357 775 Cu.
380 721 541 777 Domitium
562 724 805 793 Ahenobarbum,
826 722 889 782 Ser.
906 722 1071 780 Cornelium
1093 722 1213 782 Sullam.
1234 721 1271 779 L.

227 822 339 893 lunium,
360 826 398 881 Τ.
408 828 574 884 Numisium
588 830 837 903 Tarquiniensem,
857 832 898 887 A.
913 828 1080 885 Terentium
1096 828 1271 885 Varronem.

226 927 255 982 In
274 928 419 1005 Illyricum
446 944 543 990 autem
571 936 601 990 hi
628 934 783 1003 nominati,
810 935 846 1015 P:
867 932 966 989 AElius
983 926 1077 1007 Ligus
1104 932 1311 996 consulariat

226 1031 253 1089 C.
281 1034 424 1095 Cicereius
457 1048 486 1094 et
518 1036 572 1094 Cn.
600 1040 717 1096 Baebius
753 1038 927 1113 Tamphilus
963 1038 1022 1109 (hic
1056 1040 1153 1114 priore
1186 1058 1272 1109 auno,

225 1137 361 1198 Cicereius
381 1144 480 1200 multis
500 1155 568 1201 ante
587 1146 670 1201 annis
688 1156 795 1221 praetor
814 1144 932 1215 fuerat),
952 1144 987 1201 P.
1003 1144 1156 1201 Terentius
1170 1144 1272 1201 Tusci-

224 1246 343 1320 vicenus,
365 1250 401 1308 P.
424 1251 572 1308 Manilius.
619 1251 725 1308 lioniti
752 1251 855 1308 deiude
881 1249 1013 1305 consules
1033 1269 1053 1306 a
1071 1250 1211 1325 patribus,
1230 1258 1272 1319 ut,
1294 1257 1312 1311 5

224 1355 351 1423 qnoniam
384 1356 507 1412 alterum
542 1376 580 1414 ex
607 1357 644 1413 iis
671 1357 826 1413 succedere
856 1354 892 1413 C.
926 1354 1052 1425 Licinio,
1085 1355 1134 1429 qui
1161 1354 1273 1429 legatus

222 1460 380 1517 nominatus
401 1472 479 1531 erat,
506 1463 537 1518 in
558 1462 686 1521 Galliam
708 1470 871 1536 oporteret,
898 1461 992 1536 primo
1017 1479 1124 1535 quoque
1143 1470 1274 1535 tempore

222 1565 381 1637 provincias
401 1578 453 1623 aut
472 1580 665 1643 conpararent
684 1568 760 1624 inter
773 1585 806 1623 se
826 1578 878 1623 aut
891 1567 1069 1635 sortirentur,
1090 1565 1184 1621 sortiti
1198 1574 1272 1621 sunt.

223 1669 258 1729 ll.
278 1672 366 1728 Iunio
387 1674 465 1730 Pisas
492 1676 684 1743 obvenerunt,
705 1692 808 1748 quem,
837 1673 1005 1748 priusquam
1036 1673 1066 1727 in
1094 1672 1314 1747 provinciam6

222 1774 277 1845 iret,
297 1778 476 1853 legationes,
498 1799 563 1854 quse
583 1780 709 1853 undique
729 1781 853 1836 Romam
875 1778 1049 1852 gratulatum
1071 1786 1273 1845 convenerant,

221 1882 397 1941 introducere
430 1887 462 1942 in
495 1896 627 1942 senatum
656 1886 779 1961 placuit,
817 1883 854 1957 Q.
875 1882 957 1941 AElio
986 1880 1091 1939 Gallio.
1139 1880 1271 1939 Ceterum
1296 1893 1312 1943 7

222 2007 393 2064 quamquam
421 1992 495 2048 tales
518 1992 574 2047 viri
597 1992 789 2059 mitterentur,
818 2008 939 2064 quorum
965 1990 1001 2046 de
1023 1987 1143 2045 consilio
1164 1988 1275 2062 sperari

222 2107 314 2167 posset
333 2096 525 2172 imperatores
545 2097 618 2153 nihil
636 2098 784 2171 indignum
811 2115 866 2152 uec
886 2096 1038 2152 elementia
1057 2113 1111 2151 nec
1131 2094 1275 2169 gravitate

220 2203 315 2275 populi
329 2204 457 2261 Romani
471 2206 638 2262 decreturos
652 2221 724 2270 esse,
745 2212 843 2259 nmen
860 2202 892 2257 in
905 2211 1007 2258 senatu
1023 2219 1139 2275 quoque
1159 2200 1275 2274 agitatae

220 2318 279 2363 sunt
300 2328 422 2365 summae
443 2310 645 2370 consiliorum,
673 2318 706 2363 ut
725 2308 863 2365 inchoata
891 2308 989 2364 omnia
1009 2306 1097 2382 legati
1125 2307 1164 2363 ab
1187 2306 1274 2363 domo

219 2410 289 2470 ferre
311 2414 350 2470 ad
369 2415 560 2489 imperatores
580 2424 707 2490 possent.

299 2518 437 2577 Omnium
458 2522 583 2596 primum
609 2520 716 2575 liberos
738 2536 801 2575 asse
826 2519 962 2594 placebat
981 2519 1158 2575 Macedonas
1180 2518 1275 2591 adque
1318 2516 1357 2586 18

207 2622 347 2701 xIllyrios,
368 2635 402 2682 nt
422 2628 557 2684 omnibus
577 2626 709 2700 gentibus
730 2635 902 2700 appareret,
928 2644 1012 2682 arma
1031 2623 1131 2701 populi
1151 2624 1276 2681 Romani

220 2747 275 2785 nou
312 2730 412 2787 liberis
450 2731 634 2799 servitutem,
672 2731 723 2787 sed
759 2740 862 2787 contra
895 2730 1084 2787 servientibus
1114 2730 1277 2787 libertatem

221 2836 334 2907 offeri-e,-
361 2846 394 2892 ut
414 2846 454 2906 et,
481 2840 510 2892 ia
531 2838 654 2893 libertate
676 2846 776 2912 gentes
798 2856 862 2911 qnae
884 2846 994 2906 essent,
1020 2844 1111 2893 tutam
1136 2854 1199 2892 eam
1221 2836 1315 2898 s1bi2

220 2951 417 3016 perpetuaque
438 2943 493 2997 sub
514 2942 605 2998 tutela
625 2961 703 3013 esse,
725 2953 762 3013 et,
784 2961 849 3017 quae
868 2945 923 3000 sub
943 2943 1059 3017 regibus
1082 2942 1227 3012 viverent,
1248 2952 1277 2998 et
1362 3012 1368 3024 ²

220 3046 248 3101 in
268 3066 396 3123 praesens
423 3056 538 3121 tempus
567 3048 695 3105 mitiores
725 3066 776 3105 eos
804 3048 996 3123 iustioresque
1023 3056 1155 3121 respectu
1169 3046 1277 3121 populi

221 3154 344 3209 Romani
364 3153 473 3209 habere
493 3172 525 3210 se
546 3154 695 3211 crederent
715 3164 758 3218 et,
786 3154 945 3227 siquando
962 3153 1068 3210 bellum
1089 3170 1153 3209 cum
1167 3152 1276 3227 populo

222 3433 236 3473 2
255 3427 447 3477 hacnobarbum
463 3430 469 3490 1
484 3442 549 3489 serg.
568 3427 642 3476 Frot.
655 3425 693 3475 Il
709 3428 715 3487 Ι
730 3427 819 3508 εγΙΙφ
836 3426 896 3476 Tum
912 3425 987 3491 (ἔφη.
1005 3426 1037 3475 L.
1049 3424 1158 3484 Iunium,
1178 3424 1207 3474 C.
1224 3428 1278 3473 Au-

221 3515 318 3563 tistium
336 3516 502 3572 Labeonem,
527 3515 557 3563 T.
572 3514 730 3572 Numisium,
753 3510 792 3562 oei
813 3514 848 3563 sie
865 3522 954 3563 tuntum
977 3530 1058 3561 novem
1077 3512 1167 3576 ffectis
1184 3510 1276 3577 lequtu.

224 3599 318 3650 Nomen
336 3602 458 3651 mesura
475 3617 488 3648 e
505 3618 527 3650 c.
545 3600 589 3662 31,
611 3601 641 3649 14
656 3599 763 3663 sumpsit
782 3598 836 3649 Sed
852 3610 876 3649 et
891 3601 933 3650 ubi
948 3599 1069 3649 Lobeomb
1086 3616 1167 3649 nomm
1184 3597 1278 3648 ercide-

223 3687 544 3752 ritetquodnuraproeterea,
560 3689 670 3736 incertam
678 3696 721 3735 est.
756 3686 783 3747 4,
795 3693 807 3735 l
818 3689 954 3751 inlyricum
971 3688 976 3749 Ι
990 3688 1047 3751 pel.
1056 3688 1124 3749 ligus
1166 3693 1217 3751 lp.
1227 3688 1279 3736 bar·

222 3792 404 3855 biuspamfilus
415 3790 499 3856 Siqoa
526 3798 542 3839 :t
561 3790 609 3852 (Η.
618 3772 807 3841 tusciueiitanua
819 3791 893 3857 (ἶφι
907 3774 1117 3854 lasciveicanus)
1136 3792 1160 3852 5,
1172 3799 1186 3841 2
1197 3808 1230 3841 ex
1238 3793 1279 3842 bis

223 3877 278 3942 My.
306 3880 485 3928 auominatos
502 3880 507 3939 Ι
522 3888 624 3941 oportet
657 3881 740 3942 primo
757 3887 871 3944 tempore
906 3879 931 3939 6,
950 3886 965 3928 2
984 3888 1157 3929 conuenerunt
1173 3878 1278 3929 Duas

223 3981 247 4027 q.
266 3967 322 4015 alio
345 3976 458 4016 ceterum
499 3965 523 4025 7,
542 3973 559 4013 4
581 3967 688 4028 agitalte
704 3973 763 4015 suut
780 3981 881 4015 summa
899 3964 954 4031 My.
974 3965 1032 4015 Em.
1046 3964 1101 4016 598
1118 3965 1206 4032 (Gryu
1225 3967 1280 4029 agi·

222 4060 277 4099 teta
293 4062 330 4103 est
346 4053 458 4117 summa)
494 4058 634 4116 bpossunt
666 4053 769 4112 xvl11‚
782 4051 839 4111 1,s
859 4062 883 4102 et
898 4052 924 4112 2,
945 4060 956 4103 l
976 4053 1120 4103 libertatem
1139 4062 1227 4114 gentes
1263 4059 1278 4102 2

222 4147 421 4205 perpetuamque
440 4139 496 4204 Mq.
510 4138 566 4187 Em.
577 4137 633 4194 ,599
652 4157 675 4187 u.
696 4137 795 4204 (Siqua.
813 4154 1012 4204 perpetuamque
1030 4142 1077 4190 sub
1095 4140 1176 4189 tutela
1193 4142 1280 4205 populi

222 4226 332 4275 Romani
351 4227 423 4290 esse)
459 4234 476 4274 4
495 4228 627 4275 crederent
644 4242 689 4275 om.
712 4224 787 4291 Grya
809 4227 861 4289 leo
880 4228 902 4276 si
