3475 5084
445 512 463 573 4
720 502 801 554 Liber
816 501 889 556 XLI.
925 501 972 565 (Δ.
991 515 1017 554 n.
1037 515 1060 552 o.
1080 500 1152 564 ota).

361 691 379 745 ‘l
402 690 476 750 dites
496 706 595 747 seeum
615 689 646 746 in
668 706 759 763 equos
776 689 889 746 tollant.
925 687 1084 764 Egregium
1105 685 1228 762 gloriam
1250 684 1373 761 legionis
1394 684 1472 758 fore,

402 795 562 864 si'oustru,
593 801 671 850 metu
700 793 932 850 secundanorum
955 793 1078 862 amissa,
1107 809 1162 848 sua
1187 790 1294 849 virtute
1311 791 1471 866 recipiant3

403 909 433 959 et
452 899 543 975 recipi
565 897 652 956 facile
673 916 752 969 esse,
779 897 855 984 siin
876 899 975 976 prada
999 896 1133 972 occupati
1157 894 1274 952 barbari
1294 896 1391 954 subito
1417 915 1472 972 op·

363 1005 381 1062 8
403 1005 579 1082 primantur3
601 1001 676 1060 sicut
696 1001 834 1077 ceperint,
855 1022 943 1078 posse
966 1002 1040 1078 oapi.
1077 1001 1199 1061 Summa
1221 999 1342 1058 militum
1365 1002 1473 1059 alaeri-

402 1119 464 1168 tate
484 1108 650 1166 adhortatio
678 1108 779 1166 audita
809 1117 868 1179 est;
899 1107 996 1165 ierunt
1016 1107 1097 1165 nitati
1117 1109 1212 1182 signa,
1234 1125 1288 1164 neo
1312 1106 1473 1181 signiferos

404 1214 510 1273 armati
531 1221 691 1272 morantur.
728 1214 848 1270 Priores
869 1223 967 1271 tamen
982 1211 1083 1270 oonsul
1099 1213 1257 1287 supinaque,
1280 1230 1345 1286 qua
1360 1231 1379 1269 a
1394 1212 1473 1270 mari
1574 1271 1575 1306 ,

362 1319 382 1376 9
403 1320 625 1387 reducebantur,
647 1316 684 1373 ad
706 1317 814 1374 vallum
838 1328 1031 1378 secesserunt.
1085 1317 1120 1378 L.
1142 1317 1239 1385 Atius,
1255 1317 1388 1374 tribunus
1411 1317 1473 1392 pri·

403 1443 468 1483 mus
482 1422 615 1482 secundos
629 1421 761 1496 legionis,
776 1440 835 1480 non
849 1423 1023 1481 hortabatur
1039 1421 1126 1478 modo
1141 1421 1255 1491 milites,
1277 1423 1329 1480 sed
1346 1422 1475 1480 docebat

344 1531 381 1588 tu
404 1529 501 1599 stiam,
523 1528 549 1586 si
569 1527 693 1586 victores
715 1526 819 1598 Histri,
841 1527 946 1602 quibus
968 1527 1056 1584 armis
1076 1527 1219 1602 cepissent
1240 1536 1346 1595 rastra,
1366 1527 1474 1585 iisdem

403 1642 491 1709 napta
505 1632 629 1690 retinere
643 1632 672 1690 in
687 1632 785 1690 animo
799 1633 948 1700 haberent,
965 1632 1090 1707 primum
1105 1643 1223 1690 exutum
1240 1632 1342 1690 sustris
1357 1632 1474 1689 hostem

404 1739 443 1796 ad
464 1756 545 1793 mare
566 1748 768 1811 persecuturos
789 1736 894 1806 fuisse,
922 1737 1025 1794 deinde
1047 1738 1188 1794 stationes
1210 1747 1288 1794 certe
1316 1755 1370 1810 pro
1392 1736 1474 1794 vallo

404 1841 571 1910 habituros3
592 1843 662 1899 vino
684 1860 845 1917 somnoque
864 1842 928 1900 veri
949 1842 1042 1899 simila
1067 1860 1130 1900 esse
1152 1860 1263 1899 mersos
1286 1842 1391 1900 iacere.

319 1944 343 2016 4
489 1946 550 2006 Sub
578 1947 640 2004 hae
661 1949 700 2004 A.
724 1947 939 2016 Boeoulonium,
973 1945 1141 2022 signiferum
1167 1964 1268 2017 suum,
1301 1957 1377 2004 notae
1410 1946 1474 2004 for·

364 2055 382 2112 2
405 2051 534 2110 titudinis
554 2051 664 2120 virum,
692 2049 800 2108 inferre
823 2052 937 2126 signum
958 2051 1051 2109 iussit.
1096 2052 1165 2121 Ille,
1187 2052 1300 2126 signnm
1324 2053 1349 2109 si
1367 2071 1474 2128 seque-

404 2167 514 2228 rentur,
536 2176 595 2231 quo
617 2156 739 2214 celerius
761 2157 861 2226 fieret,
889 2154 1033 2214 facturum
1056 2158 1144 2228 dixit3
1174 2158 1383 2232 connixusqne,
1405 2176 1472 2216 oum

404 2271 486 2322 tram
503 2263 612 2320 vallum
628 2261 741 2336 signum
756 2259 925 2330 traiecisset,
940 2261 1051 2336 primus
1066 2263 1194 2320 omnium
1210 2273 1325 2338 portam
1341 2263 1473 2320 intravit.

365 2371 382 2430 3
405 2369 550 2443 Etpasto
571 2367 631 2424 alia
652 2367 690 2426 Τ.
713 2374 742 2424 et
763 2363 797 2422 0.
820 2365 912 2436 AElii,
943 2366 1051 2424 tribuni
1078 2367 1200 2424 militum
1223 2369 1314 2426 tertia
1340 2368 1474 2442 legionis,

406 2491 471 2534 oum
499 2473 630 2547 equitatu
659 2471 824 2529 adveniunt.
878 2470 1039 2530 Confestim
1061 2482 1107 2543 et,
1136 2491 1209 2547 quos
1232 2473 1315 2530 binos
1337 2472 1474 2530 oneraria
1576 2491 1577 2508 ¹

405 2579 436 2637 in
463 2579 592 2636 iumenta
619 2579 836 2654 imposuerant,
857 2577 965 2647 secuti,
996 2586 1025 2635 et
1050 2578 1151 2635 oonsnl
1173 2595 1237 2635 oum
1262 2571 1325 2635 toto
1346 2577 1473 2651 agmine.

365 2695 384 2749 4
406 2686 449 2744 At
465 2685 632 2742 Histrorum
655 2681 751 2758 pauci,
773 2682 823 2756 qui
845 2682 959 2739 modice
978 2683 1047 2739 vino
1064 2683 1109 2738 usi
1130 2690 1222 2752 erant,
1245 2701 1387 2740 memores
1408 2681 1474 2740 fue-

405 2799 473 2848 runt
493 2789 584 2864 fugam
614 2787 678 2844 aliis
706 2804 809 2844 somno
841 2803 920 2843 mors
948 2786 1116 2862 continuata
1138 2796 1195 2856 est;
1225 2787 1397 2861 integraque
1417 2803 1474 2842 sua

406 2893 506 2954 omnia
521 2893 658 2962 Romani,
678 2901 871 2968 praeterquam
891 2890 970 2964 quod
987 2891 1046 2948 vini
1061 2891 1175 2965 cibique
1190 2892 1375 2966 absumptum
1399 2898 1473 2961 erat,
1577 2961 1578 2968 ἵ

365 3003 383 3058 5
406 3007 586 3075 receperunt.
629 2998 718 3073 AEgri
736 3015 852 3071 quoque
868 2995 982 3065 milites,
1005 2995 1100 3070 quiin
1119 2997 1223 3054 eastris
1235 2994 1327 3054 relicti
1346 2993 1473 3067 fuerant,

407 3113 565 3180 postquam
585 3103 662 3160 intra
683 3102 792 3160 vallum
814 3119 883 3158 suos
905 3109 1071 3169 senserunt,
1102 3102 1189 3158 armis
1219 3101 1342 3176 arreptis
1363 3102 1473 3158 oaedem

366 3215 384 3271 6
406 3209 552 3285 ingentem
573 3208 712 3267 fecerunt.
764 3209 843 3266 Ante
864 3223 966 3263 omnes
987 3206 1108 3280 insignis
1129 3225 1219 3281 opera
1240 3206 1296 3263 fuit
1317 3205 1351 3266 C.
1374 3207 1473 3282 Popili

406 3315 528 3390 equitis;
549 3312 668 3373 Sabello
687 3330 847 3388 cognomen
860 3320 933 3372 erat.
966 3313 1006 3379 Is,
1024 3311 1099 3387 pede
1115 3311 1215 3369 saucio
1235 3312 1362 3381 relictus,
1384 3312 1473 3389 longe

365 3429 382 3482 7
404 3420 545 3498 plurimos
568 3419 695 3478 hostium
717 3418 831 3476 oceidit.
866 3419 918 3475 Ad
936 3427 1002 3475 osto
1027 3417 1106 3475 milia
1120 3417 1287 3476 Histrorum
1302 3426 1370 3474 sunt
1386 3436 1473 3489 oaesa,

405 3534 508 3601 eaptus
530 3543 631 3594 nemo,
661 3524 731 3598 quia
752 3524 798 3580 ira
828 3531 856 3580 st
880 3523 1040 3598 indignatio
1061 3521 1245 3580 immemores
1267 3523 1372 3597 praedae
1393 3522 1472 3580 ferit.

405 3633 471 3690 Rex
491 3640 589 3688 tomen
610 3629 777 3687 Histrorum
800 3628 972 3685 temulentus
1001 3647 1038 3690 ex
1059 3626 1211 3696 convivio,
1239 3627 1346 3702 raptim
1371 3646 1390 3685 a
1410 3628 1472 3686 suis

366 3749 383 3806 8
405 3737 436 3794 in
458 3752 563 3810 equum
585 3735 747 3809 impositus,
768 3732 851 3808 fugit.
886 3734 934 3791 Ex
954 3733 1113 3791 victoribus
1131 3730 1345 3790 ccxxxvss
1366 3732 1471 3790 milites

406 3838 562 3916 perierunt,
583 3838 680 3913 plnres
701 3839 731 3896 in
754 3839 897 3896 matutina
918 3837 989 3914 fuga
1009 3857 1095 3913 quam
1118 3837 1147 3893 in
1166 3835 1337 3911 recipiendis
1357 3837 1471 3894 castris.

405 4123 453 4186 1v,
471 4124 497 4184 2,
515 4129 526 4173 l
547 4123 609 4184 Ille,
628 4123 650 4172 si
668 4137 746 4172 unum
765 4137 792 4173 aa
811 4135 909 4185 sequor.
936 4119 1068 4170 lucrosius.
1098 4119 1158 4181 3‚s
1184 4117 1264 4169 Verbo
1281 4123 1307 4168 st
1326 4119 1417 4167 oonsul
1436 4153 1443 4168 .
1465 4153 1471 4168 .

405 4211 509 4275 omnine
526 4219 641 4275 conupto
657 4208 767 4260 uidentur
785 4209 826 4273 (at
844 4208 948 4257 relisum
968 4206 1095 4271 agmenl)
1134 4204 1161 4267 4,
1183 4211 1194 4255 1
1216 4205 1301 4254 vinosi
1320 4211 1392 4253 orant
1413 4203 1471 4270 My.

408 4297 535 4362 [merant
553 4296 664 4348 Medius.
