3475 5084
444 550 480 603 74
860 544 991 595 Periocha

401 741 530 791 exercitur
548 742 601 806 tui,
626 757 690 805 quur
715 742 825 806 corrupti
843 757 859 791 n
876 742 982 800 Fulvio,
1001 742 1038 791 M.
1061 741 1165 791 Antonii
1183 755 1271 799 uxore,
1297 740 1390 788 milites
1406 740 1450 787 otl-

400 850 489 886 rertut
506 836 684 898 imperatorem
703 850 777 883 tuum
795 836 1003 896 concitaverant,
1031 849 1087 883 cnut
1112 833 1185 895 greti
1203 832 1315 898 periculo
1336 831 1449 880 inhibuit.

400 926 431 976 L.
453 928 579 975 Antonine
597 940 662 988 eon,
683 924 720 975 ll.
739 928 846 975 Antonii
864 926 951 985 freter,
970 928 1059 976 eudem
1077 927 1168 975 Fulvio
1189 926 1339 976 consiliante
1357 923 1451 971 bellum

402 1017 497 1067 Catari
514 1018 614 1077 intulit,
640 1019 748 1082 receptis
766 1020 793 1066 ln
811 1030 895 1082 portet
914 1035 973 1069 tuot
992 1019 1108 1083 pepulit,
1127 1033 1233 1080 qnorum
1253 1018 1309 1080 egri
1328 1017 1452 1065 veteranio

400 1111 522 1173 mignnti
537 1119 616 1169 erent,
640 1120 666 1159 et
679 1110 714 1160 tt.
728 1112 836 1175 Lepido,
854 1114 897 1173 qui
916 1113 1037 1161 custodia
1051 1112 1121 1160 urbis
1137 1126 1193 1159 cnm
1205 1110 1321 1159 exercitu
1338 1116 1452 1173 proteret,

399 1202 466 1262 Into,
484 1203 611 1290 hontlbter
628 1203 655 1251 in
673 1203 761 1251 urbem
778 1204 875 1266 irrupit.

785 1361 835 1411 EX
851 1362 920 1411 LlB.
940 1360 1063 1413 CXXVI.

466 1472 555 1523 cesar
578 1489 655 1537 quum
674 1484 741 1524 cenet
757 1491 881 1525 annornm
900 1474 1005 1535 XXIII,
1034 1477 1164 1525 obtensum
1187 1476 1213 1523 in
1234 1474 1330 1537 oppido
1347 1472 1454 1521 Pernnit

396 1567 426 1619 L.
441 1569 580 1615 Antonium
599 1577 769 1631 conctumque
786 1568 921 1631 aliquoties
940 1583 1070 1632 erumpere
1089 1577 1114 1618 et
1133 1567 1261 1631 repulsum
1282 1566 1351 1615 lame
1370 1566 1454 1628 coegit

395 1660 422 1707 in
441 1660 595 1708 deditionem
613 1662 705 1719 venire,
724 1660 821 1724 ipniqne
840 1669 866 1709 et
884 1661 1001 1709 omuibus
1019 1662 1141 1709 militibus
1165 1660 1218 1709 eius
1236 1660 1344 1721 ignovit,
1372 1658 1453 1707 Pem-

396 1754 460 1813 tium
478 1752 567 1810 diruit,
595 1753 754 1814 reductisque
777 1755 805 1801 iu
828 1764 979 1816 potestatem
1004 1769 1074 1803 uuum
1098 1754 1215 1802 omnibus
1239 1753 1349 1801 divertet
1372 1751 1452 1815 pettit

396 1845 557 1904 exercitibus,
574 1844 671 1893 bellum
689 1846 753 1895 citro
769 1846 849 1895 ullum
867 1848 1020 1909 sanguinem
1039 1845 1156 1895 coniecit.
1270 1830 1272 1835 ¹

774 2003 823 2052 EX
840 2006 909 2056 LIB.
930 2005 1064 2057 CXXVII.

466 2120 555 2170 Parthi
567 2118 692 2176 Labieno,
711 2121 752 2183 qni
763 2120 975 2184 Pompeianarum
989 2123 1099 2185 partium
1118 2121 1207 2180 iuerat,
1227 2122 1291 2169 duee
1309 2120 1336 2167 in
1348 2117 1450 2181 Syrium

394 2215 539 2277 irruperunt
556 2214 673 2273 victoque
692 2213 800 2261 Decidio
819 2213 898 2271 Saxa,
922 2215 959 2263 tt.
980 2216 1084 2264 Antonii
1103 2217 1198 2277 legato,
1216 2223 1296 2264 totum
1315 2226 1370 2259 eum
1391 2224 1450 2273 pro-

393 2305 503 2352 vinciam
523 2314 718 2366 occupaverunt.
756 2306 793 2357 M.
814 2302 941 2354 Antonius
959 2320 1036 2369 quum
1054 2308 1087 2355 ud
1106 2306 1201 2355 bellum
1221 2306 1344 2354 adversus
1363 2301 1449 2351 Caeeu-

394 2412 447 2445 rem
467 2397 604 2458 gerendum
630 2397 779 2445 incitaretur
801 2398 832 2445 ub
859 2413 939 2447 uxore
957 2398 1047 2447 Fulvia
1065 2423 1077 2447 ι
1092 2422 1104 2445 ι
1127 2413 1160 2447 ne
1184 2398 1327 2446 concordiae
1354 2397 1447 2444 ducum

393 2490 517 2548 obeturet,
535 2502 598 2552 pace
616 2486 686 2536 facte
704 2502 760 2536 enm
780 2486 892 2548 (lesere,
912 2484 1024 2539 sororem
1043 2492 1096 2539 eius
1116 2490 1250 2539 Octavium
1271 2492 1297 2538 in
1317 2489 1449 2537 matrimo-

392 2582 461 2631 nium
472 2582 552 2629 duxit.
590 2578 620 2638 Q.
632 2579 805 2628 Salvidienum
823 2582 931 2631 concilia
949 2582 1047 2631 nelarie
1058 2586 1178 2632 adversus
1190 2583 1315 2632 Censorem
1330 2580 1449 2627 molitum

391 2673 488 2721 indicio
504 2688 551 2721 tuo
570 2672 701 2735 protraxit,
720 2674 792 2735 isque
809 2676 944 2725 damnatur
963 2686 1068 2725 mortem
1089 2676 1218 2724 conscivit.
1255 2675 1285 2723 P.
1301 2672 1448 2729 Ventidius,

391 2764 498 2813 Antonii
516 2763 630 2828 legetue,
655 2765 764 2813 Parthos
788 2767 878 2828 proelio
896 2767 975 2815 victos
995 2769 1070 2830 Syria
1088 2770 1198 2832 expulit,
1224 2768 1339 2818 Labieno
1359 2779 1448 2813 eornm

392 2857 457 2905 duee
487 2856 579 2904 occino.
629 2853 713 2913 Quum
741 2858 840 2908 vicinus
861 2859 942 2907 ltuliae
971 2860 1051 2909 hostie
1081 2862 1140 2911 Sex,
1167 2860 1307 2925 Pompeius
1332 2857 1448 2907 Siciliam

391 2956 490 2997 teneret
498 2956 523 2996 et
532 2949 710 2996 commercium
721 2963 827 2997 nunonae
839 2951 981 3015 impediret,
991 2954 1086 3017 populo
1094 2955 1240 3017 pontnlunte
1250 2968 1308 3001 cnm
1318 2966 1348 2999 eo
1356 2965 1448 3014 pacem

394 3040 480 3090 Caeuur
497 3049 523 3089 et
539 3041 669 3091 Antonius
687 3041 803 3090 iecerunt
820 3043 864 3103 ite,
883 3052 911 3091 nt
923 3043 1037 3093 Siciliam
1055 3047 1212 3110 provinciam
1230 3046 1344 3093 heberet.
1377 3042 1448 3090 Pre-

391 3140 462 3182 tereu
479 3142 563 3181 motus
581 3131 677 3183 Airicae
696 3143 721 3181 et
739 3134 808 3182 bellu
825 3136 861 3183 ibi
883 3145 956 3198 gestu
974 3141 1095 3187 continet

716 3311 718 3316 ·
767 3296 815 3344 EX
834 3297 901 3350 LIB.
920 3297 1069 3353 CXXVIII.

460 3404 544 3466 Quum
571 3408 631 3459 Sex,
649 3409 788 3474 Pompeius
817 3426 904 3461 rursus
926 3413 1067 3463 latrociniis
1092 3430 1161 3463 mure
1186 3412 1304 3463 infestum
1329 3410 1446 3459 redderet

390 3512 438 3547 nee
454 3515 552 3563 penem,
571 3516 648 3564 quum
666 3511 806 3565 acceperet,
824 3513 964 3566 proestetet,
985 3506 1078 3569 Censor,
1095 3506 1238 3555 necessario
1251 3507 1373 3553 advertus
1387 3517 1445 3551 eum

389 3589 459 3639 bello
475 3602 601 3654 suscepto,
617 3594 731 3658 luobus
750 3594 882 3645 navalibus
900 3597 995 3661 proeliie
1018 3615 1075 3647 cum
1095 3600 1173 3648 dubio
1196 3606 1286 3647 eventu
1309 3596 1444 3661 pugnavit.

388 3682 420 3731 P.
430 3682 574 3745 Ventidius,
593 3684 691 3745 legatus
709 3684 744 3734 M.
760 3686 876 3749 Antonii,
895 3689 1004 3740 Parthos
1022 3691 1048 3738 in
1068 3692 1142 3755 Syrio
1159 3691 1249 3755 proelio
1268 3690 1327 3737 vicit
1344 3703 1445 3750 regem-

390 3789 439 3837 que
466 3790 554 3825 eorum
580 3775 682 3825 occidit.
724 3776 803 3825 Iudaei
829 3795 931 3843 qnoque
958 3798 974 3831 u
999 3783 1090 3846 legatis
1116 3784 1224 3832 Antonii
1252 3782 1351 3831 enbucti
1375 3786 1442 3829 sunt.

389 3867 516 3918 Prteteren
534 3870 595 3918 belli
614 3878 762 3933 apparatum
781 3872 902 3920 continet.
1107 3864 1111 3873 ’

776 4030 825 4081 EX
843 4032 909 4081 LIB.
929 4030 1050 4084 CXXIX.

457 4141 588 4193 Adversus
615 4144 675 4195 Sex.
700 4145 850 4209 Pompeium
878 4147 946 4197 vario
976 4159 1067 4197 eventu
1096 4150 1230 4198 novalibus
1254 4148 1348 4213 proeliin
1376 4161 1441 4219 pug-

387 4240 475 4283 netum
500 4244 540 4285 ent
564 4239 610 4297 ito,
638 4247 666 4286 ut
691 4253 724 4287 ex
746 4240 845 4288 duabus
865 4240 972 4289 Coeeerin
1000 4241 1124 4290 classibus
1142 4241 1237 4306 ultera,
1266 4242 1306 4289 cui
1328 4241 1442 4303 Agrippa

387 4337 505 4389 proecrnt,
537 4330 661 4391 vinceret,
693 4332 786 4390 altera,
817 4346 894 4394 quern
913 4332 999 4383 Oaesnr
1016 4335 1133 4393 duxerat,
1162 4336 1253 4394 delete,
1284 4335 1391 4397 expositi
1414 4334 1439 4380 in
