3475 5084
473 499 530 557 142
755 493 834 545 atter
849 492 948 545 mn.
986 492 1031 556 (A.
1051 508 1077 545 n.
1097 508 1121 545 o.
1141 492 1216 557 ast.)

346 676 385 747 21
514 679 550 736 L.
572 675 697 750 Coelius,
717 678 795 754 legat
950 696 1021 749 nus,
1041 687 1166 757 praerat
1190 677 1325 755 illyrium
1353 676 1413 751 qui,
1434 694 1493 732 mo-

430 784 494 842 rari
513 802 573 841 non
593 799 698 853 aneos,
718 800 784 841 enm
805 784 836 841 in
857 784 893 842 iis
913 785 985 843 loeis
1005 802 1059 843 rex
1080 793 1173 855 esset,
1195 792 1262 860 post
1282 780 1492 857 profectionem

431 890 549 947 demum
581 887 643 945 eius
670 896 793 945 oonatns
817 888 848 946 in
869 890 1003 947 Penestis
1025 892 1174 951 Uscanam
1196 888 1345 963 recipere,
1379 904 1399 941 a
1421 904 1494 961 pras-

360 1055 365 1068 ,
430 994 523 1063 sidio,
555 992 634 1067 qnod
661 991 703 1049 ibi
723 992 918 1051 Macedonum
942 1003 1021 1066 erat,
1053 1013 1118 1053 enm
1141 994 1239 1053 multis
1259 990 1431 1050 volneribus
1452 1008 1494 1047 ro·

389 1103 406 1158 2
431 1098 542 1175 pulsus,
563 1096 745 1173 Lychnidum
767 1099 868 1174 copias
889 1100 1014 1162 reduxit.
1056 1101 1130 1157 Inde
1152 1108 1218 1175 post
1239 1098 1302 1155 dieu
1324 1112 1437 1171 paucos
1457 1095 1495 1151 M.

433 1202 611 1261 Trebellium
635 1202 841 1277 Fregellanum
874 1224 938 1263 eum
971 1206 1044 1263 satis
1064 1204 1165 1263 valido
1189 1222 1276 1261 mann
1305 1204 1335 1257 r'n
1357 1201 1495 1257 Penestas

433 1308 512 1366 misit
533 1308 571 1365 arl
590 1307 708 1365 obsides
735 1308 773 1364 ob
800 1308 837 1365 iis
868 1310 1005 1381 urbibus,
1031 1328 1098 1385 qno
1129 1310 1159 1366 in
1187 1307 1316 1365 amicitia
1346 1324 1412 1363 cnm
1442 1303 1496 1360 fide

393 1419 410 1474 3
434 1422 672 1490 permanserant,
699 1413 893 1489 accipiendos.
941 1416 1105 1473 Procedere
1126 1414 1213 1471 etiam
1235 1413 1266 1469 in
1286 1412 1448 1470 Parthinos
1469 1408 1496 1477 (ii

432 1534 550 1593 quoque
570 1517 687 1575 obsides
707 1517 779 1575 dare
800 1519 983 1595 pepigerant)
992 1519 1083 1578 iussit.
1116 1520 1166 1576 Ab
1188 1526 1313 1591 utreque
1330 1524 1418 1591 gente
1439 1515 1497 1571 sine

432 1622 556 1679 tumultu
578 1622 683 1697 exegit.
718 1623 909 1682 Penestarum
935 1625 1045 1699 equites
1065 1622 1270 1698 Apolloniam,
1289 1621 1495 1679 Parthinorum

434 1726 629 1802 Dyrrachium
669 1731 742 1795 (tum
775 1725 932 1800 Epidamni
974 1729 1070 1803 magis
1098 1727 1211 1785 celebre
1241 1744 1352 1783 nomen
1389 1724 1497 1785 Graecis

393 1834 411 1887 4
434 1835 511 1902 arat)
535 1830 624 1888 missi.
672 1833 732 1905 Ap.
754 1828 911 1904 Claudius,
944 1844 1093 1909 aeoeptam
1115 1833 1146 1889 in
1170 1832 1287 1909 lllyrieo
1310 1830 1496 1906 ignominiam

434 1934 579 2009 corrigere
597 1934 734 2010 cupiens,
755 1936 936 2009 Phanotam,
958 1938 1041 2014 Elpiri
1063 1936 1222 2006 castellum,
1244 1937 1366 1993 udonus
1388 1952 1497 2011 oppug-

433 2059 506 2097 nare
526 2049 579 2100 est.
609 2039 731 2097 Auxilia
742 2038 896 2100 Chaonum
908 2043 1197 2117 Thesprotorumque
1217 2042 1497 2116 praeterRomnnnm

395 2150 412 2203 5
436 2143 610 2215 exereitum,
645 2145 683 2202 ari
712 2146 759 2202 VI
789 2146 868 2203 milia
902 2148 1067 2219 hominum,
1099 2164 1197 2205 seeum
1231 2145 1371 2215 adduxit3
1407 2161 1498 2218 neque

433 2250 674 2325 operaepretium
695 2248 779 2320 feeit,
802 2248 914 2323 Cleua,
937 2252 987 2327 qui
1007 2253 1125 2311 relictus
1144 2270 1164 2309 e
1187 2251 1298 2309 Perseo
1320 2259 1401 2321 erat,
1435 2268 1497 2307 enm

433 2353 533 2411 valido
560 2355 696 2429 presidio
723 2354 904 2415 defendente.
950 2358 990 2415 Et
1011 2359 1154 2426 Perseus,
1181 2356 1324 2414 Elimeam
1352 2354 1498 2432 profectos

435 2467 464 2515 et
485 2457 565 2515 eirea
587 2477 651 2517 eam
680 2462 809 2519 exercito
830 2463 969 2534 lustrato,
999 2464 1037 2520 ad
1062 2462 1207 2531 Stratum,
1233 2460 1409 2518 vorantibus
1429 2460 1497 2535 Epi-

394 2562 518 2633 emus,
540 2563 628 2621 suet.
673 2565 790 2625 stratus
804 2568 991 2626 rotonum
1012 2578 1073 2625 tum
1096 2568 1167 2625 urse
1188 2566 1309 2624 marre
1330 2575 1404 2622 erar.
1437 2542 1512 2623 εἰη·

435 2678 480 2725 eet
501 2686 591 2743 anper
610 2670 800 2729 Ambracium
823 2671 937 2743 sinnm,
964 2690 1056 2748 prope
1077 2690 1192 2731 amnem
1221 2672 1375 2729 Inachum.
1425 2669 1497 2727 Cum

436 2773 536 2831 denam
558 2772 674 2831 milibus
694 2769 822 2849 peditum
846 2794 881 2833 eo
903 2774 1051 2852 profectus
1072 2786 1116 2835 ast
1137 2786 1166 2835 et
1187 2776 1334 2852 equitibus
1356 2774 1498 2841 trecentis,

437 2896 512 2951 quos
532 2877 686 2953 panciores
706 2890 827 2955 propter
849 2882 1000 2956 augustias
1021 2882 1134 2939 riarum
1152 2890 1182 2939 et
1199 2882 1386 2957 asperitatem
1410 2880 1499 2937 duxit

437 3183 513 3244 XXI,
531 3184 556 3244 1,
579 3190 590 3233 l
610 3181 713 3248 illyrico
747 3182 801 3231 tin
817 3184 840 3232 is
854 3180 861 3250 Ι
876 3198 923 3233 rex
940 3197 992 3232 non
1004 3190 1072 3235 esset
1107 3181 1244 3247 trepulsis
1264 3176 1499 3247 hlyeidumfflrya

437 3287 592 3351 Lyonidum)
629 3287 655 3347 2,
675 3293 690 3336 2
710 3271 871 3336 trebelliaum
887 3287 891 3354 Ι
905 3300 983 3335 manu
1000 3286 1136 3350 pruneistss
1172 3284 1350 3349 shisKreyss.
1368 3284 1499 3346 taminiam

437 3372 463 3432 3,
481 3379 492 3422 1
513 3376 629 3437 pertines
664 3373 731 3423 Duo
748 3382 826 3423 tomen
843 3380 952 3422 anemo
969 3370 1052 3421 littero
1070 3370 1118 3437 leyi
1143 3387 1189 3420 non
1204 3380 1313 3435 possunt.
1330 3373 1335 3433 Ι
1350 3372 1383 3420 iis
1397 3368 1500 3435 ‘qnoque

437 3460 542 3521 sexigi
563 3458 638 3510 Gron.
654 3458 661 3525 Ι
675 3467 840 3523 pennatorum
866 3458 964 3521 equites
992 3456 1084 3523 (Gryn.
1102 3457 1272 3508 Penestarum
1290 3458 1402 3507 obsides.
1438 3456 1500 3506 Pau

438 3562 528 3626 equites
542 3579 590 3627 pro
608 3560 728 3612 oheidrhno
737 3543 1060 3628 saissasspart'yionorum
1100 3562 1306 3625 ldyrrseinmt
1322 3576 1398 3611 omen
1443 3559 1499 3620 4,2

437 3666 578 3730 phalunom
604 3664 694 3733 (Grpu.
714 3664 872 3729 Phanotam)
887 3664 892 3732 Ι
908 3666 1051 3729 oppugnari
1070 3673 1110 3715 est
1128 3664 1184 3729 My.
1202 3664 1259 3715 Em.
1279 3663 1345 3724 215,
1372 3664 1414 3714 nbi
1427 3680 1501 3729 prove

436 3768 573 3816 expressam
591 3761 626 3801 est
643 3753 758 3803 adorsus.
793 3751 885 3818 (Gryn.
906 3765 1064 3817 oppugnare,
1083 3759 1109 3801 ot
1127 3751 1204 3815 anx.)
1236 3752 1388 3801 Sthounum
1405 3757 1500 3815 tespro·

440 3848 575 3902 torumque
594 3837 650 3903 Mn.
682 3838 771 3905 (Gryn.
793 3839 968 3887 Athamanum
990 3838 1111 3903 Thespr.)
1147 3839 1214 3887 tad
1233 3848 1262 3888 ur
1279 3837 1413 3887 hominurn
1450 3836 1498 3896 5,l

442 3938 500 3987 neq.
509 3939 586 3990 opere
595 3926 711 3990 praetium
725 3933 828 3975 terena
841 3930 856 3972 3
867 3924 992 3974 selimeum
1002 3923 1090 3990 (Gryn.
1101 3926 1126 3973 in
1136 3924 1279 3986 Elimeam)
1298 3928 1315 3972 t
1328 3938 1385 3973 eam
1397 3932 1423 3972 et
1432 3938 1500 3972 exer-

442 4013 521 4078 eitum
533 4007 539 4075 1
551 4009 645 4062 Creoer.
656 4012 821 4063 roeAEtolis
849 4010 874 4071 6,
896 4016 907 4060 l
928 4012 1114 4061 ualidissimum
1133 4011 1194 4061 urbs
1212 4009 1338 4061 aetolierut
1373 4010 1501 4059 lambra-

440 4099 505 4149 eiem
527 4100 581 4149 sine
606 4112 685 4163 prope
707 4098 712 4161 Ι
734 4112 834 4147 amnem
857 4112 949 4147 acaum
975 4096 1076 4163 Kreyes.
1096 4114 1109 4147 e
1126 4114 1146 4147 e.
1167 4094 1259 4157 22st
1287 4094 1380 4161 (Gryn.
1404 4108 1500 4145 amnem

440 4186 584 4235 Aeheloum
608 4182 724 4249 ePoiyt.
743 4181 795 4241 IV,
817 4181 861 4243 63,
887 4181 916 4245 V,
939 4180 973 4247 7.)
