3475 5084
528 493 608 540 Liber
625 493 709 542 xtv.
769 494 815 554 (A.
836 494 897 543 Chr.
921 495 992 558 167.)
1193 498 1248 555 271

1099 620 1112 655 x

240 694 286 732 rex
315 675 420 732 Prusia
445 675 524 733 venit
552 677 678 733 Romam
713 696 777 735 cum
802 678 862 735 filio
890 678 1059 736 Nicomede.
1115 681 1161 750 Is,
1189 698 1295 755 magno

223 778 368 845 ,comitatu
403 781 505 837 urbem
540 780 705 857 ingressus,
741 783 780 839 ad
812 782 908 840 forum
943 803 962 841 a
994 793 1080 859 porta
1112 784 1296 859 tribunalque

240 884 271 957 Q.
291 884 373 942 Cassi
399 886 532 961 praetoris
558 888 700 962 perrexit,
730 906 930 964 concursuque
951 887 1077 962 undique
1099 887 1193 957 facto,
1216 889 1295 961 deos,
1319 889 1336 943 5

238 990 282 1065 qui
297 990 394 1048 urbem
410 994 536 1049 Romam
549 993 715 1064 incolerent,
730 1003 922 1068 senatumque
937 1004 965 1050 et
979 993 1117 1068 populum
1130 994 1295 1051 Romanum

238 1096 386 1153 salutatum
409 1116 442 1154 se
463 1097 537 1154 dixit
557 1098 681 1170 venisse,
704 1109 733 1155 et
753 1099 941 1174 gratulatum,
964 1098 1042 1172 quod
1063 1099 1173 1154 Persea
1192 1097 1295 1157 Genti·

237 1220 337 1276 umque
357 1220 441 1277 reges
466 1202 612 1272 vicissent,
633 1203 902 1279 Macedonibusque
924 1214 952 1261 et
973 1203 1081 1279 Illyriis
1102 1204 1132 1259 iu
1153 1198 1295 1261 dicionem

236 1308 369 1378 redactis,
401 1306 550 1364 auxissent
575 1307 738 1382 imperium.
790 1308 863 1367 Cum
897 1320 1004 1384 praetor
1035 1320 1165 1366 senatum
1196 1308 1238 1380 ei,
1271 1307 1295 1365 si
1319 1319 1336 1377 6

236 1412 308 1482 velit,
330 1432 366 1469 eo
387 1412 434 1469 die
449 1413 585 1470 daturum
600 1414 729 1485 dixisset,
751 1415 869 1473 biduum
894 1416 985 1490 petiit,
1008 1433 1065 1489 quo
1080 1414 1188 1489 templa
1209 1415 1296 1471 deum

236 1519 389 1592 urbemque
410 1531 440 1574 et
460 1519 590 1593 hospites
612 1519 780 1593 amicosque
804 1520 920 1581 viseret..
967 1522 1073 1589 Datus,
1103 1520 1153 1594 qui
1174 1520 1295 1578 circum·
1319 1532 1335 1586 7

235 1623 347 1681 duceret
376 1642 458 1695 eum,
489 1625 525 1684 L.
548 1623 701 1682 Cornelius
726 1624 824 1701 Scipio
853 1637 995 1701 quaestor,
1030 1625 1078 1700 qui
1107 1635 1135 1681 et
1162 1623 1295 1700 Capuam

235 1727 259 1783 ei
278 1729 395 1785 obviam
418 1729 522 1786 missus
544 1729 648 1800 fuerat,
671 1742 700 1786 et
720 1731 812 1803 oedes,
835 1750 899 1807 quae
920 1732 1013 1807 ipsum
1037 1730 1213 1804 comitesque
1235 1728 1296 1787 eius

236 1834 355 1909 benigne
374 1835 544 1909 reciperent,
566 1837 724 1895 conducta.
771 1837 873 1893 Tertio
899 1847 966 1911 post
988 1838 1034 1893 die
1056 1846 1187 1893 senatum
1208 1835 1295 1905 adita
1319 1845 1336 1902 8

234 1940 392 2013 gratulatus
407 1941 559 1997 victoriam
575 1953 633 2011 est3
655 1942 758 1999 merite
775 1961 830 1999 sua
851 1942 880 1998 in
903 1962 937 1999 eo
954 1942 1027 1999 bello
1043 1940 1295 2011 commemoravit3
1347 2010 1357 2030 .

234 2045 320 2119 petiit,
343 2057 376 2101 ut
390 2056 489 2101 votum
507 2046 562 2103 sibi
583 2048 707 2116 solvere,
728 2050 829 2106 Romae
844 2048 874 2105 iu
890 2046 1035 2123 Capitolio
1057 2048 1155 2103 decem
1172 2047 1296 2103 maiores

233 2150 339 2207 hostias
363 2161 391 2207 et
413 2152 561 2208 Praeneste
584 2171 670 2209 unam
694 2154 846 2225 Fortunoe,
872 2154 983 2223 liceret3
1013 2172 1048 2209 ea
1070 2165 1140 2212 vota
1161 2170 1214 2227 pro
1236 2152 1295 2209 vic-

233 2256 305 2311 toria
330 2256 433 2331 populi
454 2257 581 2313 Romani
611 2276 691 2327 eese3
723 2269 752 2314 et
778 2268 811 2314 ut
830 2258 954 2315 societas
976 2276 1073 2315 secum
1096 2268 1295 2328 renovaretur,
1318 2269 1335 2325 9

233 2377 358 2434 agerque
384 2360 440 2417 sibi
468 2362 506 2418 de
530 2380 599 2437 rege
621 2363 769 2420 Antiocho
800 2376 916 2438 captus,
947 2382 1031 2437 quem
1061 2362 1131 2418 nulli
1156 2362 1256 2419 datum
1277 2380 1296 2419 α

232 2466 338 2540 populo
361 2468 496 2524 Romano
522 2466 603 2523 Galli
624 2468 814 2541 possiderent,
839 2468 966 2525 daretur.
1010 2468 1116 2523 Filium
1147 2478 1295 2541 postremo

232 2569 419 2627 Nicomedem
442 2571 555 2628 senatui
577 2572 800 2634 commendavit.
838 2572 984 2642 Omnium,
1008 2572 1107 2645 quiin
1123 2572 1297 2630 Macedonia

232 2674 420 2751 imperatores
450 2674 576 2748 fuerant,
605 2676 708 2735 favore
730 2690 774 2734 est
794 2679 920 2736 adiutus.
962 2679 1071 2750 ltaque·
1090 2687 1200 2747 cetera,
1232 2696 1296 2751 qum
1322 2692 1357 2749 ιο

232 2783 362 2855 petebat,
391 2798 545 2848 concessa3
572 2782 609 2838 de
638 2802 710 2857 agro
736 2802 907 2858 responsum
941 2793 998 2853 est,
1026 2782 1139 2857 legatos
1168 2782 1207 2839 ad
1234 2802 1294 2840 rem

231 2884 436 2963 inspiciendam
458 2888 607 2944 missuros.
658 2887 693 2945 Si
712 2889 737 2944 is
759 2908 830 2963 ager
852 2889 951 2964 populi
973 2888 1099 2945 Romani
1121 2887 1223 2945 fuisset
1243 2905 1296 2947 nec

230 2992 364 3065 cuiquam
397 2992 482 3047 datus
514 3003 605 3063 esset,
640 2994 838 3068 dignissimum
873 3015 908 3052 eo
941 2996 1018 3051 dono
1046 2995 1180 3052 Prusiam
1212 2995 1295 3051 habi·

231 3105 308 3153 turos
331 3114 403 3152 esse.
450 3096 483 3153 Si
512 3109 607 3154 autem
623 3099 771 3155 Antiocho
793 3119 850 3156 non
882 3090 1012 3174 paruisse
1035 3109 1064 3155 et
1085 3118 1120 3155 eo
1144 3118 1181 3155 ne
1196 3100 1296 3174 populi
1322 3114 1354 3170 Η

231 3203 344 3275 quidem
371 3201 497 3261 Romani
532 3201 641 3260 factum
673 3215 836 3278 appareret,
867 3215 919 3263 aut
953 3204 1053 3261 datum
1088 3204 1183 3263 Gallis
1216 3223 1295 3276 esse,

231 3388 386 3437 acomitum
405 3387 495 3435 urbem
521 3385 525 3445 Ι
550 3392 667 3432 atoruma
689 3392 764 3447 porta
780 3387 946 3449 tribunalque
966 3386 1029 3434 cassi
1085 3384 1110 3445 5,
1137 3390 1148 3433 l
1178 3382 1294 3449 conculq.

230 3476 342 3537 undique
381 3481 506 3537 apersca
519 3480 654 3533 getumque
673 3487 745 3532 reges
759 3474 891 3521 uenissent
934 3472 1043 3535 4illyris
1074 3471 1200 3535 6,2petit
1235 3471 1294 3532 Η

230 3574 288 3609 eum
298 3561 425 3609 cornelius
434 3561 515 3624 scipio
525 3574 550 3621 q.
561 3568 601 3607 tor
611 3560 654 3621 qui
675 3559 702 3621 8,
716 3565 725 3607 l
739 3570 829 3607 senatu
841 3564 844 3625 t
854 3560 910 3621 agit
918 3558 1000 3609 Drak.
1012 3560 1102 3624 (Gryn.
1114 3558 1178 3620 adit)
1198 3565 1213 3606 2
1225 3573 1295 3607 com·

231 3666 412 3713 memorabitur
429 3665 493 3727 petit
547 3662 573 3723 9,
595 3668 605 3711 1
626 3662 736 3711 societas
754 3672 779 3711 et
797 3677 884 3711 secum
930 3668 945 3711 2
973 3663 1093 3711 anthioco
1109 3666 1113 3725 1
1129 3664 1217 3711 datum
1236 3647 1295 3727 p—r]

230 3751 445 3815 gallipossiderct
475 3750 677 3799 emocedoniam
708 3748 952 3799 hsueratiuuorest
988 3749 1295 3810 10‚3missurosisager

231 3839 331 3905 Kreyse.
355 3837 446 3903 (Gryn.
466 3839 488 3886 si
507 3839 582 3900 eger)
632 3834 761 3885 &cidisse
778 3835 890 3899 quodam
905 3845 965 3899 puto
987 3845 1010 3884 et
1026 3836 1061 3884 sic
1078 3836 1190 3899 scriptum
1200 3837 1293 3899 scisse:

230 3928 252 3975 si
276 3929 298 3975 is
325 3941 386 3986 ager
408 3926 497 3989 populi
522 3925 631 3974 Romani
657 3923 841 3983 tumesceret,
875 3939 931 3973 curn
961 3922 1084 3972 Antiochi
1120 3922 1211 3970 fuisset
1237 3920 1294 3971 Em.

233 4013 289 4063 627
325 4016 433 4063 tdatus
452 4020 490 4060 cst
537 4011 580 4069 11,
604 4017 613 4059 t
637 4011 733 4059 antioci
752 4026 803 4059 non
822 4012 964 4075 peruissent
982 4024 1012 4059 eo
1031 4024 1063 4057 ne
1084 4036 1114 4046 -
1134 4009 1230 4058 factum
1249 4024 1295 4072 ap·

230 4111 305 4163 parat
323 4109 366 4149 aut
384 4102 472 4149 datum
485 4099 560 4161 gallis
570 4107 636 4147 esset
647 4097 701 4162 My.
712 4098 768 4147 Em.
784 4098 839 4148 627
850 4096 903 4153 tsod
924 4098 958 4147 ibi
980 4096 1081 4160 scripsi:
1103 4096 1224 4145 Antiochi
1242 4109 1296 4145 non

230 4186 316 4246 fuisse,
335 4186 437 4236 nondum
456 4186 548 4235 invento
566 4185 703 4249 paruisse.)
722 4186 809 4250 (Gryn.
822 4186 842 4233 si
854 4196 940 4233 autem
954 4185 1074 4233 Antiochi
1085 4198 1136 4232 non
1146 4184 1244 4242 fuisset,
1264 4196 1295 4233 eo

230 4288 305 4337 nep.
325 4288 350 4337 q.
369 4275 401 4325 R.
420 4272 516 4323 factum
536 4286 669 4337 apparere:
687 4282 733 4321 aut
750 4274 771 4321 si
790 4274 865 4321 datus
884 4270 966 4321 Gallis
985 4272 1062 4335 esset)
