3475 5084
567 489 645 538 ntea
662 487 753 538 xtra·
783 489 831 552 (a
852 488 913 541 car.
938 491 1010 553 nr.)
1243 498 1280 550 ee

246 673 331 748 regis
354 673 461 730 missus
482 683 563 742 erat,
584 675 683 746 rediit,
705 677 953 751 congruentiaque
975 675 1073 732 omnia
1095 675 1262 732 criminibus
1284 677 1323 734 ab

247 779 387 836 Eumene
409 778 516 836 adlatis
537 778 691 838 referebat.
739 782 832 840 Simul
859 792 888 840 et
917 782 1079 838 adduxerat
1103 799 1199 838 secum
1222 782 1323 840 Praxo
1346 779 1363 834 2

249 904 269 941 s
292 883 439 958 Delphis,
466 885 549 942 cuius
577 886 681 944 domus
706 888 919 962 receptaculum
944 885 1088 942 latronum
1111 884 1216 953 fuerat,
1239 897 1267 942 et
1291 887 1324 943 L.

248 989 423 1048 Remmium
439 990 656 1060 Brundisinum,
678 992 728 1066 qui
742 992 809 1049 talis
828 991 925 1050 indicii
949 991 1063 1048 delator
1080 975 1151 1049 erat.
1184 991 1325 1066 Princeps
1348 991 1364 1045 3

249 1095 394 1154 Brundisi
416 1096 569 1153 Rammius
592 1095 656 1163 fuit,
677 1097 863 1172 hospitioque
891 1108 920 1154 et
941 1099 1028 1154 duces
1050 1099 1200 1154 Romanos
1223 1115 1323 1153 omnes

250 1210 281 1258 et
301 1199 430 1274 legatos,
452 1209 617 1258 exterarum
634 1220 750 1275 quoqne
760 1203 888 1277 gentium
905 1201 1041 1276 insignes,
1057 1201 1200 1277 praecipue
1218 1203 1325 1276 regine,

250 1305 430 1380 accipiebat.
471 1306 520 1362 Ex
544 1325 580 1363 so
603 1307 706 1364 notitia
728 1308 755 1364 ei
780 1327 844 1364 oum
867 1309 988 1364 absente
1010 1309 1118 1364 Perseo
1143 1305 1254 1373 fuerat,
1276 1305 1323 1362 lit·
1348 1301 1364 1354 4

251 1410 385 1484 terisque
408 1429 491 1486 spem
522 1411 657 1468 amicitia
680 1412 824 1470 interioris
855 1431 1025 1487 magnasque
1047 1412 1113 1468 inde
1135 1410 1259 1468 fortunae
1280 1410 1324 1468 ia·

251 1514 419 1585 cientibus,
441 1516 480 1572 ad
503 1535 601 1590 regem
624 1515 788 1592 proiectus,
812 1518 893 1574 brevi
916 1517 1121 1592 perfamiliaris
1143 1517 1243 1574 haberi
1266 1527 1324 1572 tra·

251 1619 346 1692 hique
368 1619 478 1694 magis,
511 1640 599 1696 quem
622 1622 724 1690 vellet,
755 1622 785 1680 in
810 1639 934 1679 arcanos
960 1636 1108 1676 sermones
1140 1632 1183 1677 est
1205 1632 1324 1695 coeptus.

251 1724 417 1782 Promissis
442 1725 517 1782 enim
540 1728 704 1801 ingentibus
734 1728 868 1803 praemii-s,
898 1736 996 1800 petere
1025 1725 1126 1782 institit
1148 1728 1185 1783 ab
1207 1746 1242 1784 eo
1264 1745 1326 1797 rex,
1349 1721 1366 1774 5

255 1829 396 1904 qnoniam
419 1830 508 1887 duces
537 1850 637 1889 omnes
658 1833 805 1907 legatique
825 1830 951 1890 Romani
978 1830 1105 1904 hospitio
1127 1833 1189 1888 eins
1210 1833 1252 1889 uti
1274 1831 1326 1888 ad·

255 1943 399 2001 suessent,
423 1935 528 2006 quibus
549 1955 647 1993 eorum
671 1937 734 2012 ipse
757 1936 935 2010 scripsisset,
967 1946 999 1992 ut
1026 1954 1169 1994 venenum
1198 1937 1326 1994 dandum

256 2048 384 2094 curaret.
436 2037 526 2097 Cuius
555 2042 629 2098 scira
658 2060 690 2099 se
710 2041 947 2116 conparationem
970 2039 1125 2115 plurimum
1148 2041 1327 2099 difficultatis
1350 2035 1367 2090 6

256 2151 287 2198 et
312 2142 435 2216 periculi
456 2145 579 2215 habere3
612 2147 742 2222 pluribus
770 2146 893 2202 consciis
921 2147 1088 2221 conparari3
1120 2159 1223 2204 eventu
1252 2165 1327 2221 prae·
1351 2141 1366 2194 7

257 2258 339 2305 terea
361 2249 472 2306 incerto
497 2269 575 2319 esse,
608 2260 639 2308 nt
659 2263 712 2309 aut
733 2253 803 2308 satis
832 2251 963 2308 efficacia
990 2252 1108 2332 adrem
1131 2252 1327 2326 peragendam

258 2364 311 2413 ant
332 2364 397 2412 tuta
419 2355 458 2412 ad
480 2353 572 2432 [rem]
596 2357 746 2415 celandam
771 2358 882 2416 deutur.
929 2355 968 2414 Se
990 2356 1140 2426 daturum,
1175 2357 1253 2429 quod
1276 2374 1328 2414 nec

258 2461 287 2517 in
312 2462 411 2518 dando
440 2481 493 2518 nec
523 2462 622 2518 datum
654 2462 713 2520 ullo
737 2463 821 2537 signo
848 2461 986 2536 deprendi
1014 2472 1122 2536 posset.
1167 2461 1329 2530 Rammius,
1353 2452 1369 2507 3

259 2567 370 2624 veritus
389 2586 436 2636 ne,
457 2567 482 2622 si
501 2567 658 2635 abnuisset,
679 2568 790 2643 primus
808 2567 871 2642 ipse
884 2566 986 2622 veneni
1002 2567 1228 2640 experimentum
1246 2576 1330 2636 esset,

259 2671 407 2730 facturum
433 2673 578 2746 pollicitus
607 2673 814 2747 proficiscitur3
842 2690 895 2728 nec
924 2672 1110 2728 Brundisium
1139 2682 1206 2729 ante
1227 2672 1330 2743 redire,

260 2796 351 2852 quarn
382 2789 526 2834 convento
556 2777 590 2834 C.
611 2778 732 2835 Valerio
753 2777 866 2852 legato,
898 2776 947 2850 qui
975 2777 1053 2834 circa
1077 2776 1243 2834 Chalcidem
1268 2794 1331 2834 esse

260 2882 424 2951 dicebatur,
445 2883 546 2938 voluit.
598 2883 647 2940 Ad
669 2903 734 2940 eum
756 2882 881 2957 primum
904 2881 1009 2938 indicio
1032 2882 1146 2951 delato,
1167 2883 1246 2940 iussu
1269 2882 1330 2938 eius
1352 2873 1370 2928 9

260 2988 390 3046 Romam
412 2988 498 3046 simul
520 2988 608 3046 venit.
652 2989 838 3046 Introductus
859 2987 889 3044 in
912 2987 1037 3057 curiam,
1066 3006 1129 3061 quse
1151 3000 1218 3044 acta
1239 2995 1331 3055 erant,

261 3092 410 3167 exposuit.

348 3199 422 3255 Haec
443 3197 480 3254 ad
503 3217 548 3268 ea,
571 3216 635 3270 quta
655 3199 693 3254 ab
710 3199 840 3257 Eumene
861 3199 959 3256 delata
980 3205 1071 3265 erant,
1094 3213 1250 3261 accessere,
1273 3213 1330 3268 quo
1375 3182 1415 3254 18

262 3303 408 3360 maturius
429 3303 522 3359 hostis
544 3305 669 3360 Perseus
689 3303 881 3372 iudicaretur,
908 3304 1014 3378 quippe
1039 3319 1123 3375 quem
1146 3318 1203 3354 non
1226 3299 1331 3356 iustum

263 3409 353 3466 modo
378 3427 525 3483 apparare
543 3409 648 3465 bellum
667 3409 748 3484 regio
768 3409 874 3478 animo,
896 3411 946 3465 sed
964 3428 1016 3483 per
1035 3406 1132 3464 omnia
1154 3404 1333 3462 clandestina

263 3514 395 3589 grassari
418 3512 529 3569 scelera
545 3513 761 3570 latrociniorum
783 3531 818 3570 ac
834 3513 1037 3571 veneficiorum
1057 3511 1220 3570 cernebant.
1258 3510 1332 3567 Belli
1355 3505 1373 3562 2

265 3763 368 3821 bregis
387 3761 442 3808 eius
467 3767 522 3806 erat
540 3759 606 3806 redit
639 3757 664 3818 2,
684 3763 700 3805 3
721 3773 847 3806 rammam
864 3759 868 3820 Ι
884 3758 962 3806 indici
1010 3756 1069 3815 3,2
1097 3756 1208 3819 hospitio
1233 3769 1335 3818 qnoque

271 3845 368 3908 Weiss,
389 3845 445 3908 My.
465 3842 521 3893 Em.
541 3843 603 3894 516.
636 3850 651 3891 3
670 3844 777 3904 insignis
797 3858 898 3907 quoque
917 3846 1042 3906 praecipue
1078 3841 1132 3899 4,3
1150 3857 1196 3906 prr
1209 3841 1334 3890 familiam

265 3933 355 3982 baberi
401 3938 568 3979 ssermones
589 3938 615 3978 et
634 3939 745 3992 coeptum
790 3928 849 3985 6.2
876 3928 944 3978 Fert.
964 3930 1058 3978 babere
1077 3929 1192 3991 pluribus
1212 3929 1334 3978 consciisi

266 4028 359 4069 eventu
378 4025 421 4065 cet.
441 4015 498 4064 Em.
517 4013 579 4064 516.
623 4013 648 4074 7,
669 4021 684 4063 2
703 4016 875 4078 peragendam
894 4017 926 4063 ad
945 4025 1001 4064 tnta
1036 4022 1051 4065 ³
1071 4030 1124 4063 rem
1146 4014 1238 4062 notavit
1258 4013 1333 4066 Gron.

268 4101 384 4169 lqueueo
414 4102 543 4150 tdefendi
572 4101 732 4159 &tueritne
745 4103 792 4149 nisi
806 4102 938 4152 abnuisset
968 4101 1170 4151 tcircaalcidam
1201 4099 1336 4158 9,1insen

267 4191 459 4240 siussnromam
506 4194 566 4250 sq.
586 4197 644 4236 acta
694 4187 795 4244 XVIII,
814 4187 840 4245 1,
862 4193 873 4235 l
895 4202 951 4251 eaq.
971 4188 1004 4237 ab
1052 4187 1218 4252 bappellare
1236 4186 1334 4236 bellum

269 4273 275 4339 Ι
293 4274 466 4325 clamdestine
501 4279 518 4321 4
536 4273 635 4322 scelere
650 4274 655 4335 Ι
670 4272 851 4322 beneficiorum
