3475 5084
462 526 465 538 .
519 507 596 557 m„
614 504 710 555 xrrn.
749 506 794 569 (a.
814 504 875 556 cur.
898 510 968 569 res.)
1178 516 1234 569 ¹45

229 704 422 773 persequentes
453 692 572 751 effusius
603 694 633 749 in
661 692 767 749 vallem
794 691 936 750 insessam
965 694 1002 751 ab
1024 694 1157 751 hostibus
1178 695 1279 769 praeoi·

229 802 320 877 pitant.
364 798 411 857 Ibi
433 799 471 856 ad
493 798 571 856 mille
592 797 710 868 oooisis,
742 806 858 855 centum
885 797 977 856 ferma
1008 800 1099 875 captis
1122 810 1151 857 et
1173 799 1321 875 ubiqu05

229 925 356 981 pmspere
377 913 462 980 gestu
484 923 526 975 re,
546 923 638 981 prope
658 903 766 961 stativa
788 903 870 978 Appi
896 913 993 961 costra
1015 914 1141 977 irrorent,
1164 923 1200 961 ne
1222 924 1294 979 qua·

228 1012 264 1069 ris
292 1010 377 1068 sociis
405 1010 465 1067 suis
494 1010 532 1065 ab
554 1010 688 1067 Romano
717 1008 845 1065 exercitu
876 1008 976 1065 inferri
1008 1009 1108 1084 possit.
1156 1011 1280 1085 Appius,
1303 1012 1321 1069 θ

228 1116 410 1189 nequicquam
434 1114 463 1171 in
485 1112 529 1170 his
551 1112 623 1169 loeis
639 1121 735 1169 terens
756 1122 886 1187 tempus,
922 1113 1047 1170 dimissis
1071 1111 1281 1189 Chaonumque

227 1231 251 1278 et
269 1220 293 1276 si
314 1219 364 1294 qui
389 1218 439 1276 elii
459 1218 589 1293 Epirotae
610 1227 694 1274 erant
716 1217 876 1292 praesidiis,
910 1235 975 1275 oum
1006 1218 1116 1277 Italicis
1143 1198 1281 1277 rniliuhus

226 1325 251 1381 iu
269 1325 417 1401 Illyricum
439 1340 602 1397 regressus,
632 1341 685 1396 per
704 1322 912 1381 Parthinorum
942 1324 1036 1382 socius
1064 1324 1207 1383 urbosdin
1235 1325 1281 1382 hi·

227 1431 308 1487 berna
336 1427 477 1485 militibus
505 1426 622 1498 divisis,
658 1427 721 1502 ipse
748 1429 874 1485 Romam
912 1429 1044 1489 saorifioii
1072 1447 1162 1487 eausa
1188 1429 1281 1487 rediit.

225 1535 343 1591 Perseus
368 1552 407 1591 ex
424 1534 615 1589 Penestarum
637 1542 724 1606 gente
745 1532 823 1589 mille
843 1532 971 1607 pedites,
994 1532 1044 1592 CO
1065 1530 1176 1609 equites
1197 1554 1281 1592 revo-
1306 1532 1321 1585 7

226 1648 299 1695 catos
332 1636 559 1707 Cassandream,
595 1636 731 1711 prasidio
763 1647 795 1693 ut
827 1643 932 1708 essent,
969 1640 1054 1696 misit
1103 1640 1151 1696 Ab
1173 1640 1281 1699 Gentio
1305 1633 1323 1690 8

227 1744 318 1801 eadem
350 1742 516 1800 adferentes
544 1742 699 1803 redieruut.
762 1742 827 1799 Nee
854 1742 958 1800 deindo
985 1743 1059 1801 alios
1087 1746 1183 1820 adque
1211 1744 1283 1801 alios

226 1848 359 1905 mittendo
381 1857 525 1924 temptare
546 1865 612 1904 eum
627 1846 744 1917 destitit,
768 1865 832 1905 oum
850 1858 1015 1923 appareret,
1037 1860 1175 1923 quantum
1198 1851 1227 1908 in
1250 1872 1284 1909 eo
1331 1854 1334 1859 '

226 1954 345 2027 praesidii
368 1963 460 2024 esset,
481 1972 535 2010 neo
556 1962 654 2009 tamen
675 1951 833 2026 impetrare
855 1952 893 2009 ab
916 1954 1013 2011 animo
1035 1965 1150 2029 posset,
1181 1964 1212 2013 ut
1240 1956 1285 2013 in·

225 2078 338 2132 pensam
365 2060 396 2117 in
417 2078 478 2117 ram
501 2057 621 2116 maximi
643 2056 681 2113 ad
703 2056 802 2113 omnia
823 2059 961 2116 momenti
982 2058 1101 2120 faceret.

227 2325 637 2393 tpracipitontibusidemoeoisis
662 2324 730 2373 Fort.
750 2324 919 2390 praecipitant.
957 2326 1134 2390 Equihusiih'
1149 2328 1218 2377 mille
1260 2330 1285 2391 5,

229 2422 238 2463 1
256 2418 320 2479 capti
342 2413 437 2480 (Gryn.
458 2413 548 2476 captis,
567 2410 673 2474 ubique)
710 2416 725 2459 8
747 2410 841 2460 inferre
885 2411 911 2471 6,
930 2416 945 2459 2
965 2413 1118 2477 nequiquam
1135 2412 1140 2477 Ι
1156 2412 1224 2463 Fort.
1247 2416 1285 2463 di-

228 2503 303 2552 missis
322 2502 529 2563 Thesprotorum
552 2496 736 2561 Chaonumque
761 2496 814 2547 coli.
838 2514 859 2546 c.
885 2496 927 2556 21,
948 2496 972 2547 4.
1010 2500 1160 2562 epraesidis
1195 2506 1288 2565 tpar-

228 2589 346 2637 teoiorum
367 2584 452 2651 Siqoa.
473 2583 564 2650 (Gryo.
579 2575 757 2646 Paitinorum)
793 2588 808 2631 d
829 2584 941 2633 dimissis
955 2583 1015 2647 'Ant
1036 2584 1178 2635 Perizonius
1198 2588 1201 2654 i
1222 2588 1288 2637 redit

226 2672 249 2735 8,
269 2680 279 2723 1
300 2676 333 2725 ad
354 2674 444 2736 gentio
481 2671 660 2721 2adserentes
702 2670 877 2719 emittendos
893 2673 897 2732 Ι
913 2684 969 2719 eam
989 2672 1085 2721 destitit

321 2759 422 2809 Finitur
449 2757 508 2807 liber
526 2756 577 2822 sol.
602 2755 654 2805 101
676 2757 770 2821 poqs‘nu
793 2754 907 2805 aduerso.
955 2754 1004 2805 Imu'
1017 2755 1085 2822 solii
1106 2774 1168 2823 poro
1195 2757 1290 2809 derecto
1310 2814 1313 2821 λ

228 2856 263 2897 est.
307 2845 459 2910 Subscriptio
483 2845 508 2893 in
528 2844 622 2909 poyino
647 2859 736 2892 ouem
753 2843 922 2907 spatiosissime
940 2842 1030 2907 serenta
1049 2852 1095 2893 est:

423 2944 480 2983 mm
499 2946 553 2981 utus
703 2914 707 2919 “

424 3034 456 3068 sn
476 3032 545 3067 unse
563 3032 678 3069 eornm

424 3118 476 3155 nm.
495 3116 570 3153 xmu·
588 3118 711 3155 mensore

424 3204 476 3240 nus.
496 3202 571 3239 xnrur

426 3290 567 3327 maistres

229 3364 271 3412 imo
279 3375 352 3429 parte
366 3362 497 3412 litterarum
515 3376 600 3413 rsnror
623 3356 726 3408 desecto.

252 4377 324 4417 Livius
336 4388 361 4416 ex
376 4387 414 4416 rar,
429 4376 537 4423 Madvigii.
568 4375 613 4413 vta
