3475 5084
471 512 527 567 150
723 508 802 559 Liber
819 508 917 559 XLIV.
955 510 1003 574 (Δ.
1022 526 1047 560 n.
1068 527 1090 562 c.
1112 512 1185 575 tet.)

425 690 546 747 volnera
561 692 716 749 temerario
736 694 853 752 incursu
873 704 901 752 et
918 705 1038 771 accepte
1055 706 1085 753 et
1104 698 1210 766 inlata;
1232 695 1320 772 pauci
1344 691 1496 763 utriusque

385 800 404 854 4
425 795 517 871 partis
534 795 705 856 ceciderunt.
739 799 870 857 Inritatis
886 800 915 857 in
932 811 1079 875 posterum
1099 804 1175 859 diem
1197 800 1311 868 animis,
1334 795 1496 853 maioribus

425 899 517 975 copiis
538 900 635 976 adque
660 902 791 961 infestius
815 906 983 963 concursuri
1012 907 1126 977 abiere,
1156 908 1180 963 si
1208 906 1264 964 loci
1288 903 1361 961 setis
1383 900 1418 957 ad
1441 918 1497 956 ex-

425 1004 590 1080 plicandam
612 1007 704 1065 aciem
724 1007 834 1069 fuisset.
879 1011 983 1085 Iugum
1005 1012 1121 1081 montis,
1143 1011 1172 1068 iu
1193 1018 1350 1084 angustum
1375 1008 1496 1063 dorsum

426 1119 596 1179 cuneatum,
630 1112 681 1169 rix
710 1113 799 1171 ternis
832 1113 982 1171 ordinibus
1012 1126 1191 1171 armatorum
1220 1115 1250 1169 in
1271 1112 1370 1170 fronte
1390 1112 1498 1186 patuit.

386 1214 549 1287 elinque,
578 1218 680 1290 paucis
700 1219 913 1293 pugnantibus,
943 1228 1040 1276 cetera
1072 1220 1243 1289 multitudo,
1276 1218 1422 1293 praecipue
1446 1217 1498 1290 qni

387 1326 404 1380 6
426 1319 560 1393 gravium
584 1338 732 1379 armenum
761 1333 863 1390 erant,
894 1331 1074 1398 spectatores
1104 1342 1209 1400 pugnae
1236 1324 1365 1380 stabant.
1407 1321 1500 1378 Levis

363 1411 367 1416 ’
427 1434 577 1481 armatura
598 1426 685 1483 etiam
709 1446 763 1502 per
784 1427 933 1486 subactus
965 1429 1025 1504 iugi
1046 1446 1217 1505 procurrere
1241 1437 1269 1484 et
1292 1429 1329 1484 ab
1353 1426 1499 1483 lateribus

427 1545 492 1585 cnm
525 1527 583 1585 levi
615 1541 766 1589 armature
795 1550 948 1590 conserere
978 1553 1031 1609 per
1059 1534 1160 1608 iniqua
1192 1533 1288 1607 adque
1317 1550 1405 1606 sequa
1431 1531 1499 1587 loca

426 1650 555 1707 pugnem
576 1643 700 1707 poterat.
756 1637 893 1695 Pluribus
909 1651 949 1695 ‘ea
967 1639 1014 1695 die
1035 1636 1194 1695 volueratis
1216 1654 1305 1710 quam
1327 1636 1500 1703 interfectis,

387 1746 403 1799 7
427 1737 561 1812 proelium
582 1748 668 1796 nocte
688 1739 861 1815 diremptum
884 1752 937 1797 est.
990 1743 1091 1800 Tertio
1117 1743 1163 1799 die
1185 1760 1271 1815 cgere
1292 1741 1417 1799 consilio
1440 1742 1501 1796 Ro-

385 1865 390 1872 ¹
427 1831 531 1899 manus
551 1842 724 1917 imperator;
745 1863 814 1901 uam
835 1864 930 1921 neque
952 1864 1070 1905 manere
1090 1848 1121 1904 in
1143 1848 1213 1922 ingo
1232 1846 1314 1920 inopi
1334 1863 1434 1919 neque
1454 1862 1501 1899 re·

427 1947 509 2022 gredi
536 1948 598 2005 siue
623 1948 735 2022 flagitio
764 1949 860 2022 adque
890 1952 978 2009 etiam
1000 1952 1147 2027 periculo,
1169 1952 1194 2009 si
1216 1950 1330 2009 cedenti
1353 1967 1391 2006 ex
1413 1966 1502 2023 snpe-

387 2051 405 2109 8
428 2052 553 2110 rioribus
573 2052 646 2110 locis
660 2053 895 2123 instarethoetis,
917 2065 1047 2129 poterat3
1078 2074 1131 2112 nec
1154 2055 1232 2113 alind
1254 2055 1387 2113 restabat
1411 2071 1501 2127 quam

429 2158 570 2216 audacter
590 2158 775 2216 commissum
799 2159 940 2232 pertinaci
962 2161 1094 2232 audacia,
1117 2178 1181 2235 quse
1203 2161 1331 2235 prudens
1352 2158 1500 2215 interdum

388 2261 406 2316 9
428 2263 459 2320 in
482 2264 561 2321 exitu
582 2272 636 2333 est,
658 2264 813 2338 corrigere.
848 2264 976 2319 Ventum
995 2264 1111 2337 quidem
1127 2274 1191 2322 erat
1205 2283 1249 2334 eo,
1272 2273 1313 2333 ut,
1337 2264 1363 2319 si
1385 2264 1501 2318 hostem

429 2367 552 2425 similem
575 2369 702 2443 antiquis
723 2370 918 2425 Macedonum
940 2369 1057 2442 regibus
1075 2370 1225 2427 habuisset
1246 2368 1364 2436 consnl,
1391 2382 1502 2439 magna

428 2472 527 2530 clades
557 2473 651 2549 accipi
681 2472 817 2549 potuerit.
873 2470 931 2529 Sed
962 2490 1027 2529 cnur
1058 2474 1097 2529 ad
1118 2473 1207 2531 Dium
1236 2491 1288 2547 per
1316 2472 1405 2528 litora
1434 2488 1498 2527 cnm

429 2577 574 2651 equitibus
601 2586 760 2651 vagaretur
779 2594 833 2633 rex
862 2585 892 2633 et
913 2577 951 2633 ab
979 2577 1045 2633 XII
1073 2576 1188 2633 milibus
1215 2596 1307 2652 prope
1338 2576 1498 2633 clamorem

429 2690 458 2738 et
488 2683 639 2756 strepitum
668 2680 858 2755 pugnantium
887 2680 1014 2750 audiret,
1047 2696 1101 2736 nec
1129 2680 1211 2736 anxit
1240 2681 1341 2754 copias
1368 2681 1501 2754 integros

428 2785 513 2844 fessis
534 2785 739 2843 summittendo
760 2802 855 2857 neque
875 2782 954 2857 ipse,
976 2784 1054 2859 quod
1076 2783 1229 2859 plurimum
1251 2785 1406 2853 intererat,
1438 2803 1499 2840 cer-

371 2890 407 2945 10
429 2891 532 2947 tamini
558 2882 665 2958 adluit}
698 2905 764 2945 cum
785 2889 937 2946 Romana
966 2888 1135 2963 imperator,
1165 2888 1260 2945 maior
1281 2889 1340 2945 LX
1363 2886 1450 2945 aunis
1472 2896 1500 2943 ct

429 2994 589 3070 praegravis
610 3012 743 3069 corpora,
763 2993 863 3051 omnia
885 2993 1021 3050 militaria
1038 3012 1159 3050 munera
1176 2994 1239 3068 ipse
1257 2992 1371 3067 inpigre
1392 2992 1500 3048 obiret.

370 3102 405 3156 11
429 3099 557 3175 Egregie
587 3099 625 3155 ad
653 3098 784 3155 ultimum
805 3098 835 3155 in
861 3099 1011 3155 audaciter
1044 3098 1200 3155 commisso
1222 3096 1440 3172 perseveravit,
1463 3109 1499 3162 er,

429 3204 546 3279 Popilio
568 3203 668 3261 relicto
690 3204 720 3260 in
741 3202 875 3260 custodia
894 3203 964 3277 iugi,
986 3221 1039 3277 per
1060 3203 1139 3260 invia
1158 3212 1401 3276 transgressurus,
1424 3219 1500 3275 prae-

431 3309 543 3379 missis,
565 3311 614 3383 qui
633 3317 825 3383 repurgarent
845 3309 908 3377 iter,
922 3306 1063 3364 Attalum
1086 3316 1115 3364 et
1135 3308 1326 3381 Misagenem,
1351 3324 1416 3365 cnm
1441 3324 1500 3362 suae

431 3501 456 3559 3,
467 3505 482 3548 2
493 3498 610 3576 noluerat
636 3497 662 3557 4,
673 3504 688 3545 2
699 3475 856 3565 infesidtiusl
867 3513 1018 3547 concursum
1037 3497 1154 3547 abellisin
1173 3496 1223 3546 loci
1236 3496 1290 3561 My.
1304 3496 1360 3545 Em.
1371 3494 1440 3556 560,
1456 3496 1501 3545 nui

430 3602 496 3667 quod
500 3602 536 3651 ibi
539 3601 635 3650 abeunt
640 3601 733 3665 scripsi.
742 3600 833 3666 (Grya.
843 3616 995 3651 concursum
1002 3600 1092 3649 abillis
1103 3600 1139 3661 si)
1149 3598 1174 3660 5,
1185 3604 1195 3647 l
1207 3600 1342 3663 praecipuis
1352 3604 1367 3647 2
1376 3598 1422 3661 (H.
1431 3600 1500 3657 erat)

430 3704 455 3766 6,
466 3712 481 3753 2
499 3688 647 3754 anciractus
670 3710 809 3769 tpuguam
818 3704 938 3768 peteread
948 3703 1063 3767 pluribus
1074 3702 1130 3766 My.
1139 3701 1197 3751 Em.
1207 3700 1266 3751 560
1276 3701 1371 3767 (aaa.
1384 3716 1499 3765 pugnarn

430 3817 529 3874 peteret
548 3824 579 3857 ac
596 3808 648 3871 pl.)
685 3807 709 3866 7,
729 3814 743 3855 2
766 3792 976 3871 inopidlregedi
994 3822 1070 3870 supra
1087 3802 1171 3853 cadem
1189 3806 1368 3869 circunscripta
1388 3822 1400 3853 r
1436 3811 1453 3853 ³
1473 3819 1500 3853 se

431 3897 530 3945 cedenti
541 3909 574 3944 ex
586 3894 759 3958 superioribus
771 3894 836 3942 locis
849 3901 917 3942 stare
930 3892 999 3943 Mur.
1014 3891 1106 3956 (Grpe
1121 3892 1167 3940 sed
1181 3916 1212 3927 -
1225 3892 1336 3954 instare)
1365 3890 1393 3949 8,
1405 3897 1415 3939 l
1428 3891 1499 3939 alind

430 3999 515 4049 stabat
527 3995 648 4047 Fraull.
677 3995 887 4077 9,2babnissset
912 3978 1049 4063 tuccipeil
1063 3996 1106 4045 diu
1116 4008 1161 4057 per
1169 3994 1256 4043 littera
1284 3994 1344 4044 tab
1357 3979 1411 4043 ufir·
1420 4008 1499 4058 prope

431 4101 634 4166 spargentium
651 4099 723 4147 adire
739 4099 743 4156 Ι
759 4099 864 4159 integn'r
882 4098 953 4149 festis
980 4099 1022 4158 10,
1043 4104 1054 4147 1
1076 4076 1135 4161 imp.
1157 4096 1199 4155 11,
1222 4104 1232 4146 1
1253 4098 1373 4160 egregias
1394 4097 1397 4161 Ι
1421 4096 1498 4162 Grpe.

430 4189 553 4249 audacter
589 4191 668 4249 sper
684 4185 766 4265 istuis
780 4186 787 4246 Ι
801 4195 976 4249 transgressus
1001 4184 1085 4237 Weiss.
1130 4189 1219 4232 sert
1240 4184 1389 4247 peremissis
1410 4198 1500 4247 repur-

431 4291 557 4353 garentite
575 4289 682 4338 attalum
701 4297 727 4337 et
746 4302 895 4352 cysacenem
914 4298 939 4338 et
957 4302 1009 4339 sna
