3475 5084
515 1300 524 1312 '
624 1307 763 1385 Liber
806 1307 937 1387 xlll.

327 1633 364 1690 L.
387 1633 559 1691 Postumius
580 1634 721 1706 Albinus,
748 1635 792 1694 M.
813 1634 946 1710 Popilius
968 1635 1073 1692 Laenas
1098 1653 1163 1693 cum
1185 1636 1312 1694 omnium
1381 1616 1397 1686 l
1483 1625 1486 1632 ⁴

175 1767 186 1780 -
244 1739 370 1814 primum
403 1738 440 1794 da
469 1738 625 1813 provinciis
653 1747 679 1794 ct
706 1736 879 1794 exercitibus
907 1738 945 1795 ad
973 1749 1104 1797 senatum
1126 1739 1311 1814 rettulissent,
1328 1706 1503 1827 ffgffig}

175 1915 182 1928 .
245 1843 367 1918 Ligures
390 1842 506 1918 utrique
528 1843 635 1901 decreti
654 1851 729 1913 sunt,
752 1853 784 1898 ut
799 1860 893 1899 novas
913 1844 1010 1914 ambo,
1032 1845 1137 1918 quibus
1159 1864 1223 1902 eam
1245 1850 1354 1921 pro-2

244 1947 370 2005 vinciam
394 1948 566 2022 optinereut,
590 1947 718 2022 legiones
742 1945 831 2022 (binae
852 1948 973 2024 singulis
994 1946 1131 2027 decretae)
1152 1958 1182 2007 et
1202 1951 1313 2008 socium

228 2052 342 2124 ,Latini
374 2052 500 2110 nominis
527 2053 603 2108 dena
632 2051 713 2110 milia
739 2053 868 2128 peditum
897 2062 927 2110 et
958 2071 1098 2112 sexcenos
1127 2055 1254 2134 equites,
1285 2063 1313 2111 et

244 2157 478 2233 supplementum
500 2155 652 2231 Hispaniae
682 2157 731 2213 111
760 2157 840 2214 milia
866 2158 996 2233 pedit-um
1018 2159 1216 2216 Romamrum
1241 2156 1312 2214 scri·

191 2239 194 2244 .
244 2262 343 2319 berent
377 2271 407 2318 et
433 2259 484 2319 CC
511 2261 633 2334 equites.
678 2260 726 2321 Ad
750 2262 807 2318 hoc
837 2261 914 2318 mille
942 2271 970 2318 et
992 2263 1020 2318 D
1047 2261 1158 2337 pedites
1186 2263 1352 2324 Romani3

243 2384 305 2424 cum
336 2375 453 2424 centum
483 2365 629 2440 equitibus
655 2365 743 2422 scribi
764 2366 850 2436 iussi,
882 2382 948 2422 cum
980 2365 1085 2440 quibus
1115 2371 1238 2438 praetor,
1266 2363 1313 2421 cui

245 2470 383 2530 Sardinia
413 2470 578 2545 obtigisset,
604 2470 634 2526 in
657 2468 806 2527 Corsicam
835 2479 1033 2544 transgressus
1055 2468 1162 2525 bellum
1182 2475 1311 2541 gereret3

245 2574 358 2633 interim
389 2576 432 2632 M.
454 2575 580 2644 Atilius,
607 2585 691 2632 vetus
720 2585 842 2650 prator,
868 2573 1048 2652 provinciam
1076 2573 1220 2647 optineret
1240 2573 1310 2631 Sar·
1333 2585 1352 2640 4

243 2677 364 2743 diniam.
418 2684 564 2739 Praetores
591 2679 696 2736 deinde
725 2682 893 2757 provincias
914 2680 1008 2738 sortiti
1029 2687 1112 2745 sunt,
1141 2679 1181 2734 Α.
1202 2677 1311 2735 Atilius

244 2785 389 2846 Serranus
411 2786 562 2854 urbanam,
585 2782 618 2840 C.
632 2783 753 2843 Cluvius
768 2786 880 2845 Saxula
893 2787 968 2854 inter
990 2785 1067 2841 cives
1082 2794 1111 2840 et
1131 2784 1311 2860 peregrinos,

245 2891 281 2948 a.
305 2892 419 2950 saurus
442 2890 536 2948 aureo
558 2889 733 2964 Hispaniam
755 2889 933 2961 eirena-em,
961 2891 1002 2946 Μ.
1025 2869 1170 2946 ultianus
1192 2888 1309 2946 ulterio-
1333 2905 1350 2958 5

244 3014 319 3068 rem,
353 2997 397 3056 M.
418 2993 524 3054 Furius
556 2992 708 3069 Crassipes
728 2994 873 3066 Siciliam,
906 2993 940 3055 C.
963 2993 1109 3052 Cicereius
1133 2992 1309 3052 Sardiniam.

245 3100 419 3174 Priusquam
447 3099 476 3156 iu
503 3102 661 3174 provincias
686 3100 873 3175 magistratus
903 3099 1169 3176 proficiscerentur,
1198 3098 1350 3172 senatuis

244 3205 362 3278 placuit,
384 3207 419 3262 L.
434 3205 617 3262 Postumium
639 3204 786 3264 consulem
807 3206 843 3262 ad
859 3222 961 3279 agrum
984 3205 1129 3279 publicum
1153 3221 1171 3259 a
1192 3203 1308 3278 privato

245 3310 455 3368 terminandum
477 3311 507 3367 in
523 3309 789 3387 Campaniamire,
809 3311 891 3366 cuius
912 3309 1057 3384 ingentem
1075 3309 1192 3366 modum
1213 3307 1308 3383 possi-

244 3412 310 3472 dere
328 3415 462 3491 privatos
484 3415 625 3491 paulatim
653 3413 828 3492 proferendo
854 3417 926 3472 fines
956 3415 1117 3474 constabat.
1160 3411 1227 3483 Hic,
1248 3413 1307 3469 ira-
1331 3434 1347 3487 7

245 3527 288 3575 tus
309 3519 513 3590 Praenestinis,
546 3521 640 3594 quod,
669 3539 733 3578 cum
765 3540 800 3579 eo
829 3521 961 3597 privatus
986 3518 1119 3579 sacrificii
1145 3519 1307 3594 intemplo

243 3621 381 3681 Fortunae
403 3622 532 3681 faciundi
553 3642 643 3682 cansa
663 3624 811 3700 profectus
832 3635 922 3698 esset,
955 3626 1026 3684 nihil
1046 3626 1076 3684 in
1096 3644 1129 3683 se
1149 3627 1308 3684 honorifice

246 3763 476 3776 Ἦ

244 3864 264 3925 Ι,
273 3865 296 3927 1,
309 3874 321 3916 l
333 3868 455 3931 popillius
476 3873 790 3935 tprouiucisexercitibns
803 3871 902 3922 Vallem
915 3871 1008 3938 (crya.
1018 3873 1236 3937 exercitibusque)
1253 3875 1258 3936 Ι
1273 3875 1306 3924 ab

244 3961 359 4003 senatum
386 3955 480 4016 aare
491 3959 590 4020 equites
599 3959 682 4009 Dralc
708 3959 733 4020 3,
747 3966 758 4009 l
772 3970 798 4009 et
816 3975 853 4010 .a.
873 3960 971 4024 pedites
999 3967 1129 4011 arentum
1140 3962 1267 4025 equitibus
1277 3975 1306 4012 cc

244 4039 320 4088 scribi
335 4040 407 4090 iussa
428 4041 454 4102 4,
471 4046 630 4107 lprouincia
653 4045 678 4105 5,
695 4053 758 4096 lca.
772 4046 859 4096 fabius
872 4045 956 4111 Sigon
983 4055 997 4096 2
1013 4049 1138 4113 craaslper
1160 4047 1305 4114 6‚1priua·

243 4138 320 4186 qnam
344 4128 371 4176 in
392 4131 556 4192 magistratus
578 4131 679 4198 Kreyss.
705 4133 794 4200 (Grya.
814 4137 963 4199 priusquam
984 4139 1148 4200 magistratus
1164 4139 1243 4204 prol.)
1289 4145 1305 4188 t

245 4213 379 4264 contrabat
423 4214 481 4275 Μ
507 4232 566 4268 cum
589 4233 620 4269 so
639 4221 754 4284 priuatas
776 4222 1071 4287 paulatim.prolcrendo
1088 4228 1152 4278 fines
1171 4228 1308 4278 constabat

248 4294 284 4346 hic
300 4301 382 4350 iratus
400 4304 560 4365 praenestinis
579 4308 647 4369 quod
666 4321 722 4357 cum
743 4323 774 4358 oo
791 4310 908 4373 priuatus
927 4315 1035 4364 sacrifici
