3475 5084
467 482 502 538 ts
737 475 816 526 sisu
832 475 904 526 xrs.
944 475 989 537 (Α.
1010 489 1034 525 ιι.
1054 487 1076 524 ο.
1097 471 1170 538 urs.)

419 661 506 718 rediit
535 660 657 719 confuso
688 662 770 719 vultu
800 672 830 720 et
856 661 992 738 exposuit
1018 659 1150 737 patribus
1178 659 1366 736 conscriptis,
1402 661 1492 718 bovis

379 764 397 820 2
421 767 593 834 sescenarii,
628 785 712 841 quem
735 767 948 834 immolavisset,
980 766 1060 826 iecur
1080 764 1244 825 defluxisse.
1291 765 1327 822 ld
1350 781 1383 821 ss
1402 764 1492 822 victi-

420 871 514 927 mario
537 872 680 928 nuntianti
709 891 813 947 perum
841 873 1020 939 credentem,
1050 871 1145 947 ipsum
1173 887 1281 945 aquam
1311 868 1421 927 effundi
1450 889 1493 930 ax

419 976 487 1047 olla,
508 977 560 1033 ubi
581 987 651 1034 exta
662 987 862 1050 coquerentur,
883 977 1010 1044 iussisse,
1032 985 1061 1034 et
1081 975 1189 1033 vidisse
1206 975 1492 1050 ceteremintsgrsm

419 1091 532 1155 partem
566 1093 710 1151 extorum,
744 1083 825 1140 iecur
856 1100 942 1138 omne
973 1081 1160 1139 inenarrabili
1192 1081 1260 1136 tabe
1290 1081 1492 1154 absumptum.

378 1183 396 1240 3
419 1185 542 1243 Territis
564 1205 600 1242 eo
629 1187 763 1262 prodigio
784 1188 930 1263 patribus,
952 1195 981 1244 st
1010 1187 1084 1244 alter
1110 1184 1211 1242 consul
1240 1203 1340 1242 curem
1371 1184 1492 1255 adiecit,

420 1290 470 1364 qui
492 1308 542 1360 se,
570 1292 649 1365 quod
671 1302 759 1367 ceput
779 1291 900 1350 iocineri
921 1291 1077 1360 defuisset,
1104 1291 1196 1347 tribus
1218 1291 1313 1347 bubus
1333 1288 1492 1365 perlitasse

377 1387 395 1441 4
417 1395 544 1470 negavit.
588 1396 713 1455 Senatus
734 1397 893 1454 maioribus
913 1397 1016 1454 hostiis
1042 1414 1134 1470 usque
1155 1395 1193 1452 ad
1214 1394 1372 1452 litationem
1396 1395 1492 1452 sacri·
1530 1379 1533 1385 ’

417 1500 498 1557 liceri
524 1500 619 1561 iussit.
664 1499 776 1558 Ceteris
804 1503 860 1559 diis
888 1501 1054 1577 perlitatum
1077 1501 1191 1567 lerunt;
1223 1499 1318 1559 Saluti
1348 1500 1491 1557 Petilium

416 1605 569 1679 perlitasse
590 1616 707 1681 negent.
756 1607 829 1664 Inde
852 1606 985 1664 consules
1007 1616 1205 1683 pretoresque
1232 1603 1400 1681 provincias
1423 1622 1492 1660 sor-

378 1708 471 1766 btiti.
514 1710 592 1766 Pisae
614 1710 668 1772 Cu.
691 1710 843 1783 Cornelio,
875 1712 998 1786 Ligures
1025 1711 1132 1769 Petilio
1166 1713 1356 1768 obvenerunt.
1405 1709 1493 1766 Prte-

417 1821 496 1870 tores
537 1815 572 1874 L.
597 1816 734 1892 Papirius
762 1819 849 1874 Maso
881 1819 1039 1887 urbanam,
1071 1819 1114 1877 M.
1136 1816 1268 1874 Aburius
1298 1814 1374 1870 inter
1402 1831 1493 1889 pers-

417 1918 517 1992 grinos
550 1921 645 1978 sortiti
677 1929 753 1978 suut.
810 1923 853 1979 M.
877 1920 1029 1980 Cornelius
1059 1921 1158 1996 Scipio
1187 1917 1400 1994 Maluginensis
1420 1901 1493 1974 'Hi-

377 2022 395 2078 6
418 2026 550 2099 spaniam
572 2025 748 2096 ulteriorem,
771 2027 805 2083 L.
822 2026 959 2101 Aquilius
981 2026 1087 2085 Gallus
1109 2026 1237 2084 Siciliam
1261 2023 1372 2082 habuit.
1415 2023 1492 2079 Duo

418 2130 564 2205 deprecati
586 2141 668 2200 sunt,
688 2150 726 2188 ne
747 2131 777 2188 in
799 2133 965 2207 provincias
987 2133 1077 2202 irent,
1109 2132 1150 2188 M.
1173 2130 1305 2207 Popilius
1327 2129 1357 2186 in
1382 2128 1491 2188 Serdi-

417 2236 510 2292 niem:
547 2235 714 2294 Gracchum
747 2256 812 2294 cem
842 2236 1023 2312 provinciam
1056 2254 1178 2313 pacare;
1216 2237 1241 2294 ei
1269 2237 1308 2296 T.
1328 2235 1492 2293 AEbutium

377 2339 394 2393 7
417 2351 569 2415 praetorem
592 2342 754 2399 adiutorem
776 2345 814 2400 ab
836 2351 939 2398 senatu
961 2341 1060 2398 datum
1083 2359 1156 2398 esse.
1203 2341 1379 2415 Interrumpi
1403 2349 1492 2398 teuo-

417 2464 478 2503 rem
500 2465 607 2516 rerum,
629 2448 659 2504 iu
681 2449 785 2522 quibus
807 2447 981 2523 peragendis
997 2444 1176 2504 continuatio
1197 2446 1263 2521 ipse
1282 2445 1491 2504 efficacissima

376 2549 507 2622 8esset,
542 2553 659 2609 minime
688 2553 852 2610 convenire.
909 2552 990 2609 Inter
1023 2551 1209 2608 traditionem
1233 2551 1347 2626 imperii
1369 2552 1489 2608 novita-

416 2665 534 2731 temque
554 2656 748 2725 euccessoris,
780 2675 845 2730 quse
866 2657 1019 2714 noscendis
1040 2657 1121 2731 prius
1144 2675 1232 2730 quam
1254 2655 1374 2731 agendis
1396 2657 1488 2714 rebus
1566 2639 1567 2661 ¹

415 2761 561 2818 inbuenda
582 2762 628 2831 sit,
660 2779 738 2837 saepe
769 2763 843 2818 bene
878 2763 1011 2837 gerenda
1038 2761 1081 2819 rei
1108 2761 1276 2819 occasiones
1303 2761 1487 2820 intercidere.

375 2864 393 2920 9
415 2866 549 2923 Probata
570 2865 668 2941 Popili
690 2867 840 2924 excusatio
862 2874 916 2923 est.
972 2868 1008 2923 P.
1033 2867 1160 2924 Licinius
1185 2865 1310 2924 Crassus
1332 2865 1488 2923 sacrifieiis

415 2989 448 3029 se
479 2970 613 3046 impediri
645 2971 831 3029 sollemnibus
853 2971 1029 3040 excusabat,
1064 2989 1101 3027 ue
1136 2971 1166 3028 iu
1202 2969 1383 3047 provinciam
1417 2970 1485 3028 iret.
1563 2977 1564 2980 ’

356 3071 392 3127 1⁰
415 3075 541 3135 Citerior
572 3076 718 3151 Hispania
751 3078 920 3133 obvenerat.
974 3074 1110 3134 Ceterum
1144 3084 1194 3132 aut
1226 3076 1269 3133 ire
1300 3075 1395 3133 iussus
1431 3085 1487 3135 aut

412 3182 510 3240 iurare
537 3201 592 3257 pro
613 3180 761 3251 contione,
783 3181 916 3238 sollemni
947 3181 1090 3239 sacrificio
1117 3199 1149 3238 ee
1169 3181 1327 3257 prohiberi.
1372 3181 1409 3238 Id
1431 3181 1484 3240 ubi

412 3289 442 3346 in
464 3289 502 3346 P.
522 3287 636 3343 Licinio
656 3286 698 3342 ite
719 3296 858 3343 statutum
882 3295 942 3356 est,
964 3296 993 3343 et
1014 3287 1052 3344 eb
1074 3304 1106 3342 se
1126 3285 1169 3343 uti
1190 3286 1235 3342 ius
1254 3285 1408 3343 iurandum
1432 3305 1483 3345 ac·

413 3390 552 3464 cipereut,
573 3391 615 3447 M.
637 3388 789 3447 Cornelius
813 3391 982 3465 postulavit,
1003 3409 1039 3448 ne
1063 3391 1092 3448 in
1114 3391 1288 3468 Hispaniam
1311 3391 1480 3450 ulteriorem

413 3630 429 3675 ³
449 3626 514 3674 redit
529 3626 534 3687 Ι
550 3625 768 3674 uouissesceneris
789 3622 908 3674 Grauius.
945 3628 960 3672 4
977 3623 1052 3672 iocur
1074 3621 1198 3686 (Perizon.
1218 3619 1391 3704 diffluxisss)f
1418 3623 1443 3683 2,
1463 3628 1478 3673 t

412 3727 560 3791 equaelundi
586 3728 689 3778 ³iusse
708 3734 734 3776 et
750 3728 845 3778 uidisse
863 3735 888 3777 et
906 3699 950 3776 uid
969 3733 1078 3776 ceteram
1106 3723 1357 3774 sinenenebilitete
1376 3724 1476 3792 Krepse

413 3812 504 3881 (Gsyu.
522 3814 737 3874 inenarrabiliter)
773 3813 799 3873 3,
820 3819 830 3862 l
852 3814 954 3864 territus
973 3827 1004 3862 ee
1021 3812 1139 3878 prodigis
1165 3811 1298 3873 anegebit
1331 3808 1357 3896 l,
1371 3817 1381 3860 1
1397 3812 1477 3864 hostis
1556 3851 1557 3854 ,

412 3923 628 3981 spretoreeque
671 3916 698 3976 5,
719 3923 730 3966 1
751 3917 807 3982 pisa
822 3917 828 3979 Ι
842 3917 940 3981 postilio
988 3919 1003 3962 2
1027 3915 1045 3964 l.
1065 3914 1174 3978 petilius
1192 3929 1266 3964 maso
1289 3914 1294 3976 Ι
1315 3917 1476 3978 preregrinus

411 4002 477 4054 sle
491 4004 677 4067 maluginensis
695 4002 739 4054 litt.
759 4018 861 4067 gaupra
879 4018 970 4052 vesum
987 4000 1121 4065 adscripta.
1145 4000 1344 4064 6,2depraecati
1371 4007 1475 4065 tgraa·
1554 4069 1555 4074 1

410 4104 468 4144 tum
484 4091 490 4152 l
504 4106 599 4154 pecare
616 4098 642 4140 et
660 4105 682 4140 c.
702 4093 816 4140 ebutium
837 4089 913 4156 Gryu.
933 4090 993 4150 (T.)
1011 4097 1035 4140 st
1054 4086 1130 4138 Grou.
1167 4085 1285 4150 'impul
1311 4086 1338 4145 8,
1359 4089 1474 4154 limpsrl

410 4182 470 4240 tq.
490 4179 627 4227 noscendis
663 4183 679 4226 3
706 4178 835 4240 inpoenda
850 4177 855 4239 Ι
872 4176 1036 4226 accessiones
1062 4174 1220 4224 intercedere
1268 4173 1294 4234 9,
1323 4179 1334 4223 1
1356 4175 1475 4226 sacrificis

409 4280 452 4342 10,
473 4287 484 4330 1
507 4291 553 4332 aut
569 4283 625 4331 iure
660 4287 676 4329 8
694 4279 858 4330 iureiurando
