3475 5084
551 540 629 589 utun
650 538 735 587 xuv.
786 539 836 600 (Α.
856 536 918 587 our.
939 539 1011 602 167.)
1213 544 1273 601 265

331 722 478 781 Summam
507 724 601 783 omnis
626 722 733 801 captivi
758 724 826 781 auri
851 725 1023 799 argentique
1039 724 1172 782 translati
1194 724 1316 783 milliens
1358 719 1399 790 40

246 829 395 886 ducenties
416 827 515 901 fuisse,
539 830 674 905 Valeriqs
691 831 798 889 Antias
821 830 919 901 tradit,
942 848 1001 904 qua
1021 830 1093 887 haut
1115 828 1201 886 dubie
1223 829 1316 886 maior

245 934 398 1009 aliquanto
426 952 542 991 summa
563 954 600 992 ex
627 954 748 993 numero
770 936 965 1012 plaustrorum
988 933 1222 1011 ponderibusque
1243 934 1315 1003 auri,

245 1041 359 1115 argenti
380 1042 541 1114 generatim
569 1042 608 1097 ab
635 1040 700 1115 ipso
729 1042 845 1117 scriptis
867 1040 1000 1099 efficitur.
1046 1040 1180 1097 Alterum
1203 1049 1315 1095 tantum
1338 1042 1355 1099 2

245 1159 296 1203 aut
318 1146 349 1201 in
368 1146 474 1203 bellurn
498 1163 672 1219 proxumum
695 1147 882 1222 absumptum
905 1157 956 1203 aut
977 1147 1006 1203 in
1026 1144 1107 1220 fuga,
1129 1163 1193 1203 cunr
1210 1142 1314 1201 Samo·

243 1252 366 1307 thracen
388 1260 507 1325 peteret,
529 1251 699 1327 dissipatum
721 1252 849 1313 tradunt.
886 1251 990 1326 quue
1010 1250 1042 1307 id
1063 1249 1222 1307 mirabilius
1244 1260 1315 1319 erat,

244 1356 326 1439 quod
348 1366 459 1413 tantum
481 1358 610 1431 pecunia
629 1357 706 1414 intra
727 1336 959 1434 trigintaannos
981 1367 1049 1432 post
1064 1355 1170 1413 bellum
1186 1353 1315 1428 Philippi

242 1479 308 1516 cum
333 1462 475 1519 Romanis
500 1462 605 1536 partim
633 1462 786 1521 exfructa
809 1440 1008 1533 metallorum,
1037 1444 1143 1536 partim
1166 1480 1203 1517 ex
1225 1459 1314 1517 veeti-

240 1565 360 1639 galibus
394 1567 459 1623 aliis
495 1579 699 1625 coacervatum
732 1568 839 1632 fuerat.
897 1570 1002 1643 Itaque
1037 1568 1193 1625 admodum
1229 1566 1314 1640 inops
1338 1565 1354 1620 3

241 1672 375 1744 pecunia
398 1672 567 1748 Philippus,
593 1675 720 1731 Perseus
751 1686 855 1733 contra
872 1674 1014 1750 praedives
1036 1673 1145 1730 bellare
1166 1690 1231 1727 cum
1253 1671 1314 1727 Ro·

241 1776 341 1833 manis
362 1777 459 1852 coepit.
513 1779 582 1852 Ipse
607 1791 756 1853 postremo
777 1781 889 1837 Paulus
919 1780 948 1837 in
978 1798 1061 1837 curru
1085 1795 1221 1852 magnam
1248 1793 1312 1833 eum
1337 1779 1354 1832 4

241 1882 387 1956 dignitate
417 1882 476 1939 alia
505 1884 653 1958 corporis,
684 1896 743 1943 tum
766 1896 885 1943 senecta
910 1886 975 1961 ipsa
999 1884 1179 1941 maiestatem
1202 1900 1262 1956 prae
1282 1899 1314 1937 se

239 1986 356 2056 fereus3
384 1996 451 2062 post
478 2007 593 2073 currum
620 1990 695 2047 inter
726 1992 799 2048 alios
826 1992 953 2049 illustres
980 1990 1059 2047 viros
1088 1990 1139 2046 filii
1169 1988 1244 2056 duo,
1277 1984 1312 2053 Q.

239 2093 394 2149 Maximus
427 2103 456 2150 et
477 2096 512 2153 P.
535 2094 651 2170 Scipi03
683 2096 788 2153 deinde
814 2098 925 2171 equites
950 2094 1097 2153 turmatim
1129 2105 1158 2150 et
1178 2093 1313 2149 cohortes

239 2199 374 2273 peditum
396 2199 457 2255 suis
478 2217 601 2273 quaeque
616 2200 774 2259 ordinibus.
810 2204 907 2261 Pediti
928 2204 956 2261 iu
972 2203 1101 2278 singulos
1123 2198 1184 2255 dati
1207 2197 1315 2254 dammi
1337 2201 1353 2254 5

239 2303 375 2372 centeni,
408 2304 515 2379 duplex
549 2308 716 2376 centum'oai,
755 2309 855 2381 ruptae
888 2309 986 2383 equiti.
1042 2308 1169 2363 Alteram
1202 2314 1311 2360 tantum

238 2408 335 2483 pediti
358 2409 493 2467 daturum
514 2409 604 2467 fuisse
627 2411 762 2482 eredunt,
793 2423 821 2468 et
848 2433 903 2487 pro
931 2423 997 2471 rata
1024 2410 1104 2481 aliis,
1131 2412 1156 2467 si
1184 2419 1313 2467 autnon

237 2513 387 2587 refragati
413 2514 517 2571 honori
547 2515 610 2571 eius
637 2514 761 2574 fuissent
791 2529 842 2575 aut
863 2518 1003 2593 benigne,
1031 2519 1086 2574 hac
1114 2516 1180 2590 ipsa
1200 2530 1314 2573 summa

238 2618 441 2694 pronuntiata,
463 2620 684 2682 acclamassent.
731 2622 791 2682 Sed
812 2643 872 2680 non
892 2626 1018 2681 Perseus
1039 2632 1151 2679 tantum
1175 2638 1227 2695 per
1246 2618 1313 2675 illos
1336 2622 1353 2675 6

239 2725 306 2781 dies
337 2725 539 2783 documentum
569 2728 761 2785 humanorum
790 2747 909 2786 casuum
940 2728 1009 2799 fuit,
1046 2727 1075 2785 in
1106 2726 1215 2784 catenis
1248 2733 1315 2781 ante

241 2849 362 2887 currum
390 2830 510 2887 victoris
537 2832 619 2889 ducis
647 2852 701 2908 per
729 2835 829 2891 urbem
851 2834 977 2891 hostium
1005 2834 1117 2903 duetus,
1147 2832 1198 2889 sed
1227 2830 1313 2887 etiam

241 2936 342 2993 victor
365 2935 485 3006 Paulus,
507 2955 580 2993 auro
603 2957 790 3013 purpuraque
810 2939 935 3015 fulgens.
970 2940 1050 2997 Nam
1066 2939 1179 2996 duobus
1201 2935 1313 3004 sfiliis,
1338 2940 1352 2991 7

242 3057 339 3113 quos,
366 3040 480 3097 duobus
512 3042 588 3098 datis
610 3043 639 3099 in
661 3044 864 3119 adoptionem,
895 3045 974 3120 solos
997 3043 1138 3114 nominis,
1165 3059 1314 3098 sacrorum

241 3143 423 3218 familiaque
455 3147 576 3204 heredes
605 3148 764 3205 retinuerat
790 3148 887 3217 dorni,
916 3149 1027 3216 minor,
1059 3147 1151 3205 ferme
1174 3146 1315 3203 duodecim

242 3268 342 3306 annos
364 3260 464 3323 natus,
494 3253 622 3328 quinque
648 3253 750 3310 dicbus
779 3262 846 3309 ante
872 3254 1064 3328 triumphum,
1094 3253 1201 3322 maior,
1228 3261 1314 3325 quat·

242 3506 305 3564 XL,
325 3504 375 3565 1,1
407 3523 476 3556 mam
495 3508 600 3569 omnis!
619 3506 694 3572 Gryn.
714 3505 830 3555 translati
851 3504 916 3555 H-s.
937 3505 1029 3554 millies
1065 3510 1149 3568 uque
1168 3510 1213 3551 aut
1231 3502 1315 3553 dubia

247 3592 327 3643 Gron.
348 3592 436 3660 (Gryu.
456 3608 514 3656 quus
532 3595 599 3642 haud
620 3594 707 3655 dubie)
743 3598 895 3641 3summae
913 3607 946 3641 ex
985 3592 1114 3655 tscripto
1150 3590 1175 3649 2,
1195 3596 1209 3639 2
1229 3606 1315 3639 sauro·

244 3680 361 3750 traelrem
379 3697 433 3747 Ioo.
457 3696 532 3747 Gran.
564 3695 658 3762 (Grya.
678 3696 889 3758 Samothracem)
942 3696 1031 3744 cattis
1050 3694 1216 3769 coercebatur
1233 3692 1315 3741 iuerat

244 3790 272 3848 3,
294 3783 607 3848 2bellaregemlromanis
628 3784 695 3846 oepit
741 3782 768 3844 4,
790 3789 800 3831 l
823 3797 924 3832 currum
944 3797 1040 3844 magna
1075 3780 1195 3831 aierens
1213 3794 1316 3828 currum

246 3876 366 3925 Fortasse
383 3871 472 3921 accidit
484 3872 556 3920 marn
574 3871 679 3919 uerbum:
698 3871 817 3930 incessit3
835 3878 895 3934 post
913 3883 935 3918 e.
953 3871 957 3929 Ι
972 3868 1009 3916 flli
1023 3869 1073 3917 duo
1087 3868 1228 3916 maximum
1245 3874 1315 3929 etp.

245 3960 360 4030 suscioio
370 3992 446 4040 supro
454 3974 543 4038 scripto
552 3989 569 4037 p
580 3973 721 4036 (suspicio)
729 3972 775 4035 (Q.
782 3972 843 4023 add.
853 3971 950 4037 Sigon.)
976 3971 1001 4031 5,
1015 3978 1025 4021 1
1039 3972 1066 4020 iu
1076 3972 1170 4033 singuli
1179 3968 1183 4033 l
1193 3970 1246 4019 dati
1256 3983 1316 4017 oen·

246 4066 302 4116 teni
315 4064 390 4115 Gron.
420 4068 435 4110 2
455 4062 552 4125 duplex
564 4061 643 4123 equiti
656 4066 757 4109 taurmn
776 4060 850 4125 Gryn.
868 4059 1032 4122 (centurioni,
1047 4058 1152 4130 triplex)
1173 4066 1197 4105 et
1207 4055 1318 4105 Marsuas

248 4152 383 4212 (alterum)
411 4156 493 4199 snou
506 4145 610 4209 suffragi
639 4152 654 4194 4
668 4161 768 4195 summa
779 4148 896 4195 nuntiata
906 4147 988 4196 classe
1006 4148 1050 4195 sed
1069 4159 1122 4195 non
1141 4141 1318 4207 <pronuntiata

249 4237 376 4298 Moratur)
421 4235 586 4295 Moesum
641 4232 666 4292 l,
687 4238 698 4281 l
719 4232 803 4295 filiisq.
824 4247 891 4295 quos
938 4232 1118 4283 anominibus
1160 4226 1315 4292 ttdominil

248 4321 332 4373 ferme
349 4337 407 4373 ann.
426 4321 487 4385 (a'c)
505 4328 581 4369 uatus
