<?xml version="1.0" encoding="UTF-8"?>
<!DOCTYPE html PUBLIC "-//W3C//DTD XHTML 1.0 Transitional//EN"
    "http://www.w3.org/TR/xhtml1/DTD/xhtml1-transitional.dtd">
<html xmlns="http://www.w3.org/1999/xhtml" xml:lang="en" lang="en">
 <head>
  <title>
</title>
<meta http-equiv="Content-Type" content="text/html;charset=utf-8" />
  <meta name='ocr-system' content='tesseract 3.04.00' />
  <meta name='ocr-capabilities' content='ocr_page ocr_carea ocr_par ocr_line ocrx_word'/>
</head>
<body>
  <div class='ocr_page' id='page_1' title='image "./titiliviihistor02ussigoog_0351.png"; bbox 0 0 3475 5084; ppageno 0'>
   <div class='ocr_carea' id='block_1_1' title="bbox 579 549 1294 605">
    <p class='ocr_par' dir='ltr' id='par_1_1' title="bbox 579 549 1294 605">
     <span class='ocr_line' id='line_1_1' title="bbox 579 549 1294 605; baseline 0.008 -7"><span class='ocrx_word' id='word_1_1' title='bbox 579 574 588 586; x_wconf 61' lang='grc' dir='ltr'><em>ι</em></span> <span class='ocrx_word' id='word_1_2' title='bbox 659 552 715 600; x_wconf 79' lang='lat' dir='ltr'><strong>Lib,</strong></span> <span class='ocrx_word' id='word_1_3' title='bbox 737 549 950 599; x_wconf 78' lang='lat' dir='ltr'>XXX-XXXI.</span> <span class='ocrx_word' id='word_1_4' title='bbox 1258 552 1294 605; x_wconf 76' lang='lat'><strong>33</strong></span> 
     </span>
    </p>
   </div>
   <div class='ocr_carea' id='block_1_2' title="bbox 274 734 1371 2465">
    <p class='ocr_par' dir='ltr' id='par_1_2' title="bbox 274 734 1371 2465">
     <span class='ocr_line' id='line_1_2' title="bbox 275 734 1337 815; baseline -0.001 -14"><span class='ocrx_word' id='word_1_5' title='bbox 275 753 392 801; x_wconf 88' lang='lat' dir='ltr'><strong>hostium</strong></span> <span class='ocrx_word' id='word_1_6' title='bbox 413 760 495 800; x_wconf 85' lang='lat' dir='ltr'><strong>castra</strong></span> <span class='ocrx_word' id='word_1_7' title='bbox 514 751 678 814; x_wconf 83' lang='lat' dir='ltr'><strong>expugnarit,</strong></span> <span class='ocrx_word' id='word_1_8' title='bbox 698 751 723 797; x_wconf 92' lang='lat' dir='ltr'><strong>in</strong></span> <span class='ocrx_word' id='word_1_9' title='bbox 743 750 835 811; x_wconf 91' lang='lat' dir='ltr'><strong>quibus</strong></span> <span class='ocrx_word' id='word_1_10' title='bbox 849 734 898 799; x_wconf 58' lang='lat' dir='ltr'><strong>XI]</strong></span> <span class='ocrx_word' id='word_1_11' title='bbox 917 749 1049 799; x_wconf 90' lang='lat' dir='ltr'><strong>hominnm</strong></span> <span class='ocrx_word' id='word_1_12' title='bbox 1069 751 1135 800; x_wconf 87' lang='lat' dir='ltr'><strong>ierro</strong></span> <span class='ocrx_word' id='word_1_13' title='bbox 1154 752 1258 815; x_wconf 82' lang='lat' dir='ltr'>ignique</span> <span class='ocrx_word' id='word_1_14' title='bbox 1277 768 1337 801; x_wconf 93' lang='lat' dir='ltr'><strong>eou-</strong></span> 
     </span>
     <span class='ocr_line' id='line_1_3' title="bbox 277 839 1337 908; baseline -0.001 -15"><span class='ocrx_word' id='word_1_15' title='bbox 277 853 382 908; x_wconf 87' lang='lat' dir='ltr'><strong>sumpta</strong></span> <span class='ocrx_word' id='word_1_16' title='bbox 400 851 466 893; x_wconf 87' lang='lat' dir='ltr'><strong>sunt.</strong></span> <span class='ocrx_word' id='word_1_17' title='bbox 509 843 651 907; x_wconf 78' lang='lat' dir='ltr'><strong>Syphacem</strong></span> <span class='ocrx_word' id='word_1_18' title='bbox 675 857 720 905; x_wconf 90' lang='lat' dir='ltr'><strong>per</strong></span> <span class='ocrx_word' id='word_1_19' title='bbox 738 839 768 890; x_wconf 92' lang='lat' dir='ltr'><strong>C.</strong></span> <span class='ocrx_word' id='word_1_20' title='bbox 788 842 893 891; x_wconf 82' lang='lat' dir='ltr'><strong>Laelium</strong></span> <span class='ocrx_word' id='word_1_21' title='bbox 921 852 947 891; x_wconf 85' lang='lat' dir='ltr'><strong>et</strong></span> <span class='ocrx_word' id='word_1_22' title='bbox 965 842 1128 892; x_wconf 80' lang='lat' dir='ltr'><strong>Masinissam</strong></span> <span class='ocrx_word' id='word_1_23' title='bbox 1148 846 1221 908; x_wconf 86' lang='lat' dir='ltr'><strong>oepit.</strong></span> <span class='ocrx_word' id='word_1_24' title='bbox 1259 845 1337 894; x_wconf 90' lang='lat' dir='ltr'><strong>Masi·</strong></span> 
     </span>
     <span class='ocr_line' id='line_1_4' title="bbox 277 932 1336 1001; baseline 0.003 -17"><span class='ocrx_word' id='word_1_25' title='bbox 277 936 556 1000; x_wconf 89' lang='lat' dir='ltr'><strong>nissaSophouisbam,</strong></span> <span class='ocrx_word' id='word_1_26' title='bbox 576 949 680 982; x_wconf 85' lang='lat' dir='ltr'><strong>uxorem</strong></span> <span class='ocrx_word' id='word_1_27' title='bbox 691 932 824 998; x_wconf 74' lang='lat' dir='ltr'><strong>Syphacis,</strong></span> <span class='ocrx_word' id='word_1_28' title='bbox 843 935 922 983; x_wconf 84' lang='lat' dir='ltr'><strong>liliam</strong></span> <span class='ocrx_word' id='word_1_29' title='bbox 935 936 1111 995; x_wconf 77' lang='lat' dir='ltr'><strong>Hasdrubalis,</strong></span> <span class='ocrx_word' id='word_1_30' title='bbox 1132 946 1232 1001; x_wconf 86' lang='lat' dir='ltr'><strong>captam</strong></span> <span class='ocrx_word' id='word_1_31' title='bbox 1252 940 1336 987; x_wconf 86' lang='lat' dir='ltr'><strong>statim</strong></span> 
     </span>
     <span class='ocr_line' id='line_1_5' title="bbox 275 1013 1336 1094; baseline 0.002 -18"><span class='ocrx_word' id='word_1_32' title='bbox 275 1013 409 1076; x_wconf 87' lang='lat' dir='ltr'><strong>adamavit</strong></span> <span class='ocrx_word' id='word_1_33' title='bbox 427 1036 453 1075; x_wconf 91' lang='lat' dir='ltr'><strong>et</strong></span> <span class='ocrx_word' id='word_1_34' title='bbox 471 1027 566 1089; x_wconf 88' lang='lat' dir='ltr'><strong>nuptiis</strong></span> <span class='ocrx_word' id='word_1_35' title='bbox 584 1024 659 1074; x_wconf 82' lang='lat' dir='ltr'><strong>factis</strong></span> <span class='ocrx_word' id='word_1_36' title='bbox 678 1040 785 1075; x_wconf 84' lang='lat' dir='ltr'><strong>uxorem</strong></span> <span class='ocrx_word' id='word_1_37' title='bbox 802 1027 906 1085; x_wconf 88' lang='lat' dir='ltr'><strong>habuit;</strong></span> <span class='ocrx_word' id='word_1_38' title='bbox 935 1030 1073 1091; x_wconf 86' lang='lat' dir='ltr'><strong>castigatus</strong></span> <span class='ocrx_word' id='word_1_39' title='bbox 1092 1045 1108 1076; x_wconf 89' lang='lat' dir='ltr'><strong>a</strong></span> <span class='ocrx_word' id='word_1_40' title='bbox 1127 1029 1245 1094; x_wconf 85' lang='lat' dir='ltr'><strong>Scipione</strong></span> <span class='ocrx_word' id='word_1_41' title='bbox 1264 1045 1336 1078; x_wconf 91' lang='lat' dir='ltr'><strong>vene·</strong></span> 
     </span>
     <span class='ocr_line' id='line_1_6' title="bbox 275 1118 1336 1184; baseline 0.002 -16"><span class='ocrx_word' id='word_1_42' title='bbox 275 1136 340 1168; x_wconf 91' lang='lat' dir='ltr'><strong>num</strong></span> <span class='ocrx_word' id='word_1_43' title='bbox 360 1121 383 1168; x_wconf 88' lang='lat' dir='ltr'><strong>ei</strong></span> <span class='ocrx_word' id='word_1_44' title='bbox 403 1121 478 1179; x_wconf 90' lang='lat' dir='ltr'><strong>misit,</strong></span> <span class='ocrx_word' id='word_1_45' title='bbox 498 1136 548 1184; x_wconf 89' lang='lat' dir='ltr'><strong>quo</strong></span> <span class='ocrx_word' id='word_1_46' title='bbox 566 1119 611 1167; x_wconf 87' lang='lat' dir='ltr'><strong>illa</strong></span> <span class='ocrx_word' id='word_1_47' title='bbox 627 1120 720 1167; x_wconf 88' lang='lat' dir='ltr'><strong>hausto</strong></span> <span class='ocrx_word' id='word_1_48' title='bbox 739 1120 855 1168; x_wconf 82' lang='lat' dir='ltr'><strong>decessit.</strong></span> <span class='ocrx_word' id='word_1_49' title='bbox 901 1118 1078 1183; x_wconf 83' lang='lat' dir='ltr'><strong>Effectumque</strong></span> <span class='ocrx_word' id='word_1_50' title='bbox 1106 1122 1191 1169; x_wconf 87' lang='lat' dir='ltr'><strong>multis</strong></span> <span class='ocrx_word' id='word_1_51' title='bbox 1211 1120 1336 1184; x_wconf 86' lang='lat' dir='ltr'><strong>Scipionis</strong></span> 
     </span>
     <span class='ocr_line' id='line_1_7' title="bbox 274 1210 1337 1276; baseline 0.003 -17"><span class='ocrx_word' id='word_1_52' title='bbox 274 1215 399 1273; x_wconf 86' lang='lat' dir='ltr'><strong>victoriis,</strong></span> <span class='ocrx_word' id='word_1_53' title='bbox 419 1221 447 1261; x_wconf 93' lang='lat' dir='ltr'><strong>ut</strong></span> <span class='ocrx_word' id='word_1_54' title='bbox 465 1210 690 1274; x_wconf 88' lang='lat' dir='ltr'><strong>Carthaginienses</strong></span> <span class='ocrx_word' id='word_1_55' title='bbox 709 1213 735 1260; x_wconf 91' lang='lat' dir='ltr'><strong>in</strong></span> <span class='ocrx_word' id='word_1_56' title='bbox 754 1212 956 1276; x_wconf 79' lang='lat' dir='ltr'><strong>desperationem</strong></span> <span class='ocrx_word' id='word_1_57' title='bbox 975 1213 1025 1260; x_wconf 88' lang='lat' dir='ltr'><strong>acti</strong></span> <span class='ocrx_word' id='word_1_58' title='bbox 1043 1214 1070 1260; x_wconf 92' lang='lat' dir='ltr'><strong>in</strong></span> <span class='ocrx_word' id='word_1_59' title='bbox 1089 1213 1211 1261; x_wconf 88' lang='lat' dir='ltr'><strong>auxilium</strong></span> <span class='ocrx_word' id='word_1_60' title='bbox 1229 1214 1337 1276; x_wconf 86' lang='lat' dir='ltr'><strong>publicae</strong></span> 
     </span>
     <span class='ocr_line' id='line_1_8' title="bbox 276 1304 1337 1368; baseline 0 -13"><span class='ocrx_word' id='word_1_61' title='bbox 276 1306 370 1355; x_wconf 88' lang='lat' dir='ltr'><strong>salutis</strong></span> <span class='ocrx_word' id='word_1_62' title='bbox 384 1306 556 1355; x_wconf 88' lang='lat' dir='ltr'><strong>Hannibalem</strong></span> <span class='ocrx_word' id='word_1_63' title='bbox 566 1312 723 1353; x_wconf 78' lang='lat' dir='ltr'><strong>revocarent.</strong></span> <span class='ocrx_word' id='word_1_64' title='bbox 760 1304 836 1368; x_wconf 87' lang='lat' dir='ltr'><strong>Isque</strong></span> <span class='ocrx_word' id='word_1_65' title='bbox 849 1320 917 1353; x_wconf 92' lang='lat' dir='ltr'><strong>anno</strong></span> <span class='ocrx_word' id='word_1_66' title='bbox 930 1313 1004 1354; x_wconf 87' lang='lat' dir='ltr'><strong>sexto</strong></span> <span class='ocrx_word' id='word_1_67' title='bbox 1015 1306 1114 1353; x_wconf 90' lang='lat' dir='ltr'><strong>decimo</strong></span> <span class='ocrx_word' id='word_1_68' title='bbox 1125 1304 1200 1354; x_wconf 89' lang='lat' dir='ltr'><strong>ltalia</strong></span> <span class='ocrx_word' id='word_1_69' title='bbox 1214 1307 1337 1355; x_wconf 82' lang='lat' dir='ltr'><strong>decedens</strong></span> 
     </span>
     <span class='ocr_line' id='line_1_9' title="bbox 276 1398 1371 1485; baseline 0 -38"><span class='ocrx_word' id='word_1_70' title='bbox 276 1402 304 1447; x_wconf 93' lang='lat' dir='ltr'><strong>in</strong></span> <span class='ocrx_word' id='word_1_71' title='bbox 328 1399 441 1448; x_wconf 86' lang='lat' dir='ltr'><strong>Africam</strong></span> <span class='ocrx_word' id='word_1_72' title='bbox 467 1399 567 1448; x_wconf 93' lang='lat' dir='ltr'><strong>traiecit</strong></span> <span class='ocrx_word' id='word_1_73' title='bbox 587 1399 742 1459; x_wconf 81' lang='lat' dir='ltr'><strong>tentavitque</strong></span> <span class='ocrx_word' id='word_1_74' title='bbox 767 1412 812 1461; x_wconf 90' lang='lat' dir='ltr'><strong>per</strong></span> <span class='ocrx_word' id='word_1_75' title='bbox 838 1398 998 1485; x_wconf 74' lang='lat' dir='ltr'><strong>colloquium</strong></span> <span class='ocrx_word' id='word_1_76' title='bbox 1024 1413 1113 1462; x_wconf 87' lang='lat' dir='ltr'><strong>pacem</strong></span> <span class='ocrx_word' id='word_1_77' title='bbox 1144 1414 1201 1446; x_wconf 89' lang='lat' dir='ltr'><strong>cum</strong></span> <span class='ocrx_word' id='word_1_78' title='bbox 1220 1398 1337 1462; x_wconf 86' lang='lat' dir='ltr'><strong>Scipione</strong></span> <span class='ocrx_word' id='word_1_79' title='bbox 1370 1462 1371 1465; x_wconf 8' lang='grc' dir='ltr'><strong>Ἴ</strong></span> 
     </span>
     <span class='ocr_line' id='line_1_10' title="bbox 275 1489 1336 1557; baseline -0.006 -15"><span class='ocrx_word' id='word_1_80' title='bbox 275 1507 441 1557; x_wconf 89' lang='lat' dir='ltr'><strong>componere,</strong></span> <span class='ocrx_word' id='word_1_81' title='bbox 461 1500 486 1541; x_wconf 89' lang='lat' dir='ltr'><strong>et</strong></span> <span class='ocrx_word' id='word_1_82' title='bbox 498 1507 575 1555; x_wconf 91' lang='lat' dir='ltr'><strong>quum</strong></span> <span class='ocrx_word' id='word_1_83' title='bbox 595 1492 626 1538; x_wconf 90' lang='lat' dir='ltr'><strong>de</strong></span> <span class='ocrx_word' id='word_1_84' title='bbox 645 1489 837 1539; x_wconf 88' lang='lat' dir='ltr'><strong>condicionibus</strong></span> <span class='ocrx_word' id='word_1_85' title='bbox 853 1491 922 1554; x_wconf 86' lang='lat' dir='ltr'><strong>pacis</strong></span> <span class='ocrx_word' id='word_1_86' title='bbox 936 1505 986 1537; x_wconf 92' lang='lat' dir='ltr'><strong>non</strong></span> <span class='ocrx_word' id='word_1_87' title='bbox 1002 1491 1170 1552; x_wconf 89' lang='lat' dir='ltr'><strong>convenisset,</strong></span> <span class='ocrx_word' id='word_1_88' title='bbox 1189 1491 1243 1538; x_wconf 86' lang='lat' dir='ltr'><strong>acie</strong></span> <span class='ocrx_word' id='word_1_89' title='bbox 1257 1490 1336 1538; x_wconf 87' lang='lat' dir='ltr'><strong>victus</strong></span> 
     </span>
     <span class='ocr_line' id='line_1_11' title="bbox 276 1582 1337 1646; baseline -0.004 -11"><span class='ocrx_word' id='word_1_90' title='bbox 276 1595 324 1636; x_wconf 91' lang='lat' dir='ltr'><strong>est.</strong></span> <span class='ocrx_word' id='word_1_91' title='bbox 364 1585 420 1633; x_wconf 87' lang='lat' dir='ltr'><strong>Pax</strong></span> <span class='ocrx_word' id='word_1_92' title='bbox 438 1583 692 1646; x_wconf 77' lang='lat' dir='ltr'><strong>Carthaginiensibus</strong></span> <span class='ocrx_word' id='word_1_93' title='bbox 717 1584 861 1646; x_wconf 89' lang='lat' dir='ltr'><strong>petentibus</strong></span> <span class='ocrx_word' id='word_1_94' title='bbox 886 1583 946 1631; x_wconf 87' lang='lat' dir='ltr'><strong>data</strong></span> <span class='ocrx_word' id='word_1_95' title='bbox 964 1592 1009 1632; x_wconf 89' lang='lat' dir='ltr'><strong>est.</strong></span> <span class='ocrx_word' id='word_1_96' title='bbox 1047 1582 1176 1631; x_wconf 83' lang='lat' dir='ltr'><strong>Hannibal</strong></span> <span class='ocrx_word' id='word_1_97' title='bbox 1199 1583 1337 1645; x_wconf 85' lang='lat' dir='ltr'><strong>Gisgonem</strong></span> 
     </span>
     <span class='ocr_line' id='line_1_12' title="bbox 274 1675 1337 1743; baseline -0.004 -16"><span class='ocrx_word' id='word_1_98' title='bbox 274 1694 369 1743; x_wconf 88' lang='lat' dir='ltr'><strong>pacem</strong></span> <span class='ocrx_word' id='word_1_99' title='bbox 396 1678 585 1727; x_wconf 88' lang='lat' dir='ltr'><strong>dissuadentem</strong></span> <span class='ocrx_word' id='word_1_100' title='bbox 612 1689 690 1722; x_wconf 89' lang='lat' dir='ltr'><strong>manu</strong></span> <span class='ocrx_word' id='word_1_101' title='bbox 716 1690 762 1723; x_wconf 85' lang='lat' dir='ltr'><strong>sua</strong></span> <span class='ocrx_word' id='word_1_102' title='bbox 780 1675 904 1735; x_wconf 84' lang='lat' dir='ltr'><strong>detraxit;</strong></span> <span class='ocrx_word' id='word_1_103' title='bbox 932 1685 1052 1725; x_wconf 88' lang='lat' dir='ltr'><strong>excusata</strong></span> <span class='ocrx_word' id='word_1_104' title='bbox 1078 1676 1169 1723; x_wconf 90' lang='lat' dir='ltr'><strong>deinde</strong></span> <span class='ocrx_word' id='word_1_105' title='bbox 1196 1676 1337 1723; x_wconf 75' lang='lat' dir='ltr'><strong>temeritate</strong></span> 
     </span>
     <span class='ocr_line' id='line_1_13' title="bbox 276 1766 1337 1833; baseline -0.004 -13"><span class='ocrx_word' id='word_1_106' title='bbox 276 1771 349 1830; x_wconf 85' lang='lat' dir='ltr'><strong>iacti,</strong></span> <span class='ocrx_word' id='word_1_107' title='bbox 368 1772 424 1833; x_wconf 90' lang='lat' dir='ltr'><strong>ipsc</strong></span> <span class='ocrx_word' id='word_1_108' title='bbox 443 1784 531 1832; x_wconf 87' lang='lat' dir='ltr'><strong>paoem</strong></span> <span class='ocrx_word' id='word_1_109' title='bbox 550 1768 640 1817; x_wconf 89' lang='lat' dir='ltr'><strong>suasit.</strong></span> <span class='ocrx_word' id='word_1_110' title='bbox 679 1766 823 1815; x_wconf 73' lang='lat' dir='ltr'><strong>Masinissa</strong></span> <span class='ocrx_word' id='word_1_111' title='bbox 841 1782 947 1829; x_wconf 85' lang='lat' dir='ltr'><strong>regnum</strong></span> <span class='ocrx_word' id='word_1_112' title='bbox 964 1770 1107 1817; x_wconf 87' lang='lat' dir='ltr'><strong>restitutum</strong></span> <span class='ocrx_word' id='word_1_113' title='bbox 1125 1776 1172 1816; x_wconf 88' lang='lat' dir='ltr'><strong>est.</strong></span> <span class='ocrx_word' id='word_1_114' title='bbox 1210 1769 1337 1817; x_wconf 72' lang='lat' dir='ltr'><strong>Reuersus</strong></span> 
     </span>
     <span class='ocr_line' id='line_1_14' title="bbox 274 1842 1336 1924; baseline -0.003 -12"><span class='ocrx_word' id='word_1_115' title='bbox 274 1866 304 1912; x_wconf 91' lang='lat' dir='ltr'><strong>in</strong></span> <span class='ocrx_word' id='word_1_116' title='bbox 323 1864 413 1910; x_wconf 90' lang='lat' dir='ltr'><strong>urbem</strong></span> <span class='ocrx_word' id='word_1_117' title='bbox 433 1862 519 1924; x_wconf 89' lang='lat' dir='ltr'><strong>Scipio</strong></span> <span class='ocrx_word' id='word_1_118' title='bbox 538 1858 724 1922; x_wconf 84' lang='lat' dir='ltr'><strong>amplissimum</strong></span> <span class='ocrx_word' id='word_1_119' title='bbox 742 1859 979 1924; x_wconf 84' lang='lat' dir='ltr'><strong>nobilissimumque</strong></span> <span class='ocrx_word' id='word_1_120' title='bbox 999 1842 1051 1922; x_wconf 75' lang='lat' dir='ltr'><strong>eg&#39;it</strong></span> <span class='ocrx_word' id='word_1_121' title='bbox 1068 1861 1232 1924; x_wconf 88' lang='lat' dir='ltr'><strong>triumphurn,</strong></span> <span class='ocrx_word' id='word_1_122' title='bbox 1261 1875 1336 1923; x_wconf 93' lang='lat' dir='ltr'><strong>quem</strong></span> 
     </span>
     <span class='ocr_line' id='line_1_15' title="bbox 274 1950 1336 2017; baseline -0.002 -14"><span class='ocrx_word' id='word_1_123' title='bbox 274 1955 309 2015; x_wconf 80' lang='lat' dir='ltr'><strong>Q.</strong></span> <span class='ocrx_word' id='word_1_124' title='bbox 337 1954 472 2003; x_wconf 87' lang='lat' dir='ltr'><strong>Terentius</strong></span> <span class='ocrx_word' id='word_1_125' title='bbox 496 1950 586 2001; x_wconf 88' lang='lat' dir='ltr'><strong>Culleo</strong></span> <span class='ocrx_word' id='word_1_126' title='bbox 613 1959 715 2001; x_wconf 87' lang='lat' dir='ltr'><strong>senator</strong></span> <span class='ocrx_word' id='word_1_127' title='bbox 740 1952 851 2015; x_wconf 86' lang='lat' dir='ltr'><strong>pileatus</strong></span> <span class='ocrx_word' id='word_1_128' title='bbox 880 1961 981 2001; x_wconf 87' lang='lat' dir='ltr'><strong>secutus</strong></span> <span class='ocrx_word' id='word_1_129' title='bbox 1009 1961 1054 2001; x_wconf 90' lang='lat' dir='ltr'><strong>est.</strong></span> <span class='ocrx_word' id='word_1_130' title='bbox 1095 1952 1180 2017; x_wconf 87' lang='lat' dir='ltr'><strong>Scipio</strong></span> <span class='ocrx_word' id='word_1_131' title='bbox 1201 1952 1336 2002; x_wconf 80' lang='lat' dir='ltr'><strong>Africanus</strong></span> 
     </span>
     <span class='ocr_line' id='line_1_16' title="bbox 276 2043 1336 2111; baseline -0.003 -15"><span class='ocrx_word' id='word_1_132' title='bbox 276 2050 427 2111; x_wconf 88' lang='lat' dir='ltr'><strong>(incertum,</strong></span> <span class='ocrx_word' id='word_1_133' title='bbox 445 2046 549 2094; x_wconf 89' lang='lat' dir='ltr'><strong>militari</strong></span> <span class='ocrx_word' id='word_1_134' title='bbox 567 2046 637 2108; x_wconf 88' lang='lat' dir='ltr'><strong>prius</strong></span> <span class='ocrx_word' id='word_1_135' title='bbox 655 2043 743 2093; x_wconf 83' lang='lat' dir='ltr'><strong>lavore</strong></span> <span class='ocrx_word' id='word_1_136' title='bbox 762 2060 794 2093; x_wconf 89' lang='lat' dir='ltr'><strong>an</strong></span> <span class='ocrx_word' id='word_1_137' title='bbox 812 2046 927 2108; x_wconf 88' lang='lat' dir='ltr'><strong>populari</strong></span> <span class='ocrx_word' id='word_1_138' title='bbox 948 2058 1009 2092; x_wconf 86' lang='lat' dir='ltr'><strong>aura</strong></span> <span class='ocrx_word' id='word_1_139' title='bbox 1029 2045 1065 2091; x_wconf 87' lang='lat' dir='ltr'><strong>ita</strong></span> <span class='ocrx_word' id='word_1_140' title='bbox 1081 2048 1276 2107; x_wconf 88' lang='lat' dir='ltr'><strong>cognominatus</strong></span> <span class='ocrx_word' id='word_1_141' title='bbox 1292 2046 1336 2104; x_wconf 84' lang='lat' dir='ltr'><strong>sit)</strong></span> 
     </span>
     <span class='ocr_line' id='line_1_17' title="bbox 275 2137 1336 2203; baseline -0.003 -15"><span class='ocrx_word' id='word_1_142' title='bbox 275 2141 375 2203; x_wconf 88' lang='lat' dir='ltr'><strong>primus</strong></span> <span class='ocrx_word' id='word_1_143' title='bbox 394 2147 462 2187; x_wconf 91' lang='lat' dir='ltr'><strong>certe</strong></span> <span class='ocrx_word' id='word_1_144' title='bbox 481 2139 522 2186; x_wconf 90' lang='lat' dir='ltr'><strong>hic</strong></span> <span class='ocrx_word' id='word_1_145' title='bbox 540 2139 675 2201; x_wconf 87' lang='lat' dir='ltr'><strong>imperator</strong></span> <span class='ocrx_word' id='word_1_146' title='bbox 699 2138 771 2187; x_wconf 80' lang='lat' dir='ltr'><strong>rictas</strong></span> <span class='ocrx_word' id='word_1_147' title='bbox 795 2154 810 2185; x_wconf 93' lang='lat' dir='ltr'><strong>a</strong></span> <span class='ocrx_word' id='word_1_148' title='bbox 833 2153 860 2186; x_wconf 91' lang='lat' dir='ltr'><strong>se</strong></span> <span class='ocrx_word' id='word_1_149' title='bbox 885 2137 987 2185; x_wconf 89' lang='lat' dir='ltr'><strong>nomine</strong></span> <span class='ocrx_word' id='word_1_150' title='bbox 1012 2138 1094 2198; x_wconf 86' lang='lat' dir='ltr'><strong>gentis</strong></span> <span class='ocrx_word' id='word_1_151' title='bbox 1119 2138 1268 2187; x_wconf 84' lang='lat' dir='ltr'><strong>nobilitatus</strong></span> <span class='ocrx_word' id='word_1_152' title='bbox 1291 2148 1336 2187; x_wconf 87' lang='lat' dir='ltr'><strong>est.</strong></span> 
     </span>
     <span class='ocr_line' id='line_1_18' title="bbox 275 2225 1337 2299; baseline -0.002 -19"><span class='ocrx_word' id='word_1_153' title='bbox 275 2233 358 2293; x_wconf 82' lang='lat' dir='ltr'><strong>Mago</strong></span> <span class='ocrx_word' id='word_1_154' title='bbox 378 2225 475 2299; x_wconf 60' lang='lat' dir='ltr'><strong>[ballol</strong></span> <span class='ocrx_word' id='word_1_155' title='bbox 495 2230 538 2291; x_wconf 90' lang='lat' dir='ltr'><strong>qui</strong></span> <span class='ocrx_word' id='word_1_156' title='bbox 557 2232 584 2278; x_wconf 93' lang='lat' dir='ltr'><strong>iu</strong></span> <span class='ocrx_word' id='word_1_157' title='bbox 599 2244 661 2291; x_wconf 90' lang='lat' dir='ltr'><strong>agro</strong></span> <span class='ocrx_word' id='word_1_158' title='bbox 681 2229 817 2279; x_wconf 89' lang='lat' dir='ltr'><strong>Insubrum</strong></span> <span class='ocrx_word' id='word_1_159' title='bbox 836 2245 894 2279; x_wconf 92' lang='lat' dir='ltr'><strong>cum</strong></span> <span class='ocrx_word' id='word_1_160' title='bbox 906 2230 1029 2279; x_wconf 88' lang='lat' dir='ltr'><strong>Romanis</strong></span> <span class='ocrx_word' id='word_1_161' title='bbox 1046 2229 1201 2290; x_wconf 83' lang='lat' dir='ltr'><strong>conflixerat,</strong></span> <span class='ocrx_word' id='word_1_162' title='bbox 1221 2231 1337 2278; x_wconf 89' lang='lat' dir='ltr'><strong>vulnera-</strong></span> 
     </span>
     <span class='ocr_line' id='line_1_19' title="bbox 274 2322 1336 2387; baseline -0.003 -15"><span class='ocrx_word' id='word_1_163' title='bbox 274 2335 336 2383; x_wconf 90' lang='lat' dir='ltr'><strong>tus,</strong></span> <span class='ocrx_word' id='word_1_164' title='bbox 365 2339 442 2387; x_wconf 93' lang='lat' dir='ltr'><strong>qnum</strong></span> <span class='ocrx_word' id='word_1_165' title='bbox 462 2324 489 2370; x_wconf 92' lang='lat' dir='ltr'><strong>in</strong></span> <span class='ocrx_word' id='word_1_166' title='bbox 507 2322 623 2371; x_wconf 81' lang='lat' dir='ltr'><strong>Africam</strong></span> <span class='ocrx_word' id='word_1_167' title='bbox 642 2322 805 2386; x_wconf 85' lang='lat' dir='ltr'><strong>perlegales</strong></span> <span class='ocrx_word' id='word_1_168' title='bbox 824 2331 955 2370; x_wconf 85' lang='lat' dir='ltr'><strong>revocatus</strong></span> <span class='ocrx_word' id='word_1_169' title='bbox 974 2329 1154 2381; x_wconf 85' lang='lat' dir='ltr'><strong>reverteretur,</strong></span> <span class='ocrx_word' id='word_1_170' title='bbox 1184 2337 1216 2370; x_wconf 85' lang='lat' dir='ltr'><strong>ex</strong></span> <span class='ocrx_word' id='word_1_171' title='bbox 1234 2323 1336 2371; x_wconf 87' lang='lat' dir='ltr'><strong>vulnere</strong></span> 
     </span>
     <span class='ocr_line' id='line_1_20' title="bbox 275 2423 458 2465; baseline -0.005 0"><span class='ocrx_word' id='word_1_172' title='bbox 275 2423 393 2465; x_wconf 90' lang='lat' dir='ltr'><strong>mortuus</strong></span> <span class='ocrx_word' id='word_1_173' title='bbox 412 2423 458 2464; x_wconf 87' lang='lat' dir='ltr'><strong>est.</strong></span> 
     </span>
    </p>
   </div>
   <div class='ocr_carea' id='block_1_3' title="bbox 680 2572 934 2622">
    <p class='ocr_par' dir='ltr' id='par_1_3' title="bbox 680 2572 934 2622">
     <span class='ocr_line' id='line_1_21' title="bbox 680 2572 934 2622; baseline 0.012 -3"><span class='ocrx_word' id='word_1_174' title='bbox 680 2572 729 2620; x_wconf 78' lang='lat' dir='ltr'><strong>ldX</strong></span> <span class='ocrx_word' id='word_1_175' title='bbox 746 2572 813 2622; x_wconf 89' lang='lat' dir='ltr'>LIB.</span> <span class='ocrx_word' id='word_1_176' title='bbox 832 2572 934 2622; x_wconf 88' lang='lat' dir='ltr'>XXXI.</span> 
     </span>
    </p>
   </div>
   <div class='ocr_carea' id='block_1_4' title="bbox 271 2687 1367 3764">
    <p class='ocr_par' dir='ltr' id='par_1_4' title="bbox 271 2687 1367 3764">
     <span class='ocr_line' id='line_1_22' title="bbox 347 2687 1335 2751; baseline 0 -14"><span class='ocrx_word' id='word_1_177' title='bbox 347 2690 414 2738; x_wconf 91' lang='lat' dir='ltr'><strong>Belli</strong></span> <span class='ocrx_word' id='word_1_178' title='bbox 440 2691 560 2737; x_wconf 85' lang='lat' dir='ltr'><strong>adversus</strong></span> <span class='ocrx_word' id='word_1_179' title='bbox 584 2687 730 2750; x_wconf 89' lang='lat' dir='ltr'><strong>Philippum</strong></span> <span class='ocrx_word' id='word_1_180' title='bbox 756 2687 914 2735; x_wconf 73' lang='lat' dir='ltr'><strong>Macedoniae</strong></span> <span class='ocrx_word' id='word_1_181' title='bbox 943 2703 1043 2751; x_wconf 86' lang='lat' dir='ltr'><strong>regem,</strong></span> <span class='ocrx_word' id='word_1_182' title='bbox 1072 2689 1139 2751; x_wconf 87' lang='lat' dir='ltr'><strong>qnod</strong></span> <span class='ocrx_word' id='word_1_183' title='bbox 1164 2688 1335 2737; x_wconf 90' lang='lat' dir='ltr'><strong>intermissum</strong></span> 
     </span>
     <span class='ocr_line' id='line_1_23' title="bbox 275 2779 1336 2845; baseline -0.003 -13"><span class='ocrx_word' id='word_1_184' title='bbox 275 2791 345 2844; x_wconf 90' lang='lat' dir='ltr'><strong>erat,</strong></span> <span class='ocrx_word' id='word_1_185' title='bbox 370 2782 468 2845; x_wconf 89' lang='lat' dir='ltr'><strong>repetiti</strong></span> <span class='ocrx_word' id='word_1_186' title='bbox 494 2795 576 2829; x_wconf 76' lang='lat' dir='ltr'><strong>causus</strong></span> <span class='ocrx_word' id='word_1_187' title='bbox 601 2779 744 2827; x_wconf 80' lang='lat' dir='ltr'><strong>referuntur</strong></span> <span class='ocrx_word' id='word_1_188' title='bbox 766 2780 819 2827; x_wconf 79' lang='lat' dir='ltr'><strong>ha:</strong></span> <span class='ocrx_word' id='word_1_189' title='bbox 853 2781 977 2843; x_wconf 83' lang='lat' dir='ltr'><strong>Tempore</strong></span> <span class='ocrx_word' id='word_1_190' title='bbox 1006 2780 1134 2829; x_wconf 90' lang='lat' dir='ltr'><strong>initiorum</strong></span> <span class='ocrx_word' id='word_1_191' title='bbox 1159 2782 1210 2829; x_wconf 91' lang='lat' dir='ltr'><strong>duo</strong></span> <span class='ocrx_word' id='word_1_192' title='bbox 1234 2782 1336 2829; x_wconf 87' lang='lat' dir='ltr'><strong>idveues</strong></span> 
     </span>
     <span class='ocr_line' id='line_1_24' title="bbox 273 2872 1335 2935; baseline -0.002 -12"><span class='ocrx_word' id='word_1_193' title='bbox 273 2877 442 2934; x_wconf 87' lang='lat' dir='ltr'><strong>Acarnanes,</strong></span> <span class='ocrx_word' id='word_1_194' title='bbox 473 2875 515 2935; x_wconf 92' lang='lat' dir='ltr'><strong>qui</strong></span> <span class='ocrx_word' id='word_1_195' title='bbox 535 2888 587 2921; x_wconf 90' lang='lat' dir='ltr'><strong>non</strong></span> <span class='ocrx_word' id='word_1_196' title='bbox 607 2881 679 2920; x_wconf 89' lang='lat' dir='ltr'><strong>erant</strong></span> <span class='ocrx_word' id='word_1_197' title='bbox 697 2872 805 2934; x_wconf 88' lang='lat' dir='ltr'><strong>initiati,</strong></span> <span class='ocrx_word' id='word_1_198' title='bbox 833 2872 949 2920; x_wconf 86' lang='lat' dir='ltr'><strong>Athenas</strong></span> <span class='ocrx_word' id='word_1_199' title='bbox 968 2882 1092 2920; x_wconf 88' lang='lat' dir='ltr'><strong>venerunt</strong></span> <span class='ocrx_word' id='word_1_200' title='bbox 1110 2883 1135 2921; x_wconf 87' lang='lat' dir='ltr'><strong>et</strong></span> <span class='ocrx_word' id='word_1_201' title='bbox 1153 2875 1180 2922; x_wconf 94' lang='lat' dir='ltr'><strong>in</strong></span> <span class='ocrx_word' id='word_1_202' title='bbox 1199 2876 1335 2923; x_wconf 89' lang='lat' dir='ltr'><strong>sacrarium</strong></span> 
     </span>
     <span class='ocr_line' id='line_1_25' title="bbox 277 2960 1367 3031; baseline 0 -15"><span class='ocrx_word' id='word_1_203' title='bbox 277 2967 378 3016; x_wconf 88' lang='lat' dir='ltr'><strong>Cereris</strong></span> <span class='ocrx_word' id='word_1_204' title='bbox 397 2981 453 3014; x_wconf 89' lang='lat' dir='ltr'><strong>eum</strong></span> <span class='ocrx_word' id='word_1_205' title='bbox 473 2966 528 3013; x_wconf 91' lang='lat' dir='ltr'><strong>aliis</strong></span> <span class='ocrx_word' id='word_1_206' title='bbox 545 2965 712 3029; x_wconf 89' lang='lat' dir='ltr'><strong>popularibus</strong></span> <span class='ocrx_word' id='word_1_207' title='bbox 731 2965 783 3012; x_wconf 90' lang='lat' dir='ltr'><strong>suis</strong></span> <span class='ocrx_word' id='word_1_208' title='bbox 801 2965 970 3023; x_wconf 71' lang='lat' dir='ltr'><strong>intraverunt,</strong></span> <span class='ocrx_word' id='word_1_209' title='bbox 998 2966 1031 3013; x_wconf 92' lang='lat' dir='ltr'><strong>ob</strong></span> <span class='ocrx_word' id='word_1_210' title='bbox 1050 2966 1107 3027; x_wconf 88' lang='lat' dir='ltr'><strong>hoc,</strong></span> <span class='ocrx_word' id='word_1_211' title='bbox 1128 2976 1248 3031; x_wconf 90' lang='lat' dir='ltr'><strong>tanquam</strong></span> <span class='ocrx_word' id='word_1_212' title='bbox 1267 2983 1337 3015; x_wconf 89' lang='lat' dir='ltr'><strong>sum·</strong></span> <span class='ocrx_word' id='word_1_213' title='bbox 1359 2960 1367 2980; x_wconf 67' lang='lat'><strong>⁸</strong></span> 
     </span>
     <span class='ocr_line' id='line_1_26' title="bbox 274 3057 1335 3114; baseline -0.003 -6"><span class='ocrx_word' id='word_1_214' title='bbox 274 3075 346 3109; x_wconf 89' lang='lat' dir='ltr'><strong>mum</strong></span> <span class='ocrx_word' id='word_1_215' title='bbox 374 3057 448 3107; x_wconf 87' lang='lat' dir='ltr'><strong>neias</strong></span> <span class='ocrx_word' id='word_1_216' title='bbox 466 3058 670 3114; x_wconf 86' lang='lat' dir='ltr'><strong>commisissent,</strong></span> <span class='ocrx_word' id='word_1_217' title='bbox 701 3057 732 3104; x_wconf 91' lang='lat' dir='ltr'><strong>ab</strong></span> <span class='ocrx_word' id='word_1_218' title='bbox 755 3057 951 3106; x_wconf 79' lang='lat' dir='ltr'><strong>Atheniensibus</strong></span> <span class='ocrx_word' id='word_1_219' title='bbox 978 3059 1057 3106; x_wconf 91' lang='lat' dir='ltr'><strong>occisi</strong></span> <span class='ocrx_word' id='word_1_220' title='bbox 1084 3069 1150 3107; x_wconf 87' lang='lat' dir='ltr'><strong>sunt.</strong></span> <span class='ocrx_word' id='word_1_221' title='bbox 1187 3060 1335 3107; x_wconf 81' lang='lat' dir='ltr'><strong>Acarnanes</strong></span> 
     </span>
     <span class='ocr_line' id='line_1_27' title="bbox 273 3148 1336 3213; baseline -0.006 -12"><span class='ocrx_word' id='word_1_222' title='bbox 273 3152 401 3201; x_wconf 87' lang='lat' dir='ltr'><strong>mortibus</strong></span> <span class='ocrx_word' id='word_1_223' title='bbox 427 3165 531 3199; x_wconf 90' lang='lat' dir='ltr'><strong>suorum</strong></span> <span class='ocrx_word' id='word_1_224' title='bbox 557 3151 676 3198; x_wconf 90' lang='lat' dir='ltr'><strong>commoti</strong></span> <span class='ocrx_word' id='word_1_225' title='bbox 701 3150 734 3197; x_wconf 90' lang='lat' dir='ltr'><strong>ad</strong></span> <span class='ocrx_word' id='word_1_226' title='bbox 759 3148 927 3197; x_wconf 86' lang='lat' dir='ltr'><strong>vindicandos</strong></span> <span class='ocrx_word' id='word_1_227' title='bbox 950 3149 1010 3197; x_wconf 91' lang='lat' dir='ltr'><strong>illos</strong></span> <span class='ocrx_word' id='word_1_228' title='bbox 1032 3151 1153 3198; x_wconf 86' lang='lat' dir='ltr'><strong>auxilium</strong></span> <span class='ocrx_word' id='word_1_229' title='bbox 1179 3166 1194 3199; x_wconf 90' lang='lat' dir='ltr'><strong>a</strong></span> <span class='ocrx_word' id='word_1_230' title='bbox 1218 3151 1336 3213; x_wconf 89' lang='lat' dir='ltr'><strong>Philippo</strong></span> 
     </span>
     <span class='ocr_line' id='line_1_28' title="bbox 272 3240 1336 3311; baseline -0.002 -18"><span class='ocrx_word' id='word_1_231' title='bbox 272 3245 404 3309; x_wconf 89' lang='lat' dir='ltr'><strong>petierunt</strong></span> <span class='ocrx_word' id='word_1_232' title='bbox 423 3251 449 3290; x_wconf 88' lang='lat' dir='ltr'><strong>et</strong></span> <span class='ocrx_word' id='word_1_233' title='bbox 469 3243 584 3291; x_wconf 83' lang='lat' dir='ltr'><strong>Athenas</strong></span> <span class='ocrx_word' id='word_1_234' title='bbox 602 3249 827 3304; x_wconf 82' lang='lat' dir='ltr'><strong>oppugnaverunt3</strong></span> <span class='ocrx_word' id='word_1_235' title='bbox 849 3240 1020 3290; x_wconf 87' lang='lat' dir='ltr'><strong>Athenienses</strong></span> <span class='ocrx_word' id='word_1_236' title='bbox 1039 3244 1161 3291; x_wconf 86' lang='lat' dir='ltr'><strong>auxilium</strong></span> <span class='ocrx_word' id='word_1_237' title='bbox 1182 3260 1197 3291; x_wconf 90' lang='lat' dir='ltr'><strong>a</strong></span> <span class='ocrx_word' id='word_1_238' title='bbox 1217 3244 1336 3311; x_wconf 82' lang='lat' dir='ltr'><strong>Romanis</strong></span> 
     </span>
     <span class='ocr_line' id='line_1_29' title="bbox 272 3332 1336 3401; baseline -0.002 -16"><span class='ocrx_word' id='word_1_239' title='bbox 272 3338 411 3401; x_wconf 89' lang='lat' dir='ltr'><strong>petierunt.</strong></span> <span class='ocrx_word' id='word_1_240' title='bbox 444 3332 562 3397; x_wconf 86' lang='lat' dir='ltr'><strong>Coeptum</strong></span> <span class='ocrx_word' id='word_1_241' title='bbox 576 3344 613 3383; x_wconf 89' lang='lat' dir='ltr'><strong>est</strong></span> <span class='ocrx_word' id='word_1_242' title='bbox 626 3342 712 3381; x_wconf 88' lang='lat' dir='ltr'><strong>autem</strong></span> <span class='ocrx_word' id='word_1_243' title='bbox 726 3348 793 3380; x_wconf 90' lang='lat' dir='ltr'><strong>anno</strong></span> <span class='ocrx_word' id='word_1_244' title='bbox 804 3334 1025 3395; x_wconf 87' lang='lat' dir='ltr'><strong>quinqueutesimo</strong></span> <span class='ocrx_word' id='word_1_245' title='bbox 1036 3336 1246 3398; x_wconf 88' lang='lat' dir='ltr'><strong>quinquagesimo</strong></span> <span class='ocrx_word' id='word_1_246' title='bbox 1258 3335 1336 3398; x_wconf 83' lang='lat' dir='ltr'><strong>primo</strong></span> 
     </span>
     <span class='ocr_line' id='line_1_30' title="bbox 272 3424 1333 3490; baseline -0.004 -11"><span class='ocrx_word' id='word_1_247' title='bbox 272 3432 307 3479; x_wconf 88' lang='lat' dir='ltr'><strong>ab</strong></span> <span class='ocrx_word' id='word_1_248' title='bbox 327 3430 390 3477; x_wconf 91' lang='lat' dir='ltr'><strong>urbe</strong></span> <span class='ocrx_word' id='word_1_249' title='bbox 409 3428 520 3482; x_wconf 87' lang='lat' dir='ltr'><strong>condita,</strong></span> <span class='ocrx_word' id='word_1_250' title='bbox 539 3435 701 3489; x_wconf 88' lang='lat' dir='ltr'><strong>postpacem</strong></span> <span class='ocrx_word' id='word_1_251' title='bbox 713 3424 966 3486; x_wconf 85' lang='lat' dir='ltr'><strong>Carthaginiensibus</strong></span> <span class='ocrx_word' id='word_1_252' title='bbox 985 3428 1069 3474; x_wconf 87' lang='lat' dir='ltr'><strong>datam</strong></span> <span class='ocrx_word' id='word_1_253' title='bbox 1089 3426 1177 3490; x_wconf 88' lang='lat' dir='ltr'><strong>paucis</strong></span> <span class='ocrx_word' id='word_1_254' title='bbox 1197 3428 1333 3476; x_wconf 85' lang='lat' dir='ltr'><strong>mensibus.</strong></span> 
     </span>
     <span class='ocr_line' id='line_1_31' title="bbox 275 3518 1335 3583; baseline -0.002 -14"><span class='ocrx_word' id='word_1_255' title='bbox 275 3523 362 3583; x_wconf 82' lang='lat' dir='ltr'><strong>Qtrnm</strong></span> <span class='ocrx_word' id='word_1_256' title='bbox 384 3519 593 3577; x_wconf 82' lang='lat' dir='ltr'><strong>Atheniensium,</strong></span> <span class='ocrx_word' id='word_1_257' title='bbox 622 3519 664 3581; x_wconf 91' lang='lat' dir='ltr'><strong>qui</strong></span> <span class='ocrx_word' id='word_1_258' title='bbox 684 3534 700 3566; x_wconf 89' lang='lat' dir='ltr'><strong>a</strong></span> <span class='ocrx_word' id='word_1_259' title='bbox 718 3518 838 3582; x_wconf 89' lang='lat' dir='ltr'><strong>Philippo</strong></span> <span class='ocrx_word' id='word_1_260' title='bbox 857 3518 1054 3576; x_wconf 88' lang='lat' dir='ltr'><strong>obsidebantur,</strong></span> <span class='ocrx_word' id='word_1_261' title='bbox 1081 3520 1159 3581; x_wconf 81' lang='lat' dir='ltr'><strong>legati</strong></span> <span class='ocrx_word' id='word_1_262' title='bbox 1178 3520 1300 3568; x_wconf 88' lang='lat' dir='ltr'><strong>auxilium</strong></span> <span class='ocrx_word' id='word_1_263' title='bbox 1320 3536 1335 3567; x_wconf 88' lang='lat' dir='ltr'><strong>a</strong></span> 
     </span>
     <span class='ocr_line' id='line_1_32' title="bbox 273 3608 1335 3677; baseline -0.008 -11"><span class='ocrx_word' id='word_1_264' title='bbox 273 3625 366 3667; x_wconf 88' lang='lat' dir='ltr'><strong>senatu</strong></span> <span class='ocrx_word' id='word_1_265' title='bbox 394 3615 518 3677; x_wconf 90' lang='lat' dir='ltr'><strong>petissent</strong></span> <span class='ocrx_word' id='word_1_266' title='bbox 545 3619 570 3660; x_wconf 90' lang='lat' dir='ltr'><strong>et</strong></span> <span class='ocrx_word' id='word_1_267' title='bbox 595 3612 621 3658; x_wconf 97' lang='lat' dir='ltr'><strong>id</strong></span> <span class='ocrx_word' id='word_1_268' title='bbox 649 3619 751 3660; x_wconf 85' lang='lat' dir='ltr'><strong>senatus</strong></span> <span class='ocrx_word' id='word_1_269' title='bbox 778 3608 910 3659; x_wconf 81' lang='lat' dir='ltr'><strong>ferendum</strong></span> <span class='ocrx_word' id='word_1_270' title='bbox 938 3612 1088 3668; x_wconf 86' lang='lat' dir='ltr'><strong>censuisset,</strong></span> <span class='ocrx_word' id='word_1_271' title='bbox 1120 3610 1207 3672; x_wconf 90' lang='lat' dir='ltr'><strong>plebe,</strong></span> <span class='ocrx_word' id='word_1_272' title='bbox 1238 3611 1278 3657; x_wconf 91' lang='lat' dir='ltr'><strong>cui</strong></span> <span class='ocrx_word' id='word_1_273' title='bbox 1298 3619 1335 3657; x_wconf 88' lang='lat' dir='ltr'><strong>tot</strong></span> 
     </span>
     <span class='ocr_line' id='line_1_33' title="bbox 271 3703 1335 3764; baseline -0.007 -7"><span class='ocrx_word' id='word_1_274' title='bbox 271 3709 401 3758; x_wconf 89' lang='lat' dir='ltr'><strong>bellorum</strong></span> <span class='ocrx_word' id='word_1_275' title='bbox 427 3705 561 3754; x_wconf 88' lang='lat' dir='ltr'><strong>continuus</strong></span> <span class='ocrx_word' id='word_1_276' title='bbox 587 3703 661 3752; x_wconf 89' lang='lat' dir='ltr'><strong>labor</strong></span> <span class='ocrx_word' id='word_1_277' title='bbox 684 3703 767 3764; x_wconf 83' lang='lat' dir='ltr'><strong>gravis</strong></span> <span class='ocrx_word' id='word_1_278' title='bbox 794 3710 862 3761; x_wconf 90' lang='lat' dir='ltr'><strong>erat,</strong></span> <span class='ocrx_word' id='word_1_279' title='bbox 889 3703 1066 3761; x_wconf 88' lang='lat' dir='ltr'><strong>dissentiente,</strong></span> <span class='ocrx_word' id='word_1_280' title='bbox 1093 3704 1175 3751; x_wconf 88' lang='lat' dir='ltr'><strong>tenuit</strong></span> <span class='ocrx_word' id='word_1_281' title='bbox 1197 3703 1335 3751; x_wconf 87' lang='lat' dir='ltr'><strong>auctoritas</strong></span> 
     </span>
    </p>
   </div>
   <div class='ocr_carea' id='block_1_5' title="bbox 271 3778 1335 3865">
    <p class='ocr_par' dir='ltr' id='par_1_5' title="bbox 271 3778 1335 3865">
     <span class='ocr_line' id='line_1_34' title="bbox 271 3778 1335 3865; baseline -0.006 -16"><span class='ocrx_word' id='word_1_282' title='bbox 271 3809 385 3865; x_wconf 89' lang='lat' dir='ltr'><strong>patrum,</strong></span> <span class='ocrx_word' id='word_1_283' title='bbox 412 3807 441 3845; x_wconf 88' lang='lat' dir='ltr'><strong>ut</strong></span> <span class='ocrx_word' id='word_1_284' title='bbox 469 3797 544 3847; x_wconf 80' lang='lat' dir='ltr'><strong>sorim</strong></span> <span class='ocrx_word' id='word_1_285' title='bbox 571 3796 664 3843; x_wconf 89' lang='lat' dir='ltr'><strong>civitati</strong></span> <span class='ocrx_word' id='word_1_286' title='bbox 688 3778 774 3856; x_wconf 62' lang='lat' dir='ltr'><strong>Merra</strong></span> <span class='ocrx_word' id='word_1_287' title='bbox 802 3810 903 3858; x_wconf 86' lang='lat' dir='ltr'><strong>quoque</strong></span> <span class='ocrx_word' id='word_1_288' title='bbox 930 3809 1004 3859; x_wconf 90' lang='lat' dir='ltr'><strong>opem</strong></span> <span class='ocrx_word' id='word_1_289' title='bbox 1029 3796 1138 3858; x_wconf 92' lang='lat' dir='ltr'><strong>populus</strong></span> <span class='ocrx_word' id='word_1_290' title='bbox 1162 3796 1268 3843; x_wconf 85' lang='lat' dir='ltr'><strong>iuberet.</strong></span> <span class='ocrx_word' id='word_1_291' title='bbox 1306 3795 1335 3843; x_wconf 85' lang='lat' dir='ltr'><strong>Id</strong></span> 
     </span>
    </p>
   </div>
   <div class='ocr_carea' id='block_1_6' title="bbox 271 3886 1335 4319">
    <p class='ocr_par' dir='ltr' id='par_1_6' title="bbox 271 3886 1335 4319">
     <span class='ocr_line' id='line_1_35' title="bbox 271 3886 1334 3951; baseline -0.006 -10"><span class='ocrx_word' id='word_1_292' title='bbox 271 3893 372 3942; x_wconf 90' lang='lat' dir='ltr'><strong>bellum</strong></span> <span class='ocrx_word' id='word_1_293' title='bbox 392 3890 422 3938; x_wconf 90' lang='lat' dir='ltr'><strong>P.</strong></span> <span class='ocrx_word' id='word_1_294' title='bbox 435 3889 550 3951; x_wconf 88' lang='lat' dir='ltr'><strong>Sulpicio</strong></span> <span class='ocrx_word' id='word_1_295' title='bbox 569 3887 668 3936; x_wconf 90' lang='lat' dir='ltr'><strong>consuli</strong></span> <span class='ocrx_word' id='word_1_296' title='bbox 687 3890 834 3936; x_wconf 88' lang='lat' dir='ltr'><strong>mandatum</strong></span> <span class='ocrx_word' id='word_1_297' title='bbox 855 3896 900 3946; x_wconf 90' lang='lat' dir='ltr'><strong>est,</strong></span> <span class='ocrx_word' id='word_1_298' title='bbox 921 3889 972 3951; x_wconf 88' lang='lat' dir='ltr'><strong>qui,</strong></span> <span class='ocrx_word' id='word_1_299' title='bbox 992 3889 1104 3936; x_wconf 83' lang='lat' dir='ltr'><strong>exercitu</strong></span> <span class='ocrx_word' id='word_1_300' title='bbox 1123 3886 1334 3935; x_wconf 86' lang='lat' dir='ltr'><strong>inMacedouiam</strong></span> 
     </span>
     <span class='ocr_line' id='line_1_36' title="bbox 273 3979 1334 4045; baseline -0.01 -9"><span class='ocrx_word' id='word_1_301' title='bbox 273 3988 361 4043; x_wconf 89' lang='lat' dir='ltr'><strong>ducto,</strong></span> <span class='ocrx_word' id='word_1_302' title='bbox 387 3982 545 4045; x_wconf 88' lang='lat' dir='ltr'><strong>equestribus</strong></span> <span class='ocrx_word' id='word_1_303' title='bbox 559 3980 660 4042; x_wconf 82' lang='lat' dir='ltr'><strong>proeliis</strong></span> <span class='ocrx_word' id='word_1_304' title='bbox 684 3995 802 4043; x_wconf 89' lang='lat' dir='ltr'><strong>prospere</strong></span> <span class='ocrx_word' id='word_1_305' title='bbox 826 3994 882 4027; x_wconf 90' lang='lat' dir='ltr'><strong>cum</strong></span> <span class='ocrx_word' id='word_1_306' title='bbox 901 3980 1022 4043; x_wconf 92' lang='lat' dir='ltr'><strong>Philippo</strong></span> <span class='ocrx_word' id='word_1_307' title='bbox 1045 3981 1175 4043; x_wconf 84' lang='lat' dir='ltr'><strong>pugnavit.</strong></span> <span class='ocrx_word' id='word_1_308' title='bbox 1219 3979 1334 4041; x_wconf 84' lang='lat' dir='ltr'><strong>Abydeni</strong></span> 
     </span>
     <span class='ocr_line' id='line_1_37' title="bbox 272 4072 1334 4139; baseline -0.007 -13"><span class='ocrx_word' id='word_1_309' title='bbox 272 4095 288 4126; x_wconf 91' lang='lat' dir='ltr'><strong>a</strong></span> <span class='ocrx_word' id='word_1_310' title='bbox 307 4076 431 4139; x_wconf 82' lang='lat' dir='ltr'><strong>Philippo</strong></span> <span class='ocrx_word' id='word_1_311' title='bbox 450 4073 548 4122; x_wconf 86' lang='lat' dir='ltr'><strong>hbsessi</strong></span> <span class='ocrx_word' id='word_1_312' title='bbox 569 4073 601 4118; x_wconf 85' lang='lat' dir='ltr'><strong>ad</strong></span> <span class='ocrx_word' id='word_1_313' title='bbox 620 4072 764 4134; x_wconf 84' lang='lat' dir='ltr'><strong>exemplum</strong></span> <span class='ocrx_word' id='word_1_314' title='bbox 785 4072 984 4133; x_wconf 88' lang='lat' dir='ltr'><strong>Saguntinorum</strong></span> <span class='ocrx_word' id='word_1_315' title='bbox 1004 4089 1063 4122; x_wconf 89' lang='lat' dir='ltr'><strong>suos</strong></span> <span class='ocrx_word' id='word_1_316' title='bbox 1082 4088 1159 4134; x_wconf 90' lang='lat' dir='ltr'><strong>seque</strong></span> <span class='ocrx_word' id='word_1_317' title='bbox 1177 4072 1334 4119; x_wconf 84' lang='lat' dir='ltr'><strong>occiderunt.</strong></span> 
     </span>
     <span class='ocr_line' id='line_1_38' title="bbox 271 4163 1334 4229; baseline -0.006 -12"><span class='ocrx_word' id='word_1_318' title='bbox 271 4170 303 4218; x_wconf 86' lang='lat' dir='ltr'><strong>L.</strong></span> <span class='ocrx_word' id='word_1_319' title='bbox 324 4168 418 4216; x_wconf 87' lang='lat' dir='ltr'><strong>Furius</strong></span> <span class='ocrx_word' id='word_1_320' title='bbox 444 4173 537 4229; x_wconf 83' lang='lat' dir='ltr'><strong>praetor</strong></span> <span class='ocrx_word' id='word_1_321' title='bbox 561 4163 651 4212; x_wconf 90' lang='lat' dir='ltr'><strong>Gallos</strong></span> <span class='ocrx_word' id='word_1_322' title='bbox 669 4164 790 4213; x_wconf 88' lang='lat' dir='ltr'><strong>Insubres</strong></span> <span class='ocrx_word' id='word_1_323' title='bbox 814 4165 967 4213; x_wconf 85' lang='lat' dir='ltr'><strong>rebellantes</strong></span> <span class='ocrx_word' id='word_1_324' title='bbox 993 4179 1018 4214; x_wconf 87' lang='lat' dir='ltr'><strong>et</strong></span> <span class='ocrx_word' id='word_1_325' title='bbox 1036 4166 1208 4215; x_wconf 86' lang='lat' dir='ltr'><strong>Hamilcarem</strong></span> <span class='ocrx_word' id='word_1_326' title='bbox 1227 4163 1334 4211; x_wconf 91' lang='lat' dir='ltr'><strong>Poenum</strong></span> 
     </span>
     <span class='ocr_line' id='line_1_39' title="bbox 272 4255 1335 4319; baseline -0.006 -10"><span class='ocrx_word' id='word_1_327' title='bbox 272 4260 370 4310; x_wconf 90' lang='lat' dir='ltr'><strong>bellum</strong></span> <span class='ocrx_word' id='word_1_328' title='bbox 397 4258 422 4305; x_wconf 91' lang='lat' dir='ltr'><strong>in</strong></span> <span class='ocrx_word' id='word_1_329' title='bbox 448 4273 478 4305; x_wconf 87' lang='lat' dir='ltr'><strong>ca</strong></span> <span class='ocrx_word' id='word_1_330' title='bbox 503 4265 574 4319; x_wconf 90' lang='lat' dir='ltr'><strong>parte</strong></span> <span class='ocrx_word' id='word_1_331' title='bbox 599 4255 681 4303; x_wconf 72' lang='lat' dir='ltr'><strong>ltaliae</strong></span> <span class='ocrx_word' id='word_1_332' title='bbox 705 4255 852 4304; x_wconf 89' lang='lat' dir='ltr'><strong>molientem</strong></span> <span class='ocrx_word' id='word_1_333' title='bbox 879 4258 934 4305; x_wconf 87' lang='lat' dir='ltr'><strong>acie</strong></span> <span class='ocrx_word' id='word_1_334' title='bbox 957 4259 1025 4308; x_wconf 89' lang='lat' dir='ltr'><strong>vicit.</strong></span> <span class='ocrx_word' id='word_1_335' title='bbox 1067 4258 1199 4307; x_wconf 85' lang='lat' dir='ltr'><strong>Hamilcar</strong></span> <span class='ocrx_word' id='word_1_336' title='bbox 1218 4271 1248 4305; x_wconf 89' lang='lat' dir='ltr'><strong>eo</strong></span> <span class='ocrx_word' id='word_1_337' title='bbox 1268 4256 1335 4304; x_wconf 89' lang='lat' dir='ltr'><strong>bello</strong></span> 
     </span>
    </p>
   </div>
   <div class='ocr_carea' id='block_1_7' title="bbox 270 4347 1332 4493">
    <p class='ocr_par' dir='ltr' id='par_1_7' title="bbox 270 4347 1332 4493">
     <span class='ocr_line' id='line_1_40' title="bbox 270 4347 1332 4415; baseline -0.006 -14"><span class='ocrx_word' id='word_1_338' title='bbox 270 4352 374 4402; x_wconf 89' lang='lat' dir='ltr'><strong>occisus</strong></span> <span class='ocrx_word' id='word_1_339' title='bbox 395 4357 433 4399; x_wconf 88' lang='lat' dir='ltr'><strong>est</strong></span> <span class='ocrx_word' id='word_1_340' title='bbox 451 4357 476 4397; x_wconf 86' lang='lat' dir='ltr'><strong>et</strong></span> <span class='ocrx_word' id='word_1_341' title='bbox 494 4348 574 4396; x_wconf 89' lang='lat' dir='ltr'><strong>millia</strong></span> <span class='ocrx_word' id='word_1_342' title='bbox 585 4349 716 4396; x_wconf 91' lang='lat' dir='ltr'><strong>hominum</strong></span> <span class='ocrx_word' id='word_1_343' title='bbox 732 4347 843 4396; x_wconf 88' lang='lat' dir='ltr'>XXXV.</span> <span class='ocrx_word' id='word_1_344' title='bbox 881 4348 1009 4399; x_wconf 76' lang='lat' dir='ltr'><strong>Praeterea</strong></span> <span class='ocrx_word' id='word_1_345' title='bbox 1028 4352 1201 4415; x_wconf 85' lang='lat' dir='ltr'><strong>expeditiones</strong></span> <span class='ocrx_word' id='word_1_346' title='bbox 1220 4349 1332 4412; x_wconf 86' lang='lat' dir='ltr'><strong>Philippi</strong></span> 
     </span>
     <span class='ocr_line' id='line_1_41' title="bbox 298 4446 1134 4493; baseline -0.006 -7"><span class='ocrx_word' id='word_1_347' title='bbox 298 4448 374 4487; x_wconf 84' lang='lat' dir='ltr'><strong>Livius</strong></span> <span class='ocrx_word' id='word_1_348' title='bbox 388 4457 415 4485; x_wconf 79' lang='lat' dir='ltr'><strong>ex</strong></span> <span class='ocrx_word' id='word_1_349' title='bbox 429 4457 468 4484; x_wconf 87' lang='lat' dir='ltr'><strong>ree.</strong></span> <span class='ocrx_word' id='word_1_350' title='bbox 484 4446 592 4493; x_wconf 80' lang='lat' dir='ltr'><strong>Madvigii.</strong></span> <span class='ocrx_word' id='word_1_351' title='bbox 623 4446 680 4484; x_wconf 82' lang='lat' dir='ltr'><strong>Vlll.</strong></span> <span class='ocrx_word' id='word_1_352' title='bbox 1121 4449 1134 4491; x_wconf 88' lang='lat'><strong>3</strong></span> 
     </span>
    </p>
   </div>
   <div class='ocr_carea' id='block_1_8' title="bbox 0 0 1742 5084">
    <p class='ocr_par' dir='ltr' id='par_1_8' title="bbox 0 0 1742 5084">
     <span class='ocr_line' id='line_1_42' title="bbox 0 0 1742 5084; baseline 0 1"><span class='ocrx_word' id='word_1_353' title='bbox 0 0 1742 5084; x_wconf 95' lang='lat' dir='ltr'><strong> </strong></span> 
     </span>
    </p>
   </div>
  </div>
 </body>
</html>
