3475 5084
466 511 504 565 66
887 507 1019 559 Periocha

425 704 546 756 Solonem
564 704 671 755 domuit.
711 703 741 755 P.
762 702 868 755 Clodius
886 707 919 755 ad
937 707 1038 771 plebem
1057 706 1165 756 transiit.
1204 706 1234 763 G.
1247 706 1332 757 Cesar
1340 707 1467 757 Lusitanos

423 797 539 859 subegit,
557 810 638 859 eoque
653 798 800 846 consulatus
816 797 953 845 candidato
972 804 997 845 et
1009 805 1127 861 captante
1141 813 1192 847 rem
1204 800 1334 863 publicam
1350 800 1469 861 invadere,

423 889 577 952 conspiratio
601 888 668 939 inter
693 898 744 940 tres
772 888 881 939 civitatis
907 890 1034 952 principes
1064 890 1132 939 faeta
1161 899 1213 951 est,
1246 891 1292 941 Cn.
1318 891 1469 955 Pompeium,

423 980 460 1031 M.
482 981 613 1041 Crassum,
633 980 661 1029 (i.
682 979 817 1031 Caesarem.
852 982 937 1044 Leges
957 984 1063 1044 agrariae
1083 999 1098 1031 a
1117 982 1217 1033 Caesare
1237 999 1288 1034 eos.
1308 999 1368 1032 enm
1388 998 1471 1047 magna

423 1074 585 1123 contentione
615 1073 693 1122 invito
719 1085 809 1125 senatu
839 1083 865 1124 et
892 1075 972 1124 altero
1000 1075 1105 1125 consulo
1137 1076 1174 1126 Μ.
1201 1075 1295 1124 Bibulo
1325 1077 1386 1125 latae
1412 1084 1471 1124 sunt.

423 1165 452 1216 0.
467 1168 596 1216 Antonius
615 1182 715 1230 procos.
735 1168 760 1216 in
772 1166 883 1215 Thracia
901 1183 990 1231 parum
1007 1183 1127 1231 prospere
1145 1183 1195 1217 rem
1213 1168 1302 1229 gessit.
1340 1168 1378 1215 M.
1391 1168 1472 1217 Cicero

422 1260 480 1323 iege
499 1276 515 1308 a
533 1259 563 1308 P.
582 1256 674 1308 Clodio
693 1270 723 1307 tr.
743 1260 778 1323 pl.
803 1260 869 1320 lata,
897 1261 965 1322 quod
990 1262 1148 1327 indemnatos
1173 1262 1240 1310 cives
1267 1262 1423 1319 necavisset,
1449 1261 1473 1308 in

422 1354 538 1403 exsilium
557 1354 648 1402 missus
667 1361 708 1401 est.
745 1350 831 1401 (iasar
847 1352 874 1400 in
891 1354 1047 1416 provinciam
1067 1352 1176 1410 Galliam
1196 1351 1323 1416 profectus
1339 1354 1471 1411 Helvetios,

421 1462 510 1509 ragam
530 1456 645 1509 gentem,
664 1446 775 1503 domuit,
804 1458 860 1508 quat
884 1446 968 1494 sedem
989 1460 1103 1509 quaerens
1126 1461 1171 1509 per
1193 1446 1352 1509 provinciam
1374 1446 1473 1496 Cassiis

421 1538 568 1588 Narbonem
593 1530 642 1587 itii
664 1536 747 1585 iacere
771 1539 880 1586 volebat.
930 1539 1058 1588 Praeterea
1088 1540 1162 1587 situm
1182 1536 1323 1587 Galliarum
1358 1539 1472 1587 eontinet.

421 1632 558 1696 Pompeius
582 1632 613 1679 de
633 1628 793 1686 Mithridate,
819 1627 896 1679 ductis
914 1639 968 1679 onte
992 1648 1085 1679 carram
1106 1632 1192 1680 liberis
1210 1632 1369 1680 Mithridatis
1392 1641 1418 1680 et
1434 1632 1473 1680 Ti·

421 1739 500 1787 grane
519 1723 639 1785 Tigranis
657 1722 718 1783 iilio,
737 1722 903 1789 triumpharit
920 1724 1083 1786 Magnusque
1106 1740 1122 1772 a
1145 1732 1199 1773 tota
1222 1724 1344 1772 contione
1363 1724 1473 1771 consalu·

421 1825 488 1867 tatus
507 1824 553 1866 est.

835 1920 884 1969 EX
902 1920 969 1970 LIB.
989 1919 1057 1969 CIV.

465 2008 468 2015 Ι
491 2036 577 2084 Prima
598 2048 657 2097 pars
679 2033 738 2081 libri
765 2034 840 2082 situm
864 2033 1007 2083 Germania
1031 2048 1162 2096 moresque
1184 2034 1304 2083 eontinet.
1343 2031 1375 2083 0.
1396 2032 1473 2083 Cesar

421 2144 500 2194 quum
518 2129 641 2176 adversus
660 2126 812 2186 Germanos,
844 2129 886 2190 qui
917 2128 1046 2175 Ariovisto
1073 2128 1137 2175 dues
1163 2127 1190 2174 in
1209 2124 1319 2174 Galliam
1347 2103 1472 2189 transcen·

421 2221 519 2277 derant,
538 2220 676 2268 exereitum
696 2221 798 2267 duceret
817 2228 922 2281 rogatus
941 2220 973 2268 ab
985 2218 1077 2267 Eduis
1096 2228 1122 2265 et
1135 2218 1268 2281 Sequanis,
1289 2233 1399 2279 quorum
1418 2234 1473 2281 ager

420 2311 612 2374 possidebatur,
637 2312 831 2374 trepidationem
856 2312 964 2359 militum
988 2321 1090 2375 propter
1108 2320 1203 2359 metum
1223 2325 1349 2360 novorum
1370 2312 1472 2361 hostiam

421 2412 501 2453 ortam
522 2403 675 2451 allocutione
694 2404 820 2451 exercitus
839 2404 949 2452 inhibuit
973 2417 998 2453 et
1020 2405 1100 2453 victos
1118 2404 1207 2466 proelio
1229 2404 1374 2453 Germanos
1396 2405 1472 2453 Gallis

420 2496 524 2559 expulit.
561 2494 596 2543 M.
622 2492 721 2551 Cicero,
750 2493 875 2557 Pompeio
899 2496 966 2544 inter
993 2497 1056 2545 alios
1080 2512 1105 2544 sa
1130 2504 1262 2544 exserente
1286 2505 1311 2544 et
1336 2497 1369 2546 T.
1395 2496 1472 2545 Annio

420 2588 517 2638 Milone
535 2595 566 2635 tr.
585 2587 635 2650 pl.‚
661 2587 758 2649 ingenti
778 2589 871 2648 gaudio
897 2598 1000 2636 senatus
1019 2604 1049 2637 ac
1068 2590 1145 2637 totius
1164 2589 1244 2637 ltalia
1269 2589 1302 2636 ab
1327 2590 1422 2637 exsilio
1441 2602 1473 2635 re·

420 2683 512 2731 duetus
535 2690 581 2729 est.
621 2679 668 2728 Cn.
691 2680 813 2743 Pompeio
840 2695 886 2745 per
910 2682 1107 2744 quinquennium
1134 2694 1243 2728 annonae
1269 2696 1330 2728 eura
1360 2683 1473 2729 mandata

420 2783 467 2823 est.
505 2772 751 2830 casarnmbianos,
772 2772 932 2834 Suessiones,
952 2774 1152 2835 Viromanduos,
1174 2773 1317 2835 Atrebates,
1337 2775 1471 2836 Belgarum

419 2866 542 2930 populos,
568 2879 675 2928 qnorum
699 2866 788 2926 ingens
807 2866 944 2913 multitudo
963 2874 1030 2923 erat,
1056 2867 1145 2930 proelio
1165 2866 1245 2914 victos
1271 2867 1297 2913 in
1320 2866 1472 2913 deditionem

419 2959 532 3022 aceepit,
557 2971 587 3006 ac
605 2958 696 3005 deinde
714 2966 803 3005 contra
820 2957 934 3016 Nervios,
954 2960 1027 3006 nnius
1047 2974 1079 3007 ex
1097 2960 1137 3007 his
1156 2958 1276 3017 civitatis,
1303 2972 1364 3005 oum
1384 2972 1471 3018 magno

420 3053 564 3101 discrimine
582 3051 706 3114 pugnavit
723 3063 829 3112 eamque
848 3058 949 3113 gentem
968 3052 1068 3109 delevit,
1094 3066 1149 3113 quae
1168 3051 1262 3098 bellurn
1283 3052 1374 3112 gessit,
1398 3052 1471 3097 donee

419 3161 452 3195 ox
469 3131 518 3194 {X
543 3156 696 3194 armatorum
720 3142 749 3190 M
777 3152 944 3206 superessent,
975 3158 1007 3191 ex
1032 3142 1079 3191 Dc
1108 3143 1266 3191 senatoribus
1294 3151 1352 3210 tres¹
1378 3153 1470 3192 tantum

418 3240 561 3289 evaderent.
606 3238 676 3299 Lege
698 3236 753 3284 lata
779 3236 811 3282 de
836 3236 975 3297 redigenda
1001 3236 1025 3283 in
1049 3236 1185 3299 provinciae
1208 3235 1317 3284 formam
1341 3234 1427 3299 Cypro
1449 3242 1471 3282 et

417 3331 573 3396 publicanda
585 3330 694 3393 pecunia
710 3330 783 3391 regia
793 3328 829 3375 M.
842 3326 933 3375 Catoni
952 3329 1137 3377 administratio
1156 3329 1210 3375 eius
1228 3328 1264 3374 rei
1284 3328 1410 3376 mandata
1428 3334 1469 3375 est.

417 3424 572 3471 Ptolemaeus
590 3422 696 3485 AEgypti
716 3437 761 3469 rex
779 3422 811 3469 ob
830 3420 944 3483 iniurias,
964 3435 1027 3482 quas
1046 3420 1189 3483 patiebatur
1207 3434 1223 3467 a
1240 3420 1301 3477 suis,
1322 3434 1403 3482 regno
1420 3436 1470 3482 pro·

419 3517 489 3579 sapas
515 3516 622 3563 Romam
650 3515 726 3561 venit.
774 3512 804 3565 G.
823 3511 910 3562 Caesar
931 3511 1058 3568 Venetos,
1090 3521 1188 3573 gentem
1219 3510 1322 3560 Oceano
1352 3513 1469 3569 iunctam,

417 3607 500 3655 navali
519 3608 609 3671 proelio
627 3606 695 3655 vicit.
737 3605 865 3654 Praeterea
882 3620 922 3654 res
940 3620 956 3652 a
974 3604 1065 3667 legatis
1084 3606 1137 3654 eius
1157 3606 1245 3653 eadem
1265 3601 1371 3652 iortnna
1390 3611 1468 3665 gestas

418 3700 538 3749 continet.

838 3822 887 3871 Ex
906 3822 972 3871 LIB.
992 3821 1048 3872 GV.

487 3940 572 4001 Quum
585 3937 614 3988 C.
627 3936 731 3987 Catonis
747 3938 839 3987 tribuni
854 3938 935 4001 plebis
953 3936 1177 3987 intercessionibus
1196 3934 1299 3982 comitia
1313 3933 1465 3989 tollerentur,

416 4041 520 4083 senatus
538 4040 635 4081 restem
654 4031 767 4079 mutavit.
803 4029 837 4078 M.
858 4027 923 4077 Cato
947 4030 974 4077 in
999 4030 1119 4092 petitione
1137 4037 1265 4091 praeturae,
1293 4027 1400 4088 praelato
1418 4025 1464 4073 Va·

415 4128 487 4183 tinio,
511 4125 639 4189 repulsam
657 4123 723 4171 tulit.
774 4122 844 4170 Idem
872 4137 948 4185 quum
976 4122 1057 4183 legem
1084 4122 1227 4183 impediret,
1259 4133 1310 4183 qua
1336 4118 1463 4181 provincia

416 4218 563 4268 consulibus
581 4218 607 4265 in
626 4216 834 4280 quinquennium,
856 4214 978 4277 Pompeio
998 4213 1134 4276 Hispaniae,
1155 4202 1253 4261 'Cr-asso
1272 4211 1346 4273 Syria
1364 4219 1390 4259 et
1408 4211 1463 4259 Par·

415 4310 510 4359 tbicum
529 4311 627 4358 bellum
646 4310 779 4366 dabantur,
799 4305 856 4357 aC.
869 4306 998 4356 Trebonio
1017 4314 1047 4354 tr.
1060 4306 1104 4369 pl.‚
1124 4306 1188 4367 legis
1200 4311 1311 4361 auctore,
1331 4303 1358 4356 iu
1369 4302 1462 4353 vincula
