3475 5084
483 532 538 588 ttu
718 556 724 561 ·
749 526 827 576 Liber
843 524 928 575 XLII.
961 524 1009 587 (A.
1029 540 1054 575 u.
1075 538 1096 574 o.
1118 524 1190 590 688.)

436 729 540 769 manos
561 710 639 769 circa
661 729 708 767 ex·
725 711 804 785 agris
825 711 989 769 demessum
1010 710 1185 768 frumentum
1208 710 1381 781 convehere,
1402 709 1500 766 deinde

437 826 505 873 ante
533 833 595 871 sua·
614 833 759 891 quemque
786 817 911 895 tentoria
938 818 1033 892 spicas
1060 816 1188 874 fascibus
1217 816 1417 885 desecantem,
1446 832 1499 888 quo

437 920 537 996 purius
568 919 743 978 frumentum
774 932 893 993 tereret,
925 923 1057 997 ingentes
1090 938 1211 979 acervos
1239 939 1292 994 per
1317 930 1381 976 tota
1409 930 1500 977 castra

397 1031 415 1086 3
438 1034 662 1085 stramentorum
695 1027 814 1096 fecisse,
845 1037 927 1085 ratus
960 1028 1092 1085 incendio
1128 1036 1294 1101 opportuna
1322 1043 1396 1095 esse,
1425 1024 1500 1081 faces

438 1132 601 1204 taedamque
616 1122 652 1186 'et
673 1129 824 1187 malleolos
843 1141 956 1208 stuppae
977 1133 1074 1189 inlitos
1091 1132 1155 1207 pice
1177 1131 1277 1206 parari
1298 1131 1389 1199 iubet,
1404 1125 1501 1203 'adque

438 1236 480 1293 ita
502 1236 598 1293 media
619 1245 703 1292 nocte
724 1235 934 1310 profectusum,
957 1249 988 1294 ut
1002 1239 1097 1313 prima
1118 1238 1183 1294 luce
1205 1238 1363 1312 adgressus
1384 1234 1500 1294 falleret.

396 1350 415 1403 4
439 1342 646 1416 Nequidquam
669 1340 770 1415 primae
791 1342 932 1399 stationes
954 1361 1101 1417 oppressas
1116 1341 1239 1398 tumultu
1263 1361 1297 1399 ac
1319 1351 1432 1399 terrore
1452 1360 1500 1397 suo

438 1455 549 1503 ceteros
571 1446 779 1516 excitaverunt,
801 1446 973 1522 signumque
996 1449 1094 1505 datum
1118 1457 1161 1505 est
1184 1467 1266 1505 arma
1287 1446 1435 1522 extemplo
1458 1465 1501 1501 ca·

439 1552 550 1627 piendi;
576 1552 719 1623 simulque
745 1550 775 1606 in
802 1553 889 1623 vallo,
909 1554 946 1609 ad
969 1565 1069 1628 portas
1092 1554 1173 1610 miles
1195 1554 1352 1609 instructus
1378 1561 1456 1622 erat,
1478 1562 1500 1606 et

398 1659 415 1710 5
438 1669 453 1723 †
472 1657 503 1712 in
514 1666 614 1713 conste
626 1656 851 1730 oppugnationis
863 1667 1033 1717 castrorum.
1065 1660 1191 1716 Perseus
1209 1655 1265 1735 [et]
1282 1658 1430 1733 extemplo
1452 1658 1501 1713 cir-

439 1761 565 1835 eumegit
588 1760 679 1817 aciem
702 1772 731 1817 et
755 1762 850 1837 prims
866 1764 1074 1838 impedimenta
1085 1764 1137 1833 ire,
1156 1763 1260 1820 deiude
1278 1764 1409 1838 peditum
1425 1763 1502 1837 signa
1535 1766 1540 1779 “

437 1866 507 1923 ferri
535 1866 632 1939 iussit3
660 1867 723 1941 ipsa
750 1887 815 1925 cum
841 1870 972 1942 equitatu
1003 1879 1031 1926 et
1059 1868 1117 1924 levi
1145 1878 1295 1925 armatura
1319 1868 1448 1925 substitit
1469 1868 1503 1923 ad

439 1989 544 2045 agmen
566 1972 742 2047 cogendum,
763 1983 858 2042 ratus,
886 1974 1020 2047 idquod
1042 1972 1162 2043 accidit,
1188 1974 1372 2031 insecuturos
1398 1975 1435 2033 ad
1457 1992 1503 2029 ex-

397 2079 416 2132 t
440 2085 533 2132 trema
559 2077 596 2133 ab
618 2088 701 2152 tergo
723 2079 870 2154 carpenda
891 2081 999 2136 hostes.
1036 2080 1132 2136 Breve
1146 2089 1292 2136 certamen
1315 2080 1389 2136 levis
1412 2098 1503 2136 arma·

438 2190 511 2238 turae
532 2182 659 2239 maxime
676 2202 740 2240 cum
756 2184 1010 2259 procursatoribus
1033 2183 1101 2253 luit3
1124 2184 1234 2258 equites
1254 2184 1426 2259 peditesque
1449 2185 1504 2239 siue

400 2288 415 2343 'l
439 2288 614 2345 tumultuin
637 2298 733 2345 castra
752 2290 908 2349 redierunt.
942 2290 1091 2347 Demessis
1106 2290 1184 2347 circa
1203 2290 1359 2364 segetibus,
1382 2287 1504 2346 Romani

440 2395 478 2451 ad
498 2383 667 2464 Crannona,
688 2394 827 2450 intactum
850 2413 962 2469 agrum,
985 2406 1081 2451 castra
1103 2405 1230 2452 movent.
1267 2394 1314 2452 lbi
1334 2413 1399 2450 cum
1415 2384 1505 2450 securi

438 2509 467 2555 et
488 2510 608 2575 propter
628 2499 867 2573 longinquitatem
892 2510 920 2556 et
942 2500 995 2556 vite
1017 2501 1111 2575 inopis
1134 2519 1276 2574 aquarum
1296 2498 1503 2568 difficultatem,

395 2603 415 2659 8
438 2623 502 2678 quae
525 2606 601 2661 inter
616 2604 768 2678 Sycurium
786 2614 814 2661 et
831 2603 989 2662 Crannona
1011 2616 1063 2675 est,
1085 2606 1193 2662 stativa
1213 2606 1370 2677 haberent,
1390 2614 1504 2680 repente

438 2704 532 2783 prima
553 2710 618 2766 luce
638 2712 667 2764 in
688 2709 901 2766 imminentibus
931 2710 1048 2767 tumulis
1074 2711 1218 2785 equitatus
1240 2711 1338 2785 regius
1362 2729 1427 2767 eum
1452 2709 1504 2765 levi

438 2825 588 2869 armatura
609 2808 688 2869 visus
710 2814 855 2886 ingentem
878 2815 1030 2872 tumultum
1052 2815 1130 2875 iecit.
1162 2816 1261 2873 Pridie
1282 2834 1336 2889 per
1357 2815 1503 2871 meridiem

438 2917 562 2992 profecti
586 2919 623 2975 ab
646 2919 769 2994 Sycurio
792 2930 888 2989 arant3
910 2921 1037 2995 peditum
1064 2940 1168 2995 agmen
1190 2922 1243 2977 sub
1266 2920 1360 2975 lucam
1383 2921 1504 2994 relique·

367 3071 370 3082 ,
396 3024 415 3078 9
438 3033 505 3080 rant
533 3024 563 3080 in
590 3044 735 3099 proxuma
762 3025 890 3100 planitie.
934 3027 1021 3085 Stetit
1050 3027 1198 3102 paulisper
1227 3026 1259 3082 in
1281 3024 1415 3097 tumulis,
1445 3025 1505 3083 elici

438 3205 671 3223 ——a—-d——Q

438 3349 560 3411 aspicias
575 3349 581 3414 1
600 3348 674 3400 Gran.
686 3350 797 3400 falcibus
828 3356 936 3400 tterere
946 3358 972 3400 et
981 3352 1092 3413 ingentis
1108 3348 1112 3414 Ι
1128 3357 1423 3400 totacastramentorum
1454 3353 1503 3411 3‚l

439 3435 690 3500 essetastaedamque
724 3438 884 3487 tmalleolns
917 3435 1174 3502 sprofectusntttq.
1192 3439 1196 3499 Ι
1212 3436 1301 3485 fallere
1337 3437 1505 3503 4‚1(Vu190

439 3520 615 3586 iuterpuaqane:
634 3524 821 3586 Nequicquam.
855 3526 949 3573 Prima
968 3533 1011 3574 cat.
1031 3523 1086 3573 Em.
1107 3522 1174 3585 547)
1224 3531 1239 3572 2
1262 3522 1337 3589 Gryn.
1359 3527 1505 3574 exciverunt

439 3612 454 3655 ³
474 3606 543 3657 Fert.
563 3610 590 3656 in
608 3609 677 3658 vallo
697 3612 774 3658 etad
792 3620 879 3674 portas
928 3617 944 3659 4
965 3621 990 3659 ct
1008 3613 1125 3659 incausto
1144 3611 1343 3673 oppugnationis
1364 3622 1505 3661 castrorum

438 3693 567 3743 Excidisse
585 3694 686 3754 videtur,
711 3694 801 3745 relictis
819 3696 902 3746 litteris
920 3699 1010 3759 incon,
1035 3706 1140 3747 extrema
1155 3713 1217 3760 pars
1239 3697 1359 3746 sententiat
1377 3707 1399 3748 ct
1416 3699 1505 3747 initium

438 3781 563 3843 sequentia,
582 3781 649 3829 caius
667 3781 718 3829 loec
735 3782 829 3831 videtur
838 3786 927 3848 formu
937 3785 1032 3849 suasae:
1060 3784 1162 3833 Omissa
1180 3798 1225 3847 sps
1243 3786 1444 3847 oppugnationis
1465 3803 1505 3835 ca-

438 3874 549 3915 strorum
560 3866 669 3916 Perseus
680 3870 817 3932 extemplo,
826 3887 871 3920 om.
880 3881 906 3919 et
921 3870 1013 3937 (Gryu.
1024 3873 1162 3920 instructus
1175 3879 1229 3918 erat
1238 3878 1264 3919 et
1273 3872 1385 3921 intentus
1395 3888 1505 3936 propug-

438 3954 535 4000 nationi
550 3955 712 4018 castrorum.)
761 3954 812 4013 5‚‘2
827 3958 883 4005 acie
908 3964 933 4005 ·5
950 3959 1032 4007 hostis
1078 3957 1102 4017 7,
1118 3962 1132 4005 2
1149 3958 1181 4005 ad
1201 3972 1356 4006 crannonem
1375 3960 1506 4024 (Grynad

437 4036 615 4089 Crannoninm
634 4041 694 4100 int.)
711 4043 715 4103 Ι
732 4051 815 4091 castra
834 4046 996 4095 mouentibus
1014 4047 1048 4093 ibi
1068 4022 1116 4107 (Ἢ.
1131 4044 1165 4093 bis
1178 4044 1251 4093 scribi
1262 4046 1297 4093 ibi
1310 4061 1368 4093 eum
1384 4045 1461 4105 dicit.)
1490 4050 1505 4094 3

438 4136 541 4190 propter
564 4142 620 4175 eum
640 4128 783 4190 longintate
814 4131 905 4196 (Gryn.
931 4141 1034 4196 propter
1058 4141 1198 4180 castrorum
1223 4132 1451 4202 longinquitatem)
1490 4138 1505 4181 4

437 4214 558 4262 sicurium
577 4222 603 4262 et
621 4217 760 4263 cranniana
817 4218 842 4277 8,
863 4224 878 4266 2
898 4220 955 4267 luce
974 4218 1164 4267 imminentibus
1218 4224 1234 4267 4
1253 4220 1345 4282 sycirio
1362 4218 1366 4284 Ι
1381 4220 1429 4269 sub
1448 4220 1506 4269 luce

438 4304 454 4347 5
473 4300 593 4363 planitiae
629 4302 654 4360 9,
676 4308 686 4351 l
707 4302 868 4354 Probabiliter
885 4304 989 4355 Haldt'ua
1007 4305 1137 4369 paulisper
1155 4304 1264 4355 Perseus
