3475 5084
761 562 796 605 IX

255 760 315 798 num
335 741 443 811 meam,
466 740 610 817 captivum
633 739 770 812 Senecam
797 743 955 818 principem
978 742 1096 799 Plinium
1117 743 1189 812 min,
1223 743 1309 799 lemea
1336 749 1341 755 “

257 826 454 890 demmatrani3
476 824 622 882 consulem
644 825 729 882 talem
751 844 852 901 gerere
874 827 945 882 daie
958 822 1048 883 Valer.
1063 827 1143 883 Mau.
1162 826 1217 895 IV,
1240 828 1267 894 1,
1290 828 1307 883 l

257 910 325 983 (coll.
343 907 407 977 VII,
431 908 456 975 7,
477 910 517 977 7),
539 908 684 982 eadamque
703 910 782 965 modo
802 910 903 966 dieitur
920 929 938 965 a
953 908 1074 966 Terentio
1091 910 1220 984 praebere
1237 919 1308 966 stre·

256 1011 338 1049 nuum
351 992 505 1061 homiuem,
530 1010 549 1047 a
564 989 730 1058 Qumiiliano
741 992 877 1050 exhibere
894 992 1006 1049 civilem
1019 992 1110 1049 virum
1127 987 1281 1067 similiaque
1291 1013 1309 1050 a

256 1075 356 1131 Iuntina
363 1097 374 1141 ,·
388 1093 436 1131 nee
445 1076 559 1131 mulium
570 1075 664 1145 distat,
675 1076 750 1149 qaod
759 1076 838 1150 apud
849 1076 988 1133 Valerium
996 1076 1156 1145 Mammam,
1170 1074 1308 1146 Senecam,

259 1157 386 1228 Tacitum,
407 1158 527 1214 Plinium
540 1159 673 1232 frequens
693 1168 742 1226 eat,
764 1177 850 1233 agere
872 1160 977 1215 bonum
990 1171 1137 1234 parentem
1151 1160 1185 1216 de
1201 1178 1240 1228 eo,
1263 1162 1311 1234 qui

255 1260 348 1315 reapse
373 1243 417 1300 eit.
464 1240 556 1298 Cicero
582 1259 682 1315 gerere
702 1260 734 1299 se
755 1243 890 1313 honeste,
922 1242 1018 1316 ulique
1041 1252 1126 1318 pacto
1156 1243 1222 1299 dieii
1248 1262 1308 1299 cum

255 1325 380 1381 adverbio
412 1333 461 1381 aui
491 1325 550 1380 alia
579 1324 654 1380 modi
682 1326 884 1398 significatione,
912 1324 1046 1382 Horatius
1067 1334 1093 1382 ei
1108 1326 1207 1383 Livz'us
1230 1328 1310 1382 eiiam

255 1408 413 1465 adieciiuam
422 1416 583 1481 posuerunt,
599 1407 720 1464 medium
733 1426 764 1464 se
774 1427 884 1483 gerere,
898 1409 1122 1483 quemadmodum
1135 1417 1233 1483 postea
1244 1410 1310 1474 alii,·
1395 1456 1396 1459 .

255 1492 419 1548 substantioe
441 1490 569 1546 adiuncto
589 1509 690 1565 gerere
712 1510 743 1547 se
754 1492 855 1549 ducem
873 1494 922 1566 qai
931 1492 1038 1560 dicerit,
1061 1493 1235 1566 quarendum
1252 1501 1310 1557 «εἰς

255 1594 314 1630 nam
334 1575 414 1649 apud
427 1574 569 1643 Iustinum,
592 1576 641 1648 qai
660 1575 735 1630 solus
756 1577 831 1631 iestis
852 1585 921 1645 erat,
942 1575 1076 1643 XXXII,
1097 1574 1243 1650 3,¹1Ieep
1265 1594 1308 1631 oo-

255 1658 324 1714 dices
344 1677 410 1714 snos
431 1676 520 1714 omnes
540 1666 647 1713 seculus
667 1675 763 1731 regem
783 1659 904 1733 gerebat
926 1659 1021 1717 edidit.
1063 1657 1123 1715 Nee
1145 1668 1233 1716 tamen
1254 1660 1311 1715 liae

256 1741 408 1813 defendant,
433 1740 508 1815 quod
527 1740 605 1814 apud
624 1741 736 1809 eandem
756 1741 937 1810 XXXVIII,
959 1745 988 1811 5,
1009 1744 1030 1797 5
1052 1742 1202 1812 ediderant,
1232 1760 1311 1800 acer·
1375 1804 1377 1809 ,

255 1824 315 1881 bius
342 1815 468 1899 gerant.)
501 1823 659 1893 XXVIII,
694 1826 729 1880 16
765 1824 809 1880 his
843 1827 880 1880 25
919 1837 1040 1881 creatus.
1074 1824 1205 1881 Africam
1222 1826 1310 1898 ,(Μρ.

260 1907 318 1967 Vid.
340 1908 406 1966 Em.
428 1906 492 1967 Liu.
514 1907 591 1971 214‚·
615 1909 697 1981 pras.
720 1908 772 1967 eol.
795 1907 836 1977 II,
856 1908 876 1963 2
898 1920 930 1982 p.
959 1908 1020 1965 VII
1036 1916 1062 1964 ei
1081 1908 1151 1964 XII
1152 1931 1162 1973 ;
1191 1908 1310 1983 append.

256 1991 384 2065 disputan
408 1987 572 2047 deAseonio
589 1991 648 2065 pl
671 1991 705 2047 de
726 2002 769 2047 est
785 2000 852 2065 posi
873 2010 906 2047 us
929 1994 1048 2062 omissa.)
1076 1992 1188 2049 XXIX
1211 1994 1312 2067 (peu)

257 2076 288 2131 21
316 2073 471 2130 amicitiem
496 2071 564 2147 (Nr)
589 2076 626 2130 23
645 2072 760 2131 Galnde
778 2092 868 2149 regno
891 2081 1034 2131 errorenel
1057 2077 1090 2131 31
1109 2073 1231 2131 Claudio
1253 2076 1312 2132 coI-

254 2158 324 2233 legae
345 2159 385 2231 (ei
404 2165 561 2224 annotatur,
592 2158 620 2212 in
639 2176 655 2212 r
676 2175 733 2213 erse
755 2157 839 2215 Livio
862 2158 993 2234 eollegae;
1015 2158 1124 2215 videtur
1148 2158 1262 2215 Ialmius
1284 2162 1311 2215 in

255 2240 286 2297 N
309 2242 443 2316 reperisse
471 2238 609 2297 Claudius
640 2240 779 2315 collega.)
827 2240 923 2297 XXX
952 2240 992 2316 (p.
1015 2242 1066 2313 33)
1098 2246 1112 2298 7
1142 2242 1241 2316 itaque
1268 2242 1312 2314 (r,-

255 2323 288 2379 N
302 2325 405 2399 idque)
430 2328 465 2380 17
479 2323 565 2388 bello,
587 2341 645 2396 quo
666 2320 743 2398 (My.
767 2321 801 2380 N
820 2333 847 2380 ei
867 2343 900 2380 ea
921 2343 937 2379 r
957 2343 1026 2380 unus
1048 2326 1122 2382 bello
1145 2325 1207 2398 qui)
1232 2321 1237 2401 I
1265 2327 1313 2382 In·

255 2407 381 2464 sobrium
403 2403 457 2479 (N)
486 2408 519 2463 18
541 2407 608 2463 dum
632 2406 737 2478 (Iolen.)
786 2406 914 2475 XXXI,
947 2410 962 2463 2
987 2426 1076 2465 eausa
1103 2405 1233 2466 errore8
1263 2428 1313 2483 pe·

256 2491 358 2547 tierunt
380 2501 447 2566 posu
461 2508 562 2564 pacem
576 2488 861 2563 Carthaginiensibus
876 2490 974 2547 datum
991 2491 1213 2566 quadragesimo
1236 2509 1312 2547 anno

257 2573 305 2647 [ab
332 2575 404 2631 urbe
425 2572 554 2647 condita]
586 2573 686 2647 paucis
715 2574 859 2629 mensibus
884 2572 1019 2649 [coeptum
1049 2586 1092 2630 est
1118 2587 1212 2631 autem
1236 2593 1312 2630 enno

221 2716 227 2725 ,
256 2657 482 2732 quingentesimo
517 2656 636 2731 quinto].
670 2675 733 2713 cum
768 2655 890 2732 (Weiss)
925 2661 957 2714 13
980 2656 1049 2713 ferri
1076 2676 1095 2713 a
1118 2678 1233 2732 quoque
1256 2656 1313 2731 (N)

256 2740 399 2809 XXXII,
432 2742 509 2797 6-1
543 2739 640 2795 navali
675 2739 777 2815 praelio
811 2740 913 2797 Attalo
950 2758 1018 2815 rege
1134 2742 1306 2799 maritimam

256 2842 333 2880 oram
358 2843 394 2883 ee.
440 2823 534 2895 (M9.,·
565 2822 641 2879 bello
658 2842 713 2898 pro
735 2823 836 2898 proelio
858 2824 917 2883 cod.
945 2822 1090 2881 Gudianus
1116 2827 1194 2901 apud
1215 2822 1313 2896 Grau.)

256 2906 416 2976 XXXIII,
438 2907 455 2961 2
478 2906 525 2962 ille
546 2908 603 2962 eine
623 2910 699 2962 aneis
720 2907 785 2978 (om.
807 2908 834 2979 r)
856 2907 1051 2976 xxxma
1075 2928 1157 2966 orsus
1180 2920 1231 2978 esi,
1253 2928 1272 2963 a
1295 2928 1314 2964 a

256 2990 415 3047 citeriorem
445 2996 589 3045 errorem!
623 2990 706 3046 ehis
728 2991 864 3060 XXXV,
899 2992 915 3047 8
941 2992 1083 3065 Pyrrhum
1105 2992 1197 3066 iuquit
1218 3004 1314 3050 castra

256 3072 488 3149 (Inierpunpenda
508 3074 665 3146 significavi,
697 3092 749 3129 non
771 3076 858 3146 magia
879 3074 922 3129 iic
943 3078 1126 3132 accusaturum
1146 3094 1207 3131 cum
1227 3078 1314 3149 infini-

257 3159 308 3212 tioo
328 3158 365 3213 ab
386 3156 484 3223 verbo,
516 3156 591 3230 quod
615 3166 656 3213 ert
674 3156 783 3229 inquit,
811 3157 932 3231 pendere
953 3176 1035 3230 qaam
1055 3177 1081 3218 u.
1104 3176 1126 3218 e.
1149 3160 1227 3232 apud
1250 3160 1313 3217 Liv.

255 3239 408 3309 XXXIX,
441 3241 494 3311 10,
527 3240 568 3313 2.)
606 3243 639 3295 16
662 3239 863 3307 sollicitabant,
900 3258 964 3295 cum
992 3258 1008 3295 a
1036 3260 1064 3315 p.
1090 3243 1126 3299 R.
1148 3242 1315 3299 descivisset

257 3324 331 3380 bello
355 3324 421 3397 (My.
444 3342 458 3378 e
478 3332 544 3383 uest.
567 3322 614 3379 N:
636 3319 812 3379 sollicitabat
833 3340 852 3377 a
868 3342 897 3396 p.
915 3324 950 3381 R.
973 3323 1127 3381 descivisse
1143 3335 1171 3381 et
1192 3325 1314 3392 bellum²;

257 3408 317 3467 edd.
329 3408 412 3479 valam
436 3406 557 3464 descivit
570 3417 599 3463 et
612 3406 700 3479 bello)
726 3410 760 3462 17
777 3405 1013 3480 Philopoemenen
1029 3407 1071 3477 (r)
1096 3410 1129 3464 18
1143 3427 1205 3463 cum
1222 3408 1314 3465 eccie-

256 3499 315 3547 tute
338 3511 356 3547 n
368 3492 466 3547 iuncta
476 3492 515 3549 A.
529 3490 558 3548 S.
572 3510 596 3549 r.
608 3492 636 3545 b.
648 3489 687 3549 G.
697 3489 846 3555 intulisset,
857 3489 1019 3563 complures
1031 3490 1117 3563 (Ma.)
1129 3491 1281 3561 XXXVI,
1298 3496 1313 3545 5

256 3573 299 3629 his
308 3575 479 3639 XXXVII,
503 3573 661 3648 5Regillus
681 3592 732 3631 om.
747 3574 910 3646 prenomine
925 3573 1012 3645 (Mp.)
1035 3574 1221 3641 XXXVIII,
1242 3578 1315 3631 lire-

257 3658 347 3717 feriur
368 3656 434 3731 (Nr.
459 3657 591 3713 Similiter
608 3657 745 3731 pluralem
768 3647 844 3711 uerbi
863 3674 1001 3711 numerum
1019 3659 1118 3729 referri
1136 3658 1177 3714 ad
1190 3658 1314 3714 saisian-

258 3742 340 3798 iioum
367 3750 393 3798 et
413 3743 570 3797 senientiam
594 3740 772 3796 subiectorum
801 3739 857 3795 loeo
880 3740 974 3813 posita
995 3740 1072 3813 apud
1097 3740 1218 3797 Tacitum
1240 3741 1314 3802 Am.

264 3824 310 3896 VI,
328 3826 347 3880 ‚9
364 3827 444 3895 (15):
467 3822 628 3879 constantie
650 3820 788 3879 orationis
810 3832 838 3878 et
860 3822 928 3896 quie
945 3833 1074 3897 repertus
1097 3833 1166 3893 eret,
1190 3824 1256 3897 qui.
1271 3865 1279 3880 .
1293 3866 1316 3892 .,

259 3927 293 3964 eo
315 3928 407 3981 usque
429 3917 557 3983 potuere,
589 3904 699 3981 Siesbpe
721 3905 869 3970 admonet.)
912 3906 978 3974 XL,
1005 3910 1013 3961 I
1041 3906 1249 3963 nobilissimum
1273 3926 1315 3963 er-

258 3998 374 4048 rorenei
406 3993 446 4066 (p.
468 3992 518 4061 38)
558 3994 566 4045 1
595 3990 680 4047 hiaii
713 3999 831 4046 necatus
865 4000 907 4044 est
909 4029 1028 4055 ......
1052 3990 1164 4047 devenit
1190 3990 1314 4056 (Duker)

259 4074 359 4143 XLII,
372 4079 386 4129 7
404 4074 510 4131 Perseo
532 4091 552 4127 a
570 4084 673 4129 eventu
687 4081 695 4132 1
701 4073 742 4132 ed.
747 4073 807 4146 pr.)
820 4072 937 4139 XLIII,
950 4076 966 4127 5
979 4074 1175 4129 Romanarum
1190 4071 1316 4147 (Nared

259 4176 360 4227 vereor,
382 4176 415 4213 ne
434 4157 560 4213 mendum
580 4154 636 4228 eii.)
659 4156 773 4225 XLIV,
796 4154 970 4211 3minentes
992 4166 1022 4211 ut
1045 4156 1193 4227 (Perzion.)
1218 4160 1315 4212 ileon·

259 4240 378 4315 fligeret,
401 4259 419 4295 n
441 4238 574 4314 praedixit
604 4238 794 4307 (Transieram
814 4238 855 4293 od
874 4239 1062 4311 Imperatorem
1084 4239 1207 4307 uidetur,
1241 4239 1316 4313 qaod

259 4326 316 4380 aas
332 4326 468 4399 permissa
479 4322 513 4381 P.
526 4320 666 4396 Sulpicius
682 4320 784 4379 Gallus
790 4321 881 4395 fecit.)
910 4324 944 4376 10
968 4334 1030 4378 erm
1053 4321 1096 4393 (νς
1109 4320 1142 4377 Ν
1161 4321 1214 4379 erit
1228 4341 1314 4397 supra
