<?xml version="1.0" encoding="UTF-8"?>
<!DOCTYPE html PUBLIC "-//W3C//DTD XHTML 1.0 Transitional//EN"
    "http://www.w3.org/TR/xhtml1/DTD/xhtml1-transitional.dtd">
<html xmlns="http://www.w3.org/1999/xhtml" xml:lang="en" lang="en">
 <head>
  <title>
</title>
<meta http-equiv="Content-Type" content="text/html;charset=utf-8" />
  <meta name='ocr-system' content='tesseract 3.04.00' />
  <meta name='ocr-capabilities' content='ocr_page ocr_carea ocr_par ocr_line ocrx_word'/>
</head>
<body>
  <div class='ocr_page' id='page_1' title='image "./titiliviihistor02ussigoog_0125.png"; bbox 0 0 3475 5084; ppageno 0'>
   <div class='ocr_carea' id='block_1_1' title="bbox 534 554 1246 621">
    <p class='ocr_par' dir='ltr' id='par_1_1' title="bbox 534 554 1246 621">
     <span class='ocr_line' id='line_1_1' title="bbox 534 554 1246 621; baseline 0.014 -15"><span class='ocrx_word' id='word_1_1' title='bbox 534 557 613 606; x_wconf 84' lang='lat' dir='ltr'><strong>Liber</strong></span> <span class='ocrx_word' id='word_1_2' title='bbox 630 555 714 606; x_wconf 85' lang='lat' dir='ltr'>XLH.</span> <span class='ocrx_word' id='word_1_3' title='bbox 746 557 795 618; x_wconf 82' lang='lat' dir='ltr'><strong>(A.</strong></span> <span class='ocrx_word' id='word_1_4' title='bbox 815 554 878 606; x_wconf 83' lang='lat' dir='ltr'><strong>chr.</strong></span> <span class='ocrx_word' id='word_1_5' title='bbox 901 557 973 621; x_wconf 82' lang='lat'>171.)</span> <span class='ocrx_word' id='word_1_6' title='bbox 1208 560 1246 616; x_wconf 83' lang='lat'><strong>95</strong></span> 
     </span>
    </p>
   </div>
   <div class='ocr_carea' id='block_1_2' title="bbox 222 741 1366 3463">
    <p class='ocr_par' dir='ltr' id='par_1_2' title="bbox 222 741 1346 2918">
     <span class='ocr_line' id='line_1_2' title="bbox 235 741 1288 818; baseline 0.004 -22"><span class='ocrx_word' id='word_1_7' title='bbox 235 741 374 813; x_wconf 73' lang='lat' dir='ltr'><strong>Thraciae)</strong></span> <span class='ocrx_word' id='word_1_8' title='bbox 398 753 427 797; x_wconf 85' lang='lat' dir='ltr'><strong>et</strong></span> <span class='ocrx_word' id='word_1_9' title='bbox 449 743 605 818; x_wconf 86' lang='lat' dir='ltr'><strong>Agrianas,</strong></span> <span class='ocrx_word' id='word_1_10' title='bbox 627 745 764 802; x_wconf 76' lang='lat' dir='ltr'><strong>admixtis</strong></span> <span class='ocrx_word' id='word_1_11' title='bbox 786 745 873 801; x_wconf 85' lang='lat' dir='ltr'><strong>etiam</strong></span> <span class='ocrx_word' id='word_1_12' title='bbox 895 744 1056 801; x_wconf 76' lang='lat' dir='ltr'><strong>Threcibus</strong></span> <span class='ocrx_word' id='word_1_13' title='bbox 1070 742 1180 811; x_wconf 88' lang='lat' dir='ltr'><strong>incolis,</strong></span> <span class='ocrx_word' id='word_1_14' title='bbox 1202 743 1288 801; x_wconf 82' lang='lat' dir='ltr'><strong>trium</strong></span> 
     </span>
     <span class='ocr_line' id='line_1_3' title="bbox 235 845 1328 926; baseline 0.005 -25"><span class='ocrx_word' id='word_1_15' title='bbox 235 845 335 902; x_wconf 89' lang='lat' dir='ltr'><strong>milium</strong></span> <span class='ocrx_word' id='word_1_16' title='bbox 358 845 450 903; x_wconf 78' lang='lat' dir='ltr'><strong>ferme</strong></span> <span class='ocrx_word' id='word_1_17' title='bbox 471 860 500 904; x_wconf 92' lang='lat' dir='ltr'><strong>et</strong></span> <span class='ocrx_word' id='word_1_18' title='bbox 520 850 577 924; x_wconf 88' lang='lat' dir='ltr'><strong>ipsi</strong></span> <span class='ocrx_word' id='word_1_19' title='bbox 600 851 789 926; x_wconf 76' lang='lat' dir='ltr'><strong>expleverant</strong></span> <span class='ocrx_word' id='word_1_20' title='bbox 809 870 970 907; x_wconf 87' lang='lat' dir='ltr'><strong>numerum.</strong></span> <span class='ocrx_word' id='word_1_21' title='bbox 1020 851 1196 907; x_wconf 83' lang='lat' dir='ltr'><strong>Armaveret</strong></span> <span class='ocrx_word' id='word_1_22' title='bbox 1217 868 1288 907; x_wconf 89' lang='lat' dir='ltr'><strong>con·</strong></span> <span class='ocrx_word' id='word_1_23' title='bbox 1311 856 1328 907; x_wconf 85' lang='lat'><strong>6</strong></span> 
     </span>
     <span class='ocr_line' id='line_1_4' title="bbox 234 954 1289 1031; baseline 0.006 -26"><span class='ocrx_word' id='word_1_24' title='bbox 234 963 497 1025; x_wconf 86' lang='lat' dir='ltr'><strong>traxeratque·eos</strong></span> <span class='ocrx_word' id='word_1_25' title='bbox 523 956 617 1013; x_wconf 88' lang='lat' dir='ltr'><strong>Didas</strong></span> <span class='ocrx_word' id='word_1_26' title='bbox 645 959 750 1028; x_wconf 72' lang='lat' dir='ltr'><strong>Paeon,</strong></span> <span class='ocrx_word' id='word_1_27' title='bbox 783 958 832 1031; x_wconf 94' lang='lat' dir='ltr'><strong>qui</strong></span> <span class='ocrx_word' id='word_1_28' title='bbox 866 956 1076 1013; x_wconf 79' lang='lat' dir='ltr'><strong>adulescentem</strong></span> <span class='ocrx_word' id='word_1_29' title='bbox 1108 954 1289 1011; x_wconf 82' lang='lat' dir='ltr'><strong>Demetrium</strong></span> 
     </span>
     <span class='ocr_line' id='line_1_5' title="bbox 232 1057 1320 1135; baseline 0.002 -24"><span class='ocrx_word' id='word_1_30' title='bbox 232 1057 380 1114; x_wconf 84' lang='lat' dir='ltr'><strong>occiderat.</strong></span> <span class='ocrx_word' id='word_1_31' title='bbox 423 1059 462 1116; x_wconf 82' lang='lat' dir='ltr'><strong>Et</strong></span> <span class='ocrx_word' id='word_1_32' title='bbox 484 1074 662 1119; x_wconf 84' lang='lat' dir='ltr'><strong>armatorum</strong></span> <span class='ocrx_word' id='word_1_33' title='bbox 684 1062 842 1120; x_wconf 90' lang='lat' dir='ltr'><strong>duomilia</strong></span> <span class='ocrx_word' id='word_1_34' title='bbox 865 1060 1017 1119; x_wconf 83' lang='lat' dir='ltr'><strong>Gallorum</strong></span> <span class='ocrx_word' id='word_1_35' title='bbox 1040 1072 1131 1130; x_wconf 85' lang='lat' dir='ltr'><strong>erant,</strong></span> <span class='ocrx_word' id='word_1_36' title='bbox 1153 1059 1320 1135; x_wconf 72' lang='lat' dir='ltr'><strong>prefecto·</strong></span> 
     </span>
     <span class='ocr_line' id='line_1_6' title="bbox 231 1162 1326 1239; baseline 0.006 -21"><span class='ocrx_word' id='word_1_37' title='bbox 231 1162 436 1239; x_wconf 88' lang='lat' dir='ltr'><strong>Asclepiodoto</strong></span> <span class='ocrx_word' id='word_1_38' title='bbox 469 1166 506 1222; x_wconf 87' lang='lat' dir='ltr'><strong>ab</strong></span> <span class='ocrx_word' id='word_1_39' title='bbox 533 1167 678 1225; x_wconf 85' lang='lat' dir='ltr'><strong>Heraclea</strong></span> <span class='ocrx_word' id='word_1_40' title='bbox 713 1188 751 1225; x_wconf 89' lang='lat' dir='ltr'><strong>ex</strong></span> <span class='ocrx_word' id='word_1_41' title='bbox 777 1167 874 1226; x_wconf 87' lang='lat' dir='ltr'><strong>Sintis.</strong></span> <span class='ocrx_word' id='word_1_42' title='bbox 927 1167 1001 1224; x_wconf 87' lang='lat' dir='ltr'><strong>Tria</strong></span> <span class='ocrx_word' id='word_1_43' title='bbox 1033 1168 1111 1224; x_wconf 86' lang='lat' dir='ltr'><strong>milia</strong></span> <span class='ocrx_word' id='word_1_44' title='bbox 1143 1167 1287 1223; x_wconf 85' lang='lat' dir='ltr'><strong>Threcum</strong></span> <span class='ocrx_word' id='word_1_45' title='bbox 1312 1174 1326 1225; x_wconf 83' lang='lat'><strong>7</strong></span> 
     </span>
     <span class='ocr_line' id='line_1_7' title="bbox 230 1266 1287 1348; baseline 0.004 -25"><span class='ocrx_word' id='word_1_46' title='bbox 230 1266 382 1326; x_wconf 88' lang='lat' dir='ltr'><strong>liberorum</strong></span> <span class='ocrx_word' id='word_1_47' title='bbox 405 1290 488 1328; x_wconf 91' lang='lat' dir='ltr'><strong>suum</strong></span> <span class='ocrx_word' id='word_1_48' title='bbox 510 1272 613 1329; x_wconf 90' lang='lat' dir='ltr'><strong>ducem</strong></span> <span class='ocrx_word' id='word_1_49' title='bbox 634 1276 789 1332; x_wconf 81' lang='lat' dir='ltr'><strong>habebant.</strong></span> <span class='ocrx_word' id='word_1_50' title='bbox 837 1271 1016 1330; x_wconf 85' lang='lat' dir='ltr'><strong>Cretensium</strong></span> <span class='ocrx_word' id='word_1_51' title='bbox 1044 1292 1099 1348; x_wconf 87' lang='lat' dir='ltr'><strong>par</strong></span> <span class='ocrx_word' id='word_1_52' title='bbox 1127 1290 1208 1347; x_wconf 86' lang='lat' dir='ltr'><strong>paene</strong></span> <span class='ocrx_word' id='word_1_53' title='bbox 1235 1288 1287 1327; x_wconf 92' lang='lat' dir='ltr'><strong>nu-</strong></span> 
     </span>
     <span class='ocr_line' id='line_1_8' title="bbox 228 1376 1287 1453; baseline 0.002 -24"><span class='ocrx_word' id='word_1_54' title='bbox 228 1391 319 1430; x_wconf 87' lang='lat' dir='ltr'><strong>merus</strong></span> <span class='ocrx_word' id='word_1_55' title='bbox 342 1394 415 1432; x_wconf 90' lang='lat' dir='ltr'><strong>suos</strong></span> <span class='ocrx_word' id='word_1_56' title='bbox 442 1376 529 1433; x_wconf 88' lang='lat' dir='ltr'><strong>duces</strong></span> <span class='ocrx_word' id='word_1_57' title='bbox 559 1382 748 1453; x_wconf 78' lang='lat' dir='ltr'><strong>sequebatur,</strong></span> <span class='ocrx_word' id='word_1_58' title='bbox 774 1381 879 1438; x_wconf 87' lang='lat' dir='ltr'><strong>Susum</strong></span> <span class='ocrx_word' id='word_1_59' title='bbox 911 1379 1139 1437; x_wconf 87' lang='lat' dir='ltr'><strong>Phalasarneum</strong></span> <span class='ocrx_word' id='word_1_60' title='bbox 1168 1389 1196 1433; x_wconf 89' lang='lat' dir='ltr'><strong>et</strong></span> <span class='ocrx_word' id='word_1_61' title='bbox 1223 1376 1287 1451; x_wconf 86' lang='lat' dir='ltr'><strong>Syl·</strong></span> 
     </span>
     <span class='ocr_line' id='line_1_9' title="bbox 227 1476 1328 1558; baseline 0.005 -27"><span class='ocrx_word' id='word_1_62' title='bbox 227 1476 282 1533; x_wconf 94' lang='lat' dir='ltr'><strong>lum</strong></span> <span class='ocrx_word' id='word_1_63' title='bbox 316 1479 474 1538; x_wconf 89' lang='lat' dir='ltr'><strong>Gnosium.</strong></span> <span class='ocrx_word' id='word_1_64' title='bbox 536 1484 576 1540; x_wconf 83' lang='lat' dir='ltr'><strong>Et</strong></span> <span class='ocrx_word' id='word_1_65' title='bbox 607 1486 751 1543; x_wconf 80' lang='lat' dir='ltr'><strong>Leonides</strong></span> <span class='ocrx_word' id='word_1_66' title='bbox 783 1484 1022 1543; x_wconf 73' lang='lat' dir='ltr'><strong>Lacedaemonius</strong></span> <span class='ocrx_word' id='word_1_67' title='bbox 1057 1481 1219 1558; x_wconf 83' lang='lat' dir='ltr'><strong>quingentis</strong></span> <span class='ocrx_word' id='word_1_68' title='bbox 1251 1499 1288 1537; x_wconf 88' lang='lat' dir='ltr'><strong>ex</strong></span> <span class='ocrx_word' id='word_1_69' title='bbox 1311 1492 1328 1544; x_wconf 70' lang='grc' dir='ltr'>ὃ</span> 
     </span>
     <span class='ocr_line' id='line_1_10' title="bbox 229 1581 1287 1665; baseline 0.003 -25"><span class='ocrx_word' id='word_1_70' title='bbox 229 1581 349 1655; x_wconf 73' lang='lat' dir='ltr'><strong>Gracia,</strong></span> <span class='ocrx_word' id='word_1_71' title='bbox 376 1587 468 1644; x_wconf 82' lang='lat' dir='ltr'><strong>mixto</strong></span> <span class='ocrx_word' id='word_1_72' title='bbox 497 1590 595 1663; x_wconf 84' lang='lat' dir='ltr'><strong>generi</strong></span> <span class='ocrx_word' id='word_1_73' title='bbox 625 1591 789 1659; x_wconf 89' lang='lat' dir='ltr'><strong>hominum,</strong></span> <span class='ocrx_word' id='word_1_74' title='bbox 821 1600 953 1665; x_wconf 71' lang='lat' dir='ltr'><strong>praeerat.</strong></span> <span class='ocrx_word' id='word_1_75' title='bbox 1004 1589 1089 1664; x_wconf 88' lang='lat' dir='ltr'><strong>Regii</strong></span> <span class='ocrx_word' id='word_1_76' title='bbox 1119 1589 1144 1645; x_wconf 90' lang='lat' dir='ltr'><strong>is</strong></span> <span class='ocrx_word' id='word_1_77' title='bbox 1175 1586 1287 1662; x_wconf 88' lang='lat' dir='ltr'><strong>generis</strong></span> 
     </span>
     <span class='ocr_line' id='line_1_11' title="bbox 222 1688 1287 1771; baseline 0.006 -29"><span class='ocrx_word' id='word_1_78' title='bbox 222 1688 382 1762; x_wconf 67' lang='lat' dir='ltr'><strong>&#39;ierebatun</strong></span> <span class='ocrx_word' id='word_1_79' title='bbox 405 1695 483 1764; x_wconf 88' lang='lat' dir='ltr'><strong>exul,</strong></span> <span class='ocrx_word' id='word_1_80' title='bbox 504 1696 659 1753; x_wconf 86' lang='lat' dir='ltr'><strong>damnatus</strong></span> <span class='ocrx_word' id='word_1_81' title='bbox 680 1696 825 1771; x_wconf 85' lang='lat' dir='ltr'><strong>frequenti</strong></span> <span class='ocrx_word' id='word_1_82' title='bbox 845 1696 967 1753; x_wconf 86' lang='lat' dir='ltr'><strong>concilio</strong></span> <span class='ocrx_word' id='word_1_83' title='bbox 982 1698 1166 1763; x_wconf 84' lang='lat' dir='ltr'><strong>Achaeorum,</strong></span> <span class='ocrx_word' id='word_1_84' title='bbox 1184 1693 1287 1749; x_wconf 89' lang='lat' dir='ltr'><strong>littaris</strong></span> 
     </span>
     <span class='ocr_line' id='line_1_12' title="bbox 228 1795 1325 1875; baseline 0.003 -23"><span class='ocrx_word' id='word_1_85' title='bbox 228 1795 263 1851; x_wconf 84' lang='lat' dir='ltr'><strong>ud</strong></span> <span class='ocrx_word' id='word_1_86' title='bbox 283 1798 396 1855; x_wconf 85' lang='lat' dir='ltr'><strong>Persea</strong></span> <span class='ocrx_word' id='word_1_87' title='bbox 424 1800 582 1874; x_wconf 85' lang='lat' dir='ltr'><strong>deprensis.</strong></span> <span class='ocrx_word' id='word_1_88' title='bbox 631 1802 799 1859; x_wconf 84' lang='lat' dir='ltr'><strong>AEtolorum</strong></span> <span class='ocrx_word' id='word_1_89' title='bbox 827 1813 856 1859; x_wconf 92' lang='lat' dir='ltr'><strong>et</strong></span> <span class='ocrx_word' id='word_1_90' title='bbox 876 1804 1063 1870; x_wconf 85' lang='lat' dir='ltr'><strong>Boeotorum,</strong></span> <span class='ocrx_word' id='word_1_91' title='bbox 1086 1800 1134 1875; x_wconf 90' lang='lat' dir='ltr'><strong>qui</strong></span> <span class='ocrx_word' id='word_1_92' title='bbox 1155 1818 1212 1855; x_wconf 90' lang='lat' dir='ltr'><strong>non</strong></span> <span class='ocrx_word' id='word_1_93' title='bbox 1235 1818 1284 1855; x_wconf 89' lang='lat' dir='ltr'><strong>ex·</strong></span> <span class='ocrx_word' id='word_1_94' title='bbox 1308 1810 1325 1863; x_wconf 81' lang='grc'>9</span> 
     </span>
     <span class='ocr_line' id='line_1_13' title="bbox 227 1899 1286 1982; baseline 0.005 -26"><span class='ocrx_word' id='word_1_95' title='bbox 227 1899 341 1973; x_wconf 86' lang='lat' dir='ltr'><strong>plebant</strong></span> <span class='ocrx_word' id='word_1_96' title='bbox 356 1904 424 1979; x_wconf 89' lang='lat' dir='ltr'><strong>plus</strong></span> <span class='ocrx_word' id='word_1_97' title='bbox 440 1924 526 1979; x_wconf 86' lang='lat' dir='ltr'><strong>quam</strong></span> <span class='ocrx_word' id='word_1_98' title='bbox 543 1906 763 1982; x_wconf 85' lang='lat' dir='ltr'><strong>quingentorum</strong></span> <span class='ocrx_word' id='word_1_99' title='bbox 779 1927 879 1965; x_wconf 86' lang='lat' dir='ltr'><strong>omnes</strong></span> <span class='ocrx_word' id='word_1_100' title='bbox 895 1926 1054 1977; x_wconf 83' lang='lat' dir='ltr'><strong>numerum,</strong></span> <span class='ocrx_word' id='word_1_101' title='bbox 1070 1908 1150 1982; x_wconf 87' lang='lat' dir='ltr'><strong>Lyco</strong></span> <span class='ocrx_word' id='word_1_102' title='bbox 1162 1907 1286 1963; x_wconf 82' lang='lat' dir='ltr'><strong>Achaeus</strong></span> 
     </span>
     <span class='ocr_line' id='line_1_14' title="bbox 228 2007 1285 2089; baseline 0.004 -26"><span class='ocrx_word' id='word_1_103' title='bbox 228 2007 377 2079; x_wconf 87' lang='lat' dir='ltr'><strong>praeiectua</strong></span> <span class='ocrx_word' id='word_1_104' title='bbox 400 2024 472 2068; x_wconf 84' lang='lat' dir='ltr'><strong>arat.</strong></span> <span class='ocrx_word' id='word_1_105' title='bbox 516 2012 562 2069; x_wconf 83' lang='lat' dir='ltr'><strong>Ex</strong></span> <span class='ocrx_word' id='word_1_106' title='bbox 589 2013 634 2069; x_wconf 93' lang='lat' dir='ltr'><strong>his</strong></span> <span class='ocrx_word' id='word_1_107' title='bbox 658 2012 755 2069; x_wconf 85' lang='lat' dir='ltr'><strong>mixtis</strong></span> <span class='ocrx_word' id='word_1_108' title='bbox 787 2025 832 2069; x_wconf 92' lang='lat' dir='ltr'><strong>tot</strong></span> <span class='ocrx_word' id='word_1_109' title='bbox 862 2014 1052 2089; x_wconf 87' lang='lat' dir='ltr'><strong>populorum,</strong></span> <span class='ocrx_word' id='word_1_110' title='bbox 1085 2024 1127 2068; x_wconf 91' lang='lat' dir='ltr'><strong>tot</strong></span> <span class='ocrx_word' id='word_1_111' title='bbox 1158 2011 1285 2086; x_wconf 89' lang='lat' dir='ltr'><strong>gentium</strong></span> 
     </span>
     <span class='ocr_line' id='line_1_15' title="bbox 229 2113 1346 2191; baseline 0.005 -24"><span class='ocrx_word' id='word_1_112' title='bbox 229 2113 338 2170; x_wconf 78' lang='lat' dir='ltr'><strong>auxiliis</strong></span> <span class='ocrx_word' id='word_1_113' title='bbox 357 2117 512 2175; x_wconf 87' lang='lat' dir='ltr'><strong>duodecim</strong></span> <span class='ocrx_word' id='word_1_114' title='bbox 528 2118 607 2175; x_wconf 88' lang='lat' dir='ltr'><strong>milia</strong></span> <span class='ocrx_word' id='word_1_115' title='bbox 621 2131 799 2176; x_wconf 83' lang='lat' dir='ltr'><strong>armatorum</strong></span> <span class='ocrx_word' id='word_1_116' title='bbox 815 2118 906 2176; x_wconf 77' lang='lat' dir='ltr'><strong>ferme</strong></span> <span class='ocrx_word' id='word_1_117' title='bbox 921 2117 1127 2175; x_wconf 82' lang='lat' dir='ltr'><strong>efficiebantur.</strong></span> <span class='ocrx_word' id='word_1_118' title='bbox 1148 2118 1285 2191; x_wconf 85' lang='lat' dir='ltr'><strong>Equitum</strong></span> <span class='ocrx_word' id='word_1_119' title='bbox 1311 2129 1346 2182; x_wconf 86' lang='lat'><strong>10</strong></span> 
     </span>
     <span class='ocr_line' id='line_1_16' title="bbox 230 2223 1285 2284; baseline 0.005 -12"><span class='ocrx_word' id='word_1_120' title='bbox 230 2237 263 2274; x_wconf 88' lang='lat' dir='ltr'><strong>ex</strong></span> <span class='ocrx_word' id='word_1_121' title='bbox 287 2233 349 2279; x_wconf 87' lang='lat' dir='ltr'><strong>tota</strong></span> <span class='ocrx_word' id='word_1_122' title='bbox 371 2224 548 2281; x_wconf 88' lang='lat' dir='ltr'><strong>Macedonia</strong></span> <span class='ocrx_word' id='word_1_123' title='bbox 580 2237 766 2282; x_wconf 82' lang='lat' dir='ltr'><strong>contraxerat</strong></span> <span class='ocrx_word' id='word_1_124' title='bbox 797 2227 852 2281; x_wconf 72' lang='lat' dir='ltr'><strong>triu</strong></span> <span class='ocrx_word' id='word_1_125' title='bbox 884 2224 971 2284; x_wconf 87' lang='lat' dir='ltr'><strong>milia.</strong></span> <span class='ocrx_word' id='word_1_126' title='bbox 1029 2225 1159 2281; x_wconf 87' lang='lat' dir='ltr'><strong>Venerat</strong></span> <span class='ocrx_word' id='word_1_127' title='bbox 1184 2223 1285 2279; x_wconf 88' lang='lat' dir='ltr'><strong>eodem</strong></span> 
     </span>
     <span class='ocr_line' id='line_1_17' title="bbox 231 2323 1285 2406; baseline 0.001 -25"><span class='ocrx_word' id='word_1_128' title='bbox 231 2323 323 2402; x_wconf 82' lang='lat' dir='ltr'><strong>Cotys,</strong></span> <span class='ocrx_word' id='word_1_129' title='bbox 345 2329 465 2387; x_wconf 87' lang='lat' dir='ltr'><strong>Seuthis</strong></span> <span class='ocrx_word' id='word_1_130' title='bbox 486 2330 577 2400; x_wconf 86' lang='lat' dir='ltr'><strong>filius,</strong></span> <span class='ocrx_word' id='word_1_131' title='bbox 598 2350 651 2387; x_wconf 86' lang='lat' dir='ltr'><strong>rex</strong></span> <span class='ocrx_word' id='word_1_132' title='bbox 672 2331 764 2405; x_wconf 88' lang='lat' dir='ltr'><strong>gentis</strong></span> <span class='ocrx_word' id='word_1_133' title='bbox 788 2330 984 2406; x_wconf 83' lang='lat' dir='ltr'><strong>Odrysarum,</strong></span> <span class='ocrx_word' id='word_1_134' title='bbox 1008 2348 1071 2387; x_wconf 91' lang='lat' dir='ltr'><strong>cum</strong></span> <span class='ocrx_word' id='word_1_135' title='bbox 1095 2329 1171 2386; x_wconf 93' lang='lat' dir='ltr'><strong>mille</strong></span> <span class='ocrx_word' id='word_1_136' title='bbox 1193 2327 1285 2383; x_wconf 88' lang='lat' dir='ltr'><strong>delec-</strong></span> 
     </span>
     <span class='ocr_line' id='line_1_18' title="bbox 233 2431 1341 2512; baseline 0.005 -26"><span class='ocrx_word' id='word_1_137' title='bbox 233 2431 264 2487; x_wconf 91' lang='lat' dir='ltr'><strong>tis</strong></span> <span class='ocrx_word' id='word_1_138' title='bbox 283 2436 445 2509; x_wconf 88' lang='lat' dir='ltr'><strong>equitibus,</strong></span> <span class='ocrx_word' id='word_1_139' title='bbox 474 2437 538 2511; x_wconf 86' lang='lat' dir='ltr'><strong>pari</strong></span> <span class='ocrx_word' id='word_1_140' title='bbox 564 2436 655 2495; x_wconf 84' lang='lat' dir='ltr'><strong>ferme</strong></span> <span class='ocrx_word' id='word_1_141' title='bbox 676 2438 803 2512; x_wconf 89' lang='lat' dir='ltr'><strong>peditum</strong></span> <span class='ocrx_word' id='word_1_142' title='bbox 825 2454 954 2492; x_wconf 89' lang='lat' dir='ltr'><strong>numero.</strong></span> <span class='ocrx_word' id='word_1_143' title='bbox 995 2436 1042 2493; x_wconf 88' lang='lat' dir='ltr'><strong>Ita</strong></span> <span class='ocrx_word' id='word_1_144' title='bbox 1064 2451 1177 2489; x_wconf 86' lang='lat' dir='ltr'><strong>summa</strong></span> <span class='ocrx_word' id='word_1_145' title='bbox 1198 2432 1285 2487; x_wconf 87' lang='lat' dir='ltr'><strong>totius</strong></span> <span class='ocrx_word' id='word_1_146' title='bbox 1311 2440 1341 2493; x_wconf 88' lang='lat' dir='ltr'><strong>ll</strong></span> 
     </span>
     <span class='ocr_line' id='line_1_19' title="bbox 231 2537 1284 2617; baseline 0 -24"><span class='ocrx_word' id='word_1_147' title='bbox 231 2543 363 2599; x_wconf 84' lang='lat' dir='ltr'><strong>exercitus</strong></span> <span class='ocrx_word' id='word_1_148' title='bbox 386 2542 580 2600; x_wconf 88' lang='lat' dir='ltr'>XXXVIIII</span> <span class='ocrx_word' id='word_1_149' title='bbox 601 2541 681 2598; x_wconf 85' lang='lat' dir='ltr'><strong>milia</strong></span> <span class='ocrx_word' id='word_1_150' title='bbox 702 2541 830 2617; x_wconf 89' lang='lat' dir='ltr'><strong>peditum</strong></span> <span class='ocrx_word' id='word_1_151' title='bbox 852 2552 944 2609; x_wconf 83' lang='lat' dir='ltr'><strong>eruut,</strong></span> <span class='ocrx_word' id='word_1_152' title='bbox 966 2542 1010 2598; x_wconf 90' lang='lat' dir='ltr'><strong>IV</strong></span> <span class='ocrx_word' id='word_1_153' title='bbox 1033 2539 1170 2613; x_wconf 90' lang='lat' dir='ltr'><strong>equitum.</strong></span> <span class='ocrx_word' id='word_1_154' title='bbox 1207 2537 1284 2595; x_wconf 86' lang='lat' dir='ltr'><strong>Satis</strong></span> 
     </span>
     <span class='ocr_line' id='line_1_20' title="bbox 230 2644 1285 2720; baseline 0.001 -22"><span class='ocrx_word' id='word_1_155' title='bbox 230 2649 384 2717; x_wconf 86' lang='lat' dir='ltr'><strong>constabat,</strong></span> <span class='ocrx_word' id='word_1_156' title='bbox 408 2649 564 2706; x_wconf 85' lang='lat' dir='ltr'><strong>secundum</strong></span> <span class='ocrx_word' id='word_1_157' title='bbox 587 2667 651 2705; x_wconf 91' lang='lat' dir='ltr'><strong>eum</strong></span> <span class='ocrx_word' id='word_1_158' title='bbox 675 2647 842 2716; x_wconf 87' lang='lat' dir='ltr'><strong>exercitum,</strong></span> <span class='ocrx_word' id='word_1_159' title='bbox 865 2664 949 2720; x_wconf 86' lang='lat' dir='ltr'><strong>quem</strong></span> <span class='ocrx_word' id='word_1_160' title='bbox 974 2663 1094 2720; x_wconf 88' lang='lat' dir='ltr'><strong>magnus</strong></span> <span class='ocrx_word' id='word_1_161' title='bbox 1116 2644 1285 2702; x_wconf 83' lang='lat' dir='ltr'><strong>Alexander</strong></span> 
     </span>
     <span class='ocr_line' id='line_1_21' title="bbox 231 2726 1284 2829; baseline 0.001 -23"><span class='ocrx_word' id='word_1_162' title='bbox 231 2749 376 2809; x_wconf 81' lang='lat' dir='ltr'><strong>inAsiam</strong></span> <span class='ocrx_word' id='word_1_163' title='bbox 398 2754 525 2824; x_wconf 87' lang='lat' dir='ltr'><strong>traiecit,</strong></span> <span class='ocrx_word' id='word_1_164' title='bbox 558 2773 715 2829; x_wconf 87' lang='lat' dir='ltr'><strong>numquam</strong></span> <span class='ocrx_word' id='word_1_165' title='bbox 745 2726 830 2809; x_wconf 83' lang='lat' dir='ltr'><strong>ullius</strong></span> <span class='ocrx_word' id='word_1_166' title='bbox 857 2752 1052 2808; x_wconf 85' lang='lat' dir='ltr'><strong>Macedonum</strong></span> <span class='ocrx_word' id='word_1_167' title='bbox 1080 2752 1155 2827; x_wconf 88' lang='lat' dir='ltr'><strong>regis</strong></span> <span class='ocrx_word' id='word_1_168' title='bbox 1185 2751 1284 2826; x_wconf 84' lang='lat' dir='ltr'><strong>copias</strong></span> 
     </span>
     <span class='ocr_line' id='line_1_22' title="bbox 231 2860 441 2918; baseline 0.029 -6"><span class='ocrx_word' id='word_1_169' title='bbox 231 2865 318 2915; x_wconf 81' lang='lat' dir='ltr'><strong>tantas</strong></span> <span class='ocrx_word' id='word_1_170' title='bbox 339 2860 441 2918; x_wconf 85' lang='lat' dir='ltr'><strong>fuisse.</strong></span> 
     </span>
    </p>

    <p class='ocr_par' dir='ltr' id='par_1_3' title="bbox 231 2960 1366 3463">
     <span class='ocr_line' id='line_1_23' title="bbox 306 2960 1366 3041; baseline -0.003 -19"><span class='ocrx_word' id='word_1_171' title='bbox 306 2965 414 3041; x_wconf 83' lang='lat' dir='ltr'><strong>Sextus</strong></span> <span class='ocrx_word' id='word_1_172' title='bbox 436 2979 465 3022; x_wconf 90' lang='lat' dir='ltr'><strong>et</strong></span> <span class='ocrx_word' id='word_1_173' title='bbox 485 2967 638 3023; x_wconf 88' lang='lat' dir='ltr'><strong>vicesimus</strong></span> <span class='ocrx_word' id='word_1_174' title='bbox 659 2975 751 3023; x_wconf 83' lang='lat' dir='ltr'><strong>annus</strong></span> <span class='ocrx_word' id='word_1_175' title='bbox 774 2966 924 3039; x_wconf 81' lang='lat' dir='ltr'><strong>agebatur,</strong></span> <span class='ocrx_word' id='word_1_176' title='bbox 945 2982 983 3020; x_wconf 84' lang='lat' dir='ltr'><strong>ax</strong></span> <span class='ocrx_word' id='word_1_177' title='bbox 1005 2981 1062 3037; x_wconf 92' lang='lat' dir='ltr'><strong>quo</strong></span> <span class='ocrx_word' id='word_1_178' title='bbox 1086 2964 1193 3037; x_wconf 89' lang='lat' dir='ltr'><strong>petenti</strong></span> <span class='ocrx_word' id='word_1_179' title='bbox 1213 2963 1283 3020; x_wconf 91' lang='lat' dir='ltr'><strong>Phi·</strong></span> <span class='ocrx_word' id='word_1_180' title='bbox 1327 2960 1366 3029; x_wconf 80' lang='lat'><strong>52</strong></span> 
     </span>
     <span class='ocr_line' id='line_1_24' title="bbox 231 3064 1323 3147; baseline 0 -21"><span class='ocrx_word' id='word_1_181' title='bbox 231 3064 301 3141; x_wconf 77' lang='lat' dir='ltr'><strong>lippo</strong></span> <span class='ocrx_word' id='word_1_182' title='bbox 324 3072 396 3128; x_wconf 84' lang='lat' dir='ltr'><strong>data</strong></span> <span class='ocrx_word' id='word_1_183' title='bbox 419 3092 479 3147; x_wconf 87' lang='lat' dir='ltr'><strong>pax</strong></span> <span class='ocrx_word' id='word_1_184' title='bbox 501 3083 571 3128; x_wconf 84' lang='lat' dir='ltr'><strong>eret.</strong></span> <span class='ocrx_word' id='word_1_185' title='bbox 621 3073 680 3129; x_wconf 89' lang='lat' dir='ltr'><strong>Per</strong></span> <span class='ocrx_word' id='word_1_186' title='bbox 697 3073 727 3129; x_wconf 88' lang='lat' dir='ltr'><strong>id</strong></span> <span class='ocrx_word' id='word_1_187' title='bbox 750 3091 835 3128; x_wconf 91' lang='lat' dir='ltr'><strong>omne</strong></span> <span class='ocrx_word' id='word_1_188' title='bbox 855 3082 969 3145; x_wconf 87' lang='lat' dir='ltr'><strong>tempus</strong></span> <span class='ocrx_word' id='word_1_189' title='bbox 993 3070 1090 3143; x_wconf 83' lang='lat' dir='ltr'><strong>quieta</strong></span> <span class='ocrx_word' id='word_1_190' title='bbox 1110 3070 1284 3125; x_wconf 87' lang='lat' dir='ltr'><strong>Macedonia</strong></span> <span class='ocrx_word' id='word_1_191' title='bbox 1306 3072 1323 3126; x_wconf 79' lang='lat'><strong>2</strong></span> 
     </span>
     <span class='ocr_line' id='line_1_25' title="bbox 234 3173 1352 3253; baseline -0.003 -21"><span class='ocrx_word' id='word_1_192' title='bbox 234 3183 258 3225; x_wconf 88' lang='lat' dir='ltr'><strong>et</strong></span> <span class='ocrx_word' id='word_1_193' title='bbox 277 3177 442 3251; x_wconf 86' lang='lat' dir='ltr'><strong>progeniem</strong></span> <span class='ocrx_word' id='word_1_194' title='bbox 457 3177 596 3247; x_wconf 87' lang='lat' dir='ltr'><strong>ediderat,</strong></span> <span class='ocrx_word' id='word_1_195' title='bbox 618 3179 699 3235; x_wconf 91' lang='lat' dir='ltr'><strong>cuius</strong></span> <span class='ocrx_word' id='word_1_196' title='bbox 722 3196 827 3253; x_wconf 87' lang='lat' dir='ltr'><strong>magna</strong></span> <span class='ocrx_word' id='word_1_197' title='bbox 848 3195 919 3252; x_wconf 85' lang='lat' dir='ltr'><strong>pars</strong></span> <span class='ocrx_word' id='word_1_198' title='bbox 942 3188 1054 3232; x_wconf 84' lang='lat' dir='ltr'><strong>matura</strong></span> <span class='ocrx_word' id='word_1_199' title='bbox 1070 3173 1177 3231; x_wconf 76' lang='lat' dir='ltr'><strong>militia</strong></span> <span class='ocrx_word' id='word_1_200' title='bbox 1199 3187 1283 3242; x_wconf 88' lang='lat' dir='ltr'><strong>esset,</strong></span> <span class='ocrx_word' id='word_1_201' title='bbox 1348 3202 1352 3211; x_wconf 91' lang='lat'>.</span> 
     </span>
     <span class='ocr_line' id='line_1_26' title="bbox 233 3279 1283 3358; baseline 0.004 -28"><span class='ocrx_word' id='word_1_202' title='bbox 233 3288 257 3331; x_wconf 89' lang='lat' dir='ltr'><strong>et</strong></span> <span class='ocrx_word' id='word_1_203' title='bbox 275 3279 384 3339; x_wconf 88' lang='lat' dir='ltr'><strong>levibus</strong></span> <span class='ocrx_word' id='word_1_204' title='bbox 412 3282 494 3339; x_wconf 90' lang='lat' dir='ltr'><strong>bellis</strong></span> <span class='ocrx_word' id='word_1_205' title='bbox 516 3284 663 3341; x_wconf 87' lang='lat' dir='ltr'><strong>Thracum</strong></span> <span class='ocrx_word' id='word_1_206' title='bbox 693 3286 874 3353; x_wconf 87' lang='lat' dir='ltr'><strong>accolarum,</strong></span> <span class='ocrx_word' id='word_1_207' title='bbox 907 3300 970 3358; x_wconf 85' lang='lat' dir='ltr'><strong>quae</strong></span> <span class='ocrx_word' id='word_1_208' title='bbox 998 3291 1164 3337; x_wconf 87' lang='lat' dir='ltr'><strong>exercerent</strong></span> <span class='ocrx_word' id='word_1_209' title='bbox 1191 3280 1283 3353; x_wconf 88' lang='lat' dir='ltr'><strong>magis</strong></span> 
     </span>
     <span class='ocr_line' id='line_1_27' title="bbox 234 3384 1322 3463; baseline -0.001 -22"><span class='ocrx_word' id='word_1_210' title='bbox 234 3399 310 3453; x_wconf 84' lang='lat' dir='ltr'><strong>quem</strong></span> <span class='ocrx_word' id='word_1_211' title='bbox 334 3388 500 3463; x_wconf 75' lang='lat' dir='ltr'><strong>fatigarent,</strong></span> <span class='ocrx_word' id='word_1_212' title='bbox 522 3391 576 3446; x_wconf 90' lang='lat' dir='ltr'><strong>sub</strong></span> <span class='ocrx_word' id='word_1_213' title='bbox 597 3390 719 3448; x_wconf 88' lang='lat' dir='ltr'><strong>adsidua</strong></span> <span class='ocrx_word' id='word_1_214' title='bbox 741 3401 836 3447; x_wconf 82' lang='lat' dir='ltr'><strong>tamen</strong></span> <span class='ocrx_word' id='word_1_215' title='bbox 857 3387 958 3443; x_wconf 88' lang='lat' dir='ltr'><strong>militia</strong></span> <span class='ocrx_word' id='word_1_216' title='bbox 973 3385 1081 3454; x_wconf 85' lang='lat' dir='ltr'><strong>fuerat3</strong></span> <span class='ocrx_word' id='word_1_217' title='bbox 1104 3398 1132 3441; x_wconf 90' lang='lat' dir='ltr'><strong>et</strong></span> <span class='ocrx_word' id='word_1_218' title='bbox 1152 3385 1200 3441; x_wconf 93' lang='lat' dir='ltr'><strong>diu</strong></span> <span class='ocrx_word' id='word_1_219' title='bbox 1224 3404 1282 3440; x_wconf 91' lang='lat' dir='ltr'><strong>me·</strong></span> <span class='ocrx_word' id='word_1_220' title='bbox 1306 3384 1322 3440; x_wconf 87' lang='lat'>3</span> 
     </span>
    </p>
   </div>
   <div class='ocr_carea' id='block_1_3' title="bbox 233 3485 1282 3569">
    <p class='ocr_par' dir='ltr' id='par_1_4' title="bbox 233 3485 1282 3569">
     <span class='ocr_line' id='line_1_28' title="bbox 233 3485 1282 3569; baseline 0.007 -28"><span class='ocrx_word' id='word_1_221' title='bbox 233 3485 343 3549; x_wconf 83' lang='lat' dir='ltr'><strong>ditatum</strong></span> <span class='ocrx_word' id='word_1_222' title='bbox 366 3493 503 3568; x_wconf 85' lang='lat' dir='ltr'><strong>Philippo</strong></span> <span class='ocrx_word' id='word_1_223' title='bbox 533 3496 643 3569; x_wconf 85' lang='lat' dir='ltr'><strong>primo,</strong></span> <span class='ocrx_word' id='word_1_224' title='bbox 674 3496 777 3553; x_wconf 90' lang='lat' dir='ltr'><strong>deiude</strong></span> <span class='ocrx_word' id='word_1_225' title='bbox 811 3507 839 3551; x_wconf 92' lang='lat' dir='ltr'><strong>et</strong></span> <span class='ocrx_word' id='word_1_226' title='bbox 860 3493 959 3551; x_wconf 86' lang='lat' dir='ltr'><strong>Persei</strong></span> <span class='ocrx_word' id='word_1_227' title='bbox 981 3494 1144 3551; x_wconf 84' lang='lat' dir='ltr'><strong>Romanum</strong></span> <span class='ocrx_word' id='word_1_228' title='bbox 1161 3488 1282 3561; x_wconf 90' lang='lat' dir='ltr'><strong>bellum,</strong></span> 
     </span>
    </p>
   </div>
   <div class='ocr_carea' id='block_1_4' title="bbox 234 3598 413 3613">
    <p class='ocr_par' dir='ltr' id='par_1_5' title="bbox 234 3598 413 3613">
     <span class='ocr_line' id='line_1_29' title="bbox 234 3598 413 3613; baseline -0.006 -1"><span class='ocrx_word' id='word_1_229' title='bbox 234 3598 348 3613; x_wconf 45' lang='lat'><strong>&#39;“—-</strong></span> <span class='ocrx_word' id='word_1_230' title='bbox 354 3608 399 3613; x_wconf 55' lang='grc' dir='ltr'><strong>,ψ</strong></span> <span class='ocrx_word' id='word_1_231' title='bbox 408 3608 413 3611; x_wconf 90' lang='grc'><em>.</em></span> 
     </span>
    </p>
   </div>
   <div class='ocr_carea' id='block_1_5' title="bbox 234 3624 1282 4423">
    <p class='ocr_par' dir='ltr' id='par_1_6' title="bbox 234 3624 1282 4423">
     <span class='ocr_line' id='line_1_30' title="bbox 234 3624 1282 3724; baseline 0.01 -30"><span class='ocrx_word' id='word_1_232' title='bbox 234 3655 371 3707; x_wconf 72' lang='lat' dir='ltr'><strong>straeiaeet</strong></span> <span class='ocrx_word' id='word_1_233' title='bbox 382 3659 496 3708; x_wconf 85' lang='lat' dir='ltr'><strong>aurienes</strong></span> <span class='ocrx_word' id='word_1_234' title='bbox 511 3665 516 3722; x_wconf 91' lang='grc' dir='ltr'>Ι</span> <span class='ocrx_word' id='word_1_235' title='bbox 531 3661 642 3709; x_wconf 84' lang='lat' dir='ltr'><strong>trccibus</strong></span> <span class='ocrx_word' id='word_1_236' title='bbox 661 3660 749 3724; x_wconf 70' lang='lat' dir='ltr'><strong>(Gt-yn.</strong></span> <span class='ocrx_word' id='word_1_237' title='bbox 763 3659 916 3723; x_wconf 83' lang='lat' dir='ltr'><strong>Thracibus)</strong></span> <span class='ocrx_word' id='word_1_238' title='bbox 947 3624 1079 3706; x_wconf 75' lang='lat' dir='ltr'><strong>smitliim</strong></span> <span class='ocrx_word' id='word_1_239' title='bbox 1095 3659 1099 3719; x_wconf 87' lang='grc' dir='ltr'>Ι</span> <span class='ocrx_word' id='word_1_240' title='bbox 1115 3658 1282 3721; x_wconf 81' lang='lat' dir='ltr'><strong>explanarunt</strong></span> 
     </span>
     <span class='ocr_line' id='line_1_31' title="bbox 236 3734 1280 3811; baseline 0.002 -22"><span class='ocrx_word' id='word_1_241' title='bbox 236 3734 282 3802; x_wconf 70' lang='lat' dir='ltr'><strong>My.</strong></span> <span class='ocrx_word' id='word_1_242' title='bbox 295 3740 310 3791; x_wconf 89' lang='lat'><strong>1.</strong></span> <span class='ocrx_word' id='word_1_243' title='bbox 321 3762 341 3793; x_wconf 90' lang='lat' dir='ltr'><strong>c.</strong></span> <span class='ocrx_word' id='word_1_244' title='bbox 379 3745 404 3805; x_wconf 82' lang='lat'><strong>6,</strong></span> <span class='ocrx_word' id='word_1_245' title='bbox 418 3752 427 3794; x_wconf 91' lang='grc'>1</span> <span class='ocrx_word' id='word_1_246' title='bbox 440 3758 601 3795; x_wconf 83' lang='lat' dir='ltr'><strong>armanersnt</strong></span> <span class='ocrx_word' id='word_1_247' title='bbox 638 3748 747 3811; x_wconf 71' lang='lat' dir='ltr'><strong>tphecn</strong></span> <span class='ocrx_word' id='word_1_248' title='bbox 784 3746 946 3811; x_wconf 80' lang='lat' dir='ltr'><strong>3proeIeetua</strong></span> <span class='ocrx_word' id='word_1_249' title='bbox 982 3742 1193 3807; x_wconf 81' lang='lat' dir='ltr'><strong>4(Pruueindec</strong></span> <span class='ocrx_word' id='word_1_250' title='bbox 1206 3742 1280 3808; x_wconf 58' lang='lat' dir='ltr'><strong>Gran.</strong></span> 
     </span>
     <span class='ocr_line' id='line_1_32' title="bbox 235 3823 1279 3897; baseline -0.001 -17"><span class='ocrx_word' id='word_1_251' title='bbox 235 3823 430 3896; x_wconf 73' lang='lat' dir='ltr'><strong>interpunqetasar</strong></span> <span class='ocrx_word' id='word_1_252' title='bbox 442 3834 636 3897; x_wconf 85' lang='lat' dir='ltr'><strong>Asclepiodoto.</strong></span> <span class='ocrx_word' id='word_1_253' title='bbox 665 3836 708 3883; x_wconf 83' lang='lat' dir='ltr'><strong>Ab</strong></span> <span class='ocrx_word' id='word_1_254' title='bbox 724 3834 850 3885; x_wconf 81' lang='lat' dir='ltr'><strong>Heraclea</strong></span> <span class='ocrx_word' id='word_1_255' title='bbox 867 3849 899 3883; x_wconf 89' lang='lat' dir='ltr'><strong>ex</strong></span> <span class='ocrx_word' id='word_1_256' title='bbox 915 3832 974 3896; x_wconf 69' lang='lat' dir='ltr'><strong>St.)</strong></span> <span class='ocrx_word' id='word_1_257' title='bbox 992 3832 996 3896; x_wconf 96' lang='grc' dir='ltr'>Ι</span> <span class='ocrx_word' id='word_1_258' title='bbox 1012 3846 1045 3879; x_wconf 89' lang='lat' dir='ltr'><strong>ex</strong></span> <span class='ocrx_word' id='word_1_259' title='bbox 1063 3832 1135 3880; x_wconf 85' lang='lat' dir='ltr'><strong>intris</strong></span> <span class='ocrx_word' id='word_1_260' title='bbox 1152 3830 1279 3880; x_wconf 80' lang='lat' dir='ltr'><strong>Drakenb.</strong></span> 
     </span>
     <span class='ocr_line' id='line_1_33' title="bbox 236 3910 1281 3991; baseline -0.005 -20"><span class='ocrx_word' id='word_1_261' title='bbox 236 3910 313 3979; x_wconf 55' lang='grc' dir='ltr'>(ὕψι.</span> <span class='ocrx_word' id='word_1_262' title='bbox 331 3934 365 3968; x_wconf 87' lang='lat' dir='ltr'><strong>ex</strong></span> <span class='ocrx_word' id='word_1_263' title='bbox 385 3919 483 3984; x_wconf 86' lang='lat' dir='ltr'><strong>Sintiis)</strong></span> <span class='ocrx_word' id='word_1_264' title='bbox 526 3919 549 3979; x_wconf 80' lang='lat'><strong>7,</strong></span> <span class='ocrx_word' id='word_1_265' title='bbox 571 3926 581 3968; x_wconf 91' lang='lat' dir='ltr'><strong>l</strong></span> <span class='ocrx_word' id='word_1_266' title='bbox 604 3931 699 3970; x_wconf 79' lang='lat' dir='ltr'><strong>uenum</strong></span> <span class='ocrx_word' id='word_1_267' title='bbox 713 3921 803 3991; x_wconf 62' lang='lat' dir='ltr'><strong>(Gryn.</strong></span> <span class='ocrx_word' id='word_1_268' title='bbox 826 3922 966 3983; x_wconf 83' lang='lat' dir='ltr'><strong>Thracum)</strong></span> <span class='ocrx_word' id='word_1_269' title='bbox 996 3926 1145 3983; x_wconf 70' lang='lat' dir='ltr'><strong>tparmene</strong></span> <span class='ocrx_word' id='word_1_270' title='bbox 1161 3934 1281 3967; x_wconf 86' lang='lat' dir='ltr'><strong>numerus</strong></span> 
     </span>
     <span class='ocr_line' id='line_1_34' title="bbox 235 3996 1281 4070; baseline -0.002 -14"><span class='ocrx_word' id='word_1_271' title='bbox 235 3996 255 4056; x_wconf 72' lang='lat'><strong>85</strong></span> <span class='ocrx_word' id='word_1_272' title='bbox 275 4007 284 4049; x_wconf 92' lang='lat' dir='ltr'><strong>l</strong></span> <span class='ocrx_word' id='word_1_273' title='bbox 302 4005 500 4055; x_wconf 83' lang='lat' dir='ltr'><strong>lacaedemunius</strong></span> <span class='ocrx_word' id='word_1_274' title='bbox 520 4008 525 4069; x_wconf 87' lang='grc' dir='ltr'>Ι</span> <span class='ocrx_word' id='word_1_275' title='bbox 547 4022 580 4055; x_wconf 88' lang='lat' dir='ltr'><strong>ex</strong></span> <span class='ocrx_word' id='word_1_276' title='bbox 604 4010 722 4070; x_wconf 69' lang='lat' dir='ltr'><strong>graciam</strong></span> <span class='ocrx_word' id='word_1_277' title='bbox 742 4010 821 4060; x_wconf 90' lang='lat' dir='ltr'><strong>misso</strong></span> <span class='ocrx_word' id='word_1_278' title='bbox 840 4022 932 4070; x_wconf 85' lang='lat' dir='ltr'><strong>genere</strong></span> <span class='ocrx_word' id='word_1_279' title='bbox 978 4013 992 4056; x_wconf 75' lang='lat'><strong>2</strong></span> <span class='ocrx_word' id='word_1_280' title='bbox 1012 4008 1078 4069; x_wconf 84' lang='lat' dir='ltr'><strong>regis</strong></span> <span class='ocrx_word' id='word_1_281' title='bbox 1097 4008 1197 4067; x_wconf 82' lang='lat' dir='ltr'><strong>generis</strong></span> <span class='ocrx_word' id='word_1_282' title='bbox 1215 4007 1281 4056; x_wconf 85' lang='lat' dir='ltr'><strong>iere·</strong></span> 
     </span>
     <span class='ocr_line' id='line_1_35' title="bbox 236 4083 1281 4159; baseline 0.009 -28"><span class='ocrx_word' id='word_1_283' title='bbox 236 4083 274 4134; x_wconf 88' lang='lat' dir='ltr'><strong>bst</strong></span> <span class='ocrx_word' id='word_1_284' title='bbox 304 4093 473 4142; x_wconf 72' lang='lat' dir='ltr'><strong>tacheorum</strong></span> <span class='ocrx_word' id='word_1_285' title='bbox 518 4096 679 4159; x_wconf 84' lang='lat' dir='ltr'><strong>4depressis</strong></span> <span class='ocrx_word' id='word_1_286' title='bbox 727 4096 789 4154; x_wconf 86' lang='grc'><strong>9,1</strong></span> <span class='ocrx_word' id='word_1_287' title='bbox 816 4096 919 4144; x_wconf 81' lang='lat' dir='ltr'><strong>oetolum</strong></span> <span class='ocrx_word' id='word_1_288' title='bbox 939 4104 965 4144; x_wconf 85' lang='lat' dir='ltr'><strong>et</strong></span> <span class='ocrx_word' id='word_1_289' title='bbox 985 4096 1117 4144; x_wconf 77' lang='lat' dir='ltr'><strong>beatorum</strong></span> <span class='ocrx_word' id='word_1_290' title='bbox 1164 4100 1178 4141; x_wconf 78' lang='lat'><strong>2</strong></span> <span class='ocrx_word' id='word_1_291' title='bbox 1205 4107 1281 4141; x_wconf 83' lang='lat' dir='ltr'><strong>aucus</strong></span> 
     </span>
     <span class='ocr_line' id='line_1_36' title="bbox 237 4168 1277 4247; baseline 0.002 -21"><span class='ocrx_word' id='word_1_292' title='bbox 237 4168 271 4230; x_wconf 78' lang='lat'><strong>10,</strong></span> <span class='ocrx_word' id='word_1_293' title='bbox 287 4182 301 4224; x_wconf 75' lang='lat'>2</span> <span class='ocrx_word' id='word_1_294' title='bbox 320 4191 481 4229; x_wconf 83' lang='lat' dir='ltr'><strong>contraxerat</strong></span> <span class='ocrx_word' id='word_1_295' title='bbox 497 4182 567 4230; x_wconf 91' lang='lat' dir='ltr'><strong>milia</strong></span> <span class='ocrx_word' id='word_1_296' title='bbox 602 4184 727 4233; x_wconf 67' lang='lat' dir='ltr'><strong>aecthes</strong></span> <span class='ocrx_word' id='word_1_297' title='bbox 751 4186 834 4233; x_wconf 86' lang='lat' dir='ltr'><strong>euthia</strong></span> <span class='ocrx_word' id='word_1_298' title='bbox 858 4184 927 4232; x_wconf 87' lang='lat' dir='ltr'><strong>filius</strong></span> <span class='ocrx_word' id='word_1_299' title='bbox 945 4180 1035 4247; x_wconf 65' lang='lat' dir='ltr'><strong>(crya.</strong></span> <span class='ocrx_word' id='word_1_300' title='bbox 1057 4182 1172 4241; x_wconf 74' lang='lat' dir='ltr'><strong>Seuthes)</strong></span> <span class='ocrx_word' id='word_1_301' title='bbox 1209 4177 1277 4237; x_wconf 87' lang='lat' dir='ltr'><strong>ll‚i</strong></span> 
     </span>
     <span class='ocr_line' id='line_1_37' title="bbox 240 4256 1281 4335; baseline -0.001 -19"><span class='ocrx_word' id='word_1_302' title='bbox 240 4256 303 4325; x_wconf 72' lang='lat' dir='ltr'><strong>Gryn,</strong></span> <span class='ocrx_word' id='word_1_303' title='bbox 322 4285 366 4317; x_wconf 84' lang='lat' dir='ltr'><strong>am.</strong></span> <span class='ocrx_word' id='word_1_304' title='bbox 386 4269 423 4317; x_wconf 77' lang='lat' dir='ltr'><strong>ita</strong></span> <span class='ocrx_word' id='word_1_305' title='bbox 466 4276 480 4316; x_wconf 79' lang='lat'><strong>2</strong></span> <span class='ocrx_word' id='word_1_306' title='bbox 499 4285 608 4318; x_wconf 85' lang='lat' dir='ltr'><strong>xxxunn</strong></span> <span class='ocrx_word' id='word_1_307' title='bbox 625 4272 740 4333; x_wconf 87' lang='lat' dir='ltr'><strong>peditum</strong></span> <span class='ocrx_word' id='word_1_308' title='bbox 756 4278 759 4326; x_wconf 92' lang='grc' dir='ltr'>Ι</span> <span class='ocrx_word' id='word_1_309' title='bbox 775 4288 810 4319; x_wconf 85' lang='lat' dir='ltr'><strong>rm</strong></span> <span class='ocrx_word' id='word_1_310' title='bbox 830 4273 943 4335; x_wconf 87' lang='lat' dir='ltr'><strong>equitum</strong></span> <span class='ocrx_word' id='word_1_311' title='bbox 981 4268 1039 4328; x_wconf 81' lang='lat' dir='ltr'><strong>LII,</strong></span> <span class='ocrx_word' id='word_1_312' title='bbox 1058 4268 1118 4326; x_wconf 78' lang='lat'>2‚&#39;2</span> <span class='ocrx_word' id='word_1_313' title='bbox 1138 4269 1208 4317; x_wconf 87' lang='lat' dir='ltr'><strong>cuius</strong></span> <span class='ocrx_word' id='word_1_314' title='bbox 1228 4283 1281 4316; x_wconf 84' lang='lat' dir='ltr'><strong>me·</strong></span> 
     </span>
     <span class='ocr_line' id='line_1_38' title="bbox 237 4351 896 4423; baseline 0.009 -23"><span class='ocrx_word' id='word_1_315' title='bbox 237 4351 329 4405; x_wconf 78' lang='lat' dir='ltr'><strong>cedonia</strong></span> <span class='ocrx_word' id='word_1_316' title='bbox 346 4374 441 4421; x_wconf 87' lang='lat' dir='ltr'><strong>magna</strong></span> <span class='ocrx_word' id='word_1_317' title='bbox 479 4363 613 4407; x_wconf 80' lang='lat' dir='ltr'><strong>3tracunt</strong></span> <span class='ocrx_word' id='word_1_318' title='bbox 649 4357 709 4417; x_wconf 83' lang='lat' dir='ltr'><strong>3‚a</strong></span> <span class='ocrx_word' id='word_1_319' title='bbox 732 4360 805 4423; x_wconf 71' lang='lat' dir='ltr'><strong>crya</strong></span> <span class='ocrx_word' id='word_1_320' title='bbox 824 4358 896 4407; x_wconf 85' lang='lat' dir='ltr'><strong>Persi</strong></span> 
     </span>
    </p>
   </div>
   <div class='ocr_carea' id='block_1_6' title="bbox 0 0 1747 5084">
    <p class='ocr_par' dir='ltr' id='par_1_7' title="bbox 0 0 1747 5084">
     <span class='ocr_line' id='line_1_39' title="bbox 0 0 1747 5084; baseline 0 0"><span class='ocrx_word' id='word_1_321' title='bbox 0 0 1747 5084; x_wconf 95' lang='lat' dir='ltr'><strong> </strong></span> 
     </span>
    </p>
   </div>
  </div>
 </body>
</html>
