3475 5084
452 451 490 506 40
713 444 792 494 aree
809 443 894 496 xn11.
941 443 987 507 (Δ.
1009 459 1034 494 u.
1055 457 1076 494 e.
1098 442 1171 507 ser.)

408 627 560 688 Hannibal
588 627 762 698 violassent,
789 629 900 687 violare
925 648 1029 707 perum
1054 627 1205 699 babuisse,
1234 626 1289 684 uisi
1317 627 1481 688 detexisset

370 737 385 792 7
409 731 486 791 foede
508 751 543 791 eo
564 751 657 810 prope
678 732 821 794 diruisset.
867 735 1040 795 Detractum
1058 734 1170 792 culmen
1192 733 1310 809 templo,
1333 733 1478 791 nudatum

407 845 515 896 tectum
529 849 630 914 patere
643 837 783 896 imbribus
797 838 1056 915 putrefaciendum.
1094 837 1261 908 Censorem,
1283 837 1414 894 moribus
1429 856 1478 896 re·

407 943 509 1018 gendis
527 953 664 1017 creatum,
686 945 733 1012 cui
751 952 831 1002 sarta
848 952 926 1002 tecta
943 944 1060 1019 exigere
1076 941 1167 1000 saeris
1181 940 1304 1020 publicis
1326 951 1356 998 et
1375 942 1479 1001 locere

369 1040 386 1097 8
408 1048 517 1106 tuende
535 1067 615 1107 more
635 1050 777 1108 meierum
795 1048 933 1107 traditum
953 1056 1038 1119 esset,
1060 1066 1124 1106 eum
1146 1066 1199 1124 per
1220 1047 1364 1105 sociorum
1387 1047 1477 1104 urbes

409 1151 567 1212 diruentem
592 1156 701 1232 templu
722 1156 938 1228 nudantemque
964 1161 1042 1210 tecte
1061 1153 1165 1211 aedium
1187 1171 1336 1210 sacrarum
1359 1152 1477 1228 vagari,

408 1264 437 1314 et
466 1258 559 1332 quod,
588 1259 613 1316 si
639 1260 668 1317 in
698 1260 821 1336 privatis
848 1259 994 1316 sociorum
1017 1257 1144 1316 aedificiis
1170 1255 1293 1328 faceret,
1322 1257 1475 1334 indignum

408 1361 501 1419 videri
522 1372 629 1438 posset,
651 1365 681 1422 id
700 1365 785 1423 deum
804 1363 1009 1422 immortalium
1027 1357 1128 1438 templo
1149 1361 1349 1422 demolientem
1366 1361 1476 1433 facere,

367 1460 385 1516 9
408 1475 438 1524 et
459 1468 639 1545 obstringere
659 1468 798 1544 religione
818 1467 959 1544 populum
981 1470 1163 1537 Romanum,
1187 1466 1277 1524 ruinis
1299 1467 1475 1542 templorum

407 1571 517 1648 templa
537 1572 737 1640 aedificantem,
759 1580 908 1647 tamquam
929 1591 987 1629 non
1010 1573 1097 1631 iidem
1119 1572 1226 1647 ubique
1250 1570 1279 1627 di
1293 1569 1476 1630 immortales

350 1671 385 1726 10
408 1676 479 1746 sint,
511 1677 563 1733 sed
597 1676 697 1752 spoliis
731 1676 852 1735 aliorum
885 1677 935 1734 elii
965 1677 1076 1734 colendi
1106 1675 1332 1750 exomendiqua.
1389 1673 1476 1746 Cum,

406 1781 577 1857 priusquam
595 1780 761 1850 referretur,
783 1790 946 1857 appareret,
963 1781 1031 1858 quid
1051 1781 1189 1839 rentirent
1207 1790 1315 1856 patres,
1331 1780 1477 1839 relatione

406 1883 502 1965 fecta,
530 1885 560 1943 iu
580 1903 669 1942 unam
690 1903 791 1942 omnes
812 1887 983 1944 senteutiam
1005 1887 1109 1956 ierunt,
1130 1895 1162 1942 ut
1184 1904 1225 1943 eae
1246 1886 1351 1962 tegulae
1372 1905 1476 1962 repor-

348 1987 382 2042 11
408 1989 503 2046 tanda
525 1989 556 2046 in
576 1989 715 2065 templum
736 1991 893 2048 becarentur
906 1989 1125 2067 piaculariaque
1144 1989 1249 2048 lunoni
1267 1989 1377 2048 flerent.
1401 1988 1477 2060 Quae

407 2094 445 2151 ad
466 2093 634 2170 religionem
664 2092 822 2169 pertinent,
850 2112 915 2152 eum
943 2113 1013 2152 cura
1040 2094 1137 2165 facta3
1167 2094 1280 2172 tegulas
1301 2092 1419 2151 relictas
1445 2094 1475 2152 in

399 2196 478 2259 'area
498 2199 614 2276 templi,
642 2200 711 2274 quia
739 2199 970 2275 reponendarum
1000 2218 1085 2258 nemo
1106 2199 1213 2258 artifex
1234 2199 1307 2258 inire
1328 2197 1474 2257 rationem

406 2306 541 2382 potuerit,
562 2305 759 2380 redemptores
781 2304 958 2362 nuntiarunt.

322 2396 345 2468 4
490 2411 538 2468 ux
559 2409 741 2486 praetoribus,
769 2409 818 2485 qui
839 2409 869 2466 in
891 2408 1057 2485 provincias
1076 2411 1179 2480 arent,
1200 2409 1241 2468 N.
1257 2409 1368 2466 uarius
1389 2409 1473 2466 Mas-

365 2509 476 2572 teiliae
498 2514 628 2586 moritur,
650 2534 714 2574 cum
736 2516 766 2573 in
788 2514 948 2575 citeriorem
973 2515 1147 2592 Hispaniam
1168 2514 1232 2572 iret.
1268 2515 1383 2589 Itaque,
1406 2533 1473 2574 cum

404 2619 434 2676 id
456 2621 618 2677 nuntiatum
647 2639 666 2676 a
686 2617 919 2678 Massiliensibus
946 2618 1049 2694 legatis
1071 2627 1160 2690 esset,
1189 2626 1306 2675 senatus
1333 2618 1474 2690 decrevit,

406 2732 438 2781 ut
458 2726 493 2782 P.
516 2725 623 2782 Furius
650 2734 679 2782 et
703 2723 755 2783 Cn.
780 2723 936 2795 Serviliur,
968 2725 1072 2798 quibus
1092 2724 1315 2793 succedebatur,
1342 2723 1420 2781 inter
1440 2741 1475 2782 se

405 2829 592 2900 sortirentur,
624 2837 687 2886 uter
707 2828 871 2886 citeriorem
893 2828 1066 2905 Hispaniam
1091 2838 1250 2904 prorogato
1273 2827 1396 2902 imperio
1419 2847 1473 2904 op·

366 2923 518 2994 3tineret.
568 2934 639 2993 Sors
668 2943 833 3009 opportuna
860 2932 924 3005 fuit,
957 2942 988 2990 ut
1014 2935 1049 2994 P.
1072 2934 1179 2991 Furius
1202 2933 1295 3003 idem,
1325 2933 1407 2990 euius
1436 2951 1474 2991 ea

405 3038 556 3114 provincie
577 3038 688 3111 fuerat,
715 3048 889 3097 remaneret.
934 3039 1047 3096 Eodem
1076 3057 1168 3109 anno,
1198 3057 1263 3095 cum
1293 3037 1356 3114 agri
1379 3037 1473 3114 Ligu-
1567 3111 1568 3116 ἵ

405 3143 473 3201 stini
494 3152 522 3201 et
543 3142 667 3214 Gallici,
696 3145 774 3219 quod
796 3145 872 3202 bello
894 3153 1012 3221 captum
1034 3152 1111 3213 erat,
1139 3143 1317 3217 aliquantum
1341 3151 1473 3213 vacaret,
1567 3199 1568 3204 ,

406 3249 709 3306 senatusconsultum
732 3259 776 3306 est
801 3249 928 3321 factum,
961 3258 992 3306 ut
1013 3248 1038 3306 is
1060 3264 1130 3322 ager
1154 3247 1260 3304 viritim
1284 3247 1472 3308 divideretur.

405 3471 421 3514 2
439 3466 544 3516 annibal
560 3464 564 3530 Ι
580 3467 700 3516 habuisse
717 3467 740 3516 si
757 3468 898 3518 detexiemt
931 3475 947 3518 e
966 3445 1104 3518 diriiuissat
1139 3465 1163 3528 7,
1186 3471 1196 3515 l
1217 3467 1385 3516 detrectatum
1399 3467 1473 3516 colu-

404 3567 464 3602 men
500 3559 515 3602 2
530 3552 646 3601 Doberes
664 3554 789 3603 nudatum
800 3560 868 3604 tecte
884 3553 889 3620 Ι
904 3568 993 3618 perere
1009 3556 1013 3617 Ι
1030 3556 1056 3604 id
1067 3566 1198 3604 censerem
1214 3554 1219 3614 Ι
1234 3553 1353 3616 gerendis
1377 3559 1393 3602 3
1412 3554 1473 3604 loca

405 3641 501 3688 tuenda
520 3638 575 3702 Mp.
587 3637 642 3687 Em.
653 3637 714 3687 510.
754 3643 770 3686 4
787 3640 908 3688 traditum
920 3639 955 3688 bie
966 3640 1048 3703 sempr.
1076 3641 1127 3700 8,4
1146 3647 1234 3704 posset
1247 3640 1314 3688 idem
1332 3637 1427 3705 (Gryn.
1445 3640 1473 3688 id

405 3725 495 3788 deum)
508 3724 691 3774 immortalium
704 3724 886 3774 demolientem
903 3723 975 3775 Curio
1007 3726 1033 3785 9,
1052 3731 1066 3774 2
1083 3726 1150 3774 idem
1187 3725 1255 3774 sali
1271 3724 1275 3786 1
1292 3723 1472 3788 exomirltiqne

405 3810 636 3873 10‚2apparerent
650 3808 656 3872 1
670 3810 801 3872 legatione
828 3811 937 3860 aierent
978 3811 1312 3876 stemplumiacularieque
1341 3810 1412 3870 11‚e
1432 3827 1472 3860 re-

404 3912 507 3976 gionem
547 3914 712 3976 tpotueriut
755 3914 803 3973 IV,
822 3915 847 3976 1,
872 3920 884 3962 l
905 3894 945 3962 cu.
965 3913 1049 3964 fabius
1068 3912 1151 3979 Sigon.
1193 3915 1263 3964 tire
1308 3913 1333 3973 2,
1353 3919 1369 3962 t
1389 3929 1405 3963 a
1424 3931 1470 3963 em.

405 4020 421 4064 ³
441 4015 558 4064 seruilius
576 3986 670 4079 quibui
693 4016 721 4065 in
747 4017 892 4080 hispaniam
910 4017 959 4065 iret
977 4017 1063 4081 itaque
1087 4032 1145 4067 cunr
1170 4018 1197 4068 id
1214 4017 1360 4066 nuntiatum
1378 4018 1471 4068 massi·

402 4119 528 4170 liensibus
545 4120 638 4183 legetis
656 4102 909 4170 essets'ueeedebetnr
931 4119 1181 4186 4(sortirentiurH)
1211 4121 1262 4182 321
1276 4119 1326 4171 fuit
1342 4135 1368 4186 p.
1388 4120 1472 4176 larius

404 4222 476 4287 Pipl.
493 4223 498 4286 1
514 4239 546 4274 eo
585 4223 715 4274 tbellum
751 4229 821 4276 tec.
841 4224 876 4275 sit
892 4223 988 4275 laetum
1007 4221 1107 4292 Kreysr.
1126 4222 1218 4292 (Grpe.
1238 4225 1272 4274 eit
1289 4225 1349 4290 em.)
