3475 5084
645 584 702 634 arn.
721 555 970 634 nuum-xum.
1254 588 1291 643 43

275 783 382 849 placuit.
418 781 516 834 (latone
533 791 559 833 et
573 784 631 833 aliis
648 784 805 849 principibus
823 792 927 834 senatus
946 784 1120 845 suadentibus,
1139 783 1205 833 utin
1218 781 1335 834 Africam

278 876 411 927 confestim
434 886 648 942 transportaretur
666 879 800 938 exercitus,
823 879 941 943 quoniam
960 875 1095 927 Cornelius
1114 876 1207 927 Nasica
1225 877 1335 939 dicebat,

278 973 390 1020 nondum
410 971 457 1020 sihi
475 972 569 1021 iustam
588 987 691 1021 cansam
711 972 771 1021 belli
794 972 887 1033 videri,
906 972 1013 1038 placuit,
1038 980 1066 1021 ut
1085 971 1153 1021 hello
1172 971 1335 1031 abstinerent,

278 1065 300 1116 si
330 1064 553 1127 Carthaginienses
579 1066 686 1115 classem
714 1066 872 1115 exussissent
898 1074 924 1115 et
950 1066 1087 1115 exercitum
1115 1065 1281 1124 dimisissent3
1315 1063 1336 1113 si

279 1159 376 1218 miuus,
399 1159 510 1221 proximi
528 1159 645 1209 consules
664 1159 696 1207 de
714 1158 783 1208 hello
801 1158 901 1207 Punico
918 1157 1048 1208 referrent.
1086 1156 1170 1219 Quum
1189 1158 1302 1207 locatum
1320 1172 1336 1206 a

278 1251 426 1301 censoribus
445 1251 570 1300 theatrum
590 1252 770 1310 exstrueretur,
791 1252 821 1302 P.
840 1250 963 1301 Cornelio
978 1250 1074 1300 Nasica
1092 1260 1194 1300 auctore
1213 1260 1336 1313 tanquam

277 1344 367 1392 inutile
386 1351 411 1392 et
429 1346 571 1393 nociturum
590 1345 699 1409 publicis
717 1346 829 1395 moribus
848 1360 881 1394 ex
899 1342 949 1395 SC.
973 1344 1128 1393 destructum
1147 1352 1194 1404 est,
1213 1345 1336 1409 populns·

279 1453 328 1502 que
346 1438 503 1501 aliquamdiu
521 1447 590 1487 stans
609 1437 683 1487 ludos
701 1440 833 1501 spectarit
871 1436 1092 1499 Carthaginienses
1117 1452 1195 1502 quam
1214 1439 1336 1488 adversus

277 1527 363 1579 lmdus
382 1530 477 1580 bellum
497 1530 640 1580 Masinissa
657 1530 815 1590 intulissent,
837 1530 897 1579 victi
916 1529 948 1579 ab
967 1544 1011 1589 eo,
1035 1545 1115 1579 annos
1134 1530 1244 1579 habente
1262 1528 1337 1580 xc11

278 1632 305 1673 et
322 1625 376 1674 siue
395 1624 540 1689 pulpamine
558 1624 680 1672 mandere
698 1630 723 1672 et
739 1623 781 1683 †si
800 1631 914 1685 gustaret
931 1617 1053 1687 pancm²)
1072 1630 1170 1674 mutam
1190 1624 1274 1689 solito,
1297 1624 1336 1674 in·

195 1716 200 1725 '
278 1732 356 1782 snper
373 1718 517 1768 Romanum
536 1718 633 1767 bellum
651 1725 802 1766 mernerunt.

682 1809 730 1858 EX
748 1809 815 1859 LlB.
834 1808 932 1861 XLIX.

352 1902 432 1952 Tertii
444 1902 533 1953 Punici
552 1902 612 1951 belli
630 1902 730 1951 initium
750 1902 831 1952 altero
850 1910 876 1951 et
895 1901 1081 1951 sexcentesimo
1101 1899 1134 1949 ab
1153 1898 1214 1948 urbs
1233 1898 1338 1948 condita

280 2010 357 2053 auno,
376 1996 443 2044 intra
462 1996 577 2059 quintum
596 2011 706 2055 annum,
732 2010 808 2057 quam
828 2003 882 2044 erat
901 2002 1026 2060 coeptnm,
1052 1992 1230 2044 consummati.
1266 1992 1337 2042 Inter
1368 2000 1370 2007 '

278 2090 316 2138 Μ.
336 2088 457 2137 Porcium
476 2087 600 2139 Catonem
627 2098 653 2139 et
680 2089 826 2157 Scipionem
850 2087 985 2148 Nasicam,
1011 2102 1118 2152 quorum
1146 2086 1212 2135 alter
1236 2086 1337 2150 sapien·

279 2180 394 2231 tissimus
410 2182 450 2230 sir
467 2182 493 2230 iu
511 2183 613 2231 civitate
637 2182 791 2240 habebatur,
819 2181 884 2229 alter
908 2180 1019 2243 optimus
1042 2180 1081 2227 vir
1104 2179 1179 2229 etiam
1206 2195 1222 2229 a
1247 2187 1337 2229 senatu

278 2274 406 2323 iudicatas
425 2282 487 2330 erat,
506 2275 611 2324 diversis
630 2285 752 2324 certatum
769 2273 901 2323 sententiis
920 2282 964 2331 est,
985 2270 1083 2322 Catone
1101 2274 1223 2322 suadente
1241 2274 1337 2322 bellum

279 2373 306 2415 et
332 2375 360 2414 ut
384 2366 515 2415 tolleretur
540 2368 716 2431 delereturque
735 2365 877 2428 Carthago,
903 2365 996 2416 Nasica
1020 2367 1190 2416 dissuadente.
1236 2366 1338 2415 Placuit

279 2468 374 2518 tamem
395 2462 464 2525 qnod
483 2470 572 2510 contra
589 2460 673 2521 loedus
691 2476 769 2510 naves
787 2452 919 2520 haherent,
938 2460 1006 2525 quod
1026 2458 1164 2507 exercitum
1184 2466 1256 2507 extra
1273 2459 1337 2509 fines

279 2554 429 2614 duxissent,
458 2554 527 2617 qnod
550 2555 620 2603 socio
643 2555 730 2618 populi
749 2554 858 2603 Romani
884 2562 909 2603 et
936 2554 1019 2603 arnico
1037 2553 1180 2601 Masinissa
1205 2567 1276 2601 arma
1298 2553 1337 2600 in-

279 2646 410 2705 tulissent,
437 2648 505 2710 quod
523 2645 603 2694 filium
622 2646 676 2695 eius
696 2648 848 2707 Gulussam,
875 2647 918 2710 qni
943 2661 999 2696 cnm
1018 2646 1108 2709 legatis
1126 2645 1249 2695 Romanis
1274 2653 1337 2715 erat,

279 2740 306 2788 in
339 2739 458 2803 oppidum
489 2755 541 2788 non
571 2741 739 2803 recepissent,
771 2742 867 2791 bellum
898 2740 935 2789 eis
960 2740 1045 2789 indici.
1102 2738 1253 2803 Priusquam
1279 2740 1338 2789 ullae

280 2833 361 2897 copim
387 2833 414 2881 in
438 2847 516 2883 navas
540 2834 741 2897 imponerentur,
772 2833 905 2883 Uticenses
926 2834 1005 2897 legati
1028 2836 1137 2885 Romam
1161 2822 1338 2883 venerunt'se

280 2912 378 2989 suaqu'e
401 2928 488 2975 omnia
506 2927 635 2977 dedentes.
674 2928 714 2976 Ea
731 2927 826 2989 legatio
845 2928 915 2977 velut
927 2942 1001 2977 omen
1016 2936 1089 2991 grata
1105 2926 1227 2990 patribus,
1246 2928 1338 2976 acerba

282 3019 535 3083 Carthaginiensibus
559 3018 616 3069 fuit.
667 3019 734 3069 Ludi
758 3021 825 3083 patri
850 3018 905 3067 Diti
930 3018 963 3066 ad
988 3018 1128 3066 Tarentum
1154 3032 1187 3065 ex
1212 3024 1338 3081 praecepto

280 3113 404 3162 librorum
435 3112 510 3178 iacti,
545 3114 587 3178 qui
618 3122 673 3163 unte
705 3128 800 3163 sunum
830 3112 994 3162 centesimum
1022 3109 1103 3173 primo
1128 3109 1227 3158 Punico
1259 3109 1337 3171 bello,

281 3207 485 3269 quingentesimo
512 3214 537 3256 ct
561 3207 642 3257 altero
660 3222 727 3257 anno
753 3208 786 3256 ab
810 3206 874 3254 urbe
898 3204 1007 3261 condita,
1032 3200 1093 3251 facti
1117 3210 1197 3251 erant.
1248 3201 1339 3263 Legati

280 3298 360 3348 XXX
395 3300 505 3348 Romam
537 3308 672 3359 venerunt,
712 3314 758 3365 per
792 3313 855 3362 quos
891 3312 917 3347 se
947 3294 1171 3358 Carthaginienses
1203 3295 1337 3345 dedebant.

282 3391 388 3443 Catonis
419 3393 546 3442 sententia
572 3392 661 3453 evicit,
697 3401 726 3441 nt
754 3392 781 3439 in
807 3391 910 3438 decreto
937 3396 1091 3453 perstaretur
1116 3397 1141 3438 et
1166 3396 1195 3437 ut
1221 3388 1339 3437 consules

282 3486 484 3551 quamprimum
503 3487 536 3535 ad
555 3485 650 3535 bellum
669 3485 897 3550 proficiscerentur.
935 3481 985 3544 Qui
1005 3482 1048 3532 ubi
1076 3482 1103 3529 in
1122 3480 1239 3531 Africam
1257 3490 1339 3532 trans·

282 3579 378 3637 ierunt,
403 3579 527 3643 acceptis,
552 3592 617 3641 quos
634 3580 826 3643 imperaverant,
845 3575 913 3626 CCC
933 3575 1065 3625 obsidibus
1084 3574 1203 3623 sturmis
1221 3574 1338 3623 omnibus

281 3670 507 3734 instrumentisque
526 3668 600 3731 helii,
626 3672 647 3720 si
671 3686 722 3736 qua
741 3670 898 3732 Carthagine
924 3677 1008 3732 erant,
1036 3683 1113 3731 quam
1138 3680 1172 3715 ex
1189 3668 1339 3731 auctoritate

281 3771 383 3827 patrum
402 3763 526 3822 iuberent,
544 3765 617 3813 utin
635 3764 713 3813 alium
731 3764 825 3825 locum,
846 3766 907 3813 dum
920 3780 936 3813 a
947 3763 1011 3812 mari
1029 3747 1062 3811 X
1073 3777 1195 3826 passuum
1208 3777 1240 3810 ue
1256 3761 1340 3810 minus

281 3863 424 3915 remotum,
448 3856 569 3921 oppidum
587 3854 765 3920 transferrent,
785 3857 938 3919 indignitate
956 3857 993 3904 rei
1011 3856 1044 3903 ad
1063 3854 1210 3905 bellandum
1232 3853 1339 3904 Cartha-

283 3948 412 4012 ginienses
435 3949 619 4013 compnlerunt.
657 3947 774 3998 Obsideri
799 3950 992 4013 oppugnariqno
1012 3958 1095 4013 coepta
1120 3957 1159 3998 est
1176 3946 1340 4008 Carthagoa

282 4041 313 4090 L.
334 4040 448 4099 Marcio,
474 4042 519 4091 Μ’.
541 4040 659 4100 Manilio,
677 4057 756 4104 cosa,
783 4044 809 4091 in
833 4020 884 4107 qna
903 4043 1091 4107 oppugnatione
1111 4055 1189 4104 quum
1207 4040 1339 4101 neglectos

283 4133 387 4195 chuno
404 4141 477 4197 parte
495 4148 582 4183 muros
601 4134 652 4183 duo
670 4135 763 4184 tribuni
783 4144 944 4185 temerecum
956 4137 1104 4185 cohortibus
1123 4134 1174 4184 suis
1191 4133 1340 4197 irrupissent

283 4233 310 4274 et
332 4227 364 4275 ab
390 4226 524 4291 oppidanis
550 4228 658 4291 graviter
682 4230 851 4286 caederentur,
880 4244 895 4276 a
919 4228 1038 4294 Scipione
1056 4226 1200 4290 †0rlitiano
1227 4226 1340 4289 expliciti

282 4327 354 4378 sunt;
379 4334 424 4383 per
450 4334 523 4384 quem
548 4332 573 4369 et
596 4320 728 4370 castellum
746 4321 936 4386 Romanorum,
964 4322 1033 4385 quod
1053 4327 1128 4370 nocte
1146 4319 1339 4387 expugnabant,

339 4444 360 4496 ¹)
374 4448 473 4488 Formae
486 4448 548 4489 mih.
563 4448 585 4486 et
597 4446 678 4487 siccum
695 4450 779 4497 gustare
794 4457 878 4496 panem.
