3475 5084
476 518 536 577 262
737 516 815 565 Liber
833 514 916 565 xuv.
966 516 1014 578 (A.
1036 531 1060 565 u.
1080 532 1102 565 c.
1123 517 1197 579 aar.)

434 710 532 760 tamen
553 708 613 758 tam
637 718 754 775 quoque
774 717 806 756 se
828 701 973 770 absentes,
996 700 1073 774 quod
1097 699 1156 756 suis
1179 699 1313 756 manibus
1334 710 1421 775 parta
1442 699 1498 755 vic·

377 802 413 856 14
435 807 513 864 turia
533 806 579 879 sit,
601 792 781 882 triumphare
802 806 931 863 credunt.
975 806 1007 865 Si
1030 803 1094 880 quis
1117 822 1170 861 vos
1192 804 1367 881 interroget,
1389 804 1499 870 milites,

435 913 474 970 ad
503 932 590 987 quam
617 931 678 970 rem
706 912 736 968 in
764 911 880 969 Italiam
910 909 1055 985 deportati
1082 918 1111 965 et
1140 928 1199 966 non
1229 910 1345 979 statim,
1372 909 1501 967 coniecta

435 1018 596 1095 provincia,
617 1018 728 1075 dimissi
749 1018 822 1085 sitis,
844 1016 913 1091 quid
935 1017 1059 1073 Romam
1083 1014 1249 1089 frequentes
1270 1016 1326 1072 sub
1349 1016 1440 1091 signis
1455 1034 1502 1073 ve-

435 1124 544 1196 neritis,
566 1124 633 1198 quid
657 1123 808 1180 moremini
829 1122 876 1180 hic
898 1131 926 1178 et
948 1140 1006 1177 non
1028 1120 1135 1178 diversi
1164 1098 1267 1178 domos
1291 1123 1415 1197 quisquo
1438 1124 1502 1179 abe·

436 1230 491 1287 atis
514 1238 640 1300 vestras,
671 1229 739 1303 quid
762 1228 840 1285 aliud
862 1226 1077 1302 respondeatis,
1108 1244 1195 1299 quam
1217 1244 1271 1282 vos
1294 1227 1503 1302 triumphantes

352 1324 393 1397 39
435 1336 527 1392 videri
559 1333 654 1392 velle?
699 1334 763 1390 Vos
798 1343 877 1390 certe
909 1332 1034 1389 victores
1070 1330 1199 1406 conspici
1236 1332 1312 1388 velle
1345 1333 1503 1393 debebatis.

435 1442 659 1516 Triumphatum
682 1457 775 1513 nuper
798 1439 835 1494 de
856 1436 1009 1511 Philippo,
1030 1447 1114 1512 patre
1137 1437 1233 1507 huius,
1258 1448 1288 1494 et
1309 1438 1347 1494 de
1359 1439 1503 1495 Antiocho

435 1555 494 1614 est3
531 1545 618 1601 ambo
640 1544 818 1619 regnabant,
849 1562 913 1600 cum
936 1544 973 1599 de
993 1542 1029 1599 iis
1051 1542 1259 1617 triumphatum
1283 1552 1342 1612 est;
1376 1544 1413 1600 de
1437 1546 1505 1601 Per-

435 1668 486 1707 seo
508 1658 609 1725 capto,
631 1649 660 1706 in
683 1650 783 1705 urbem
806 1667 871 1705 cum
893 1649 992 1707 liberis
1015 1647 1156 1716 abducto,
1178 1666 1236 1704 non
1259 1647 1504 1723 triumphabitur?

394 1750 412 1806 2
435 1754 522 1829 Quod
543 1755 568 1811 si
589 1755 619 1811 in
636 1774 721 1811 curru
736 1754 908 1811 scandentes
924 1752 1110 1829 Capitolium,
1126 1764 1246 1809 auratos
1261 1766 1506 1829 purpuratosqus,

435 1879 472 1917 ex
493 1859 630 1917 inferiore
650 1860 716 1917 loco
739 1861 773 1917 L.
796 1859 908 1917 Paulus
929 1858 959 1915 in
981 1861 1067 1916 turba
1088 1869 1253 1934 togatorum
1276 1878 1353 1917 unus
1375 1859 1506 1933 privatus

434 1964 607 2039 interroget:
630 1966 682 2040 „h
698 1964 794 2034 Anici,
810 1963 864 2021 Cn.
881 1962 995 2033 Octavi,
1009 1974 1103 2020 utrum
1115 1983 1169 2021 vos
1192 1964 1340 2039 digniores
1359 1965 1505 2040 triumpho

434 2086 547 2126 essean
563 2090 609 2127 me
623 2069 794 2140 censetisi“,
816 2088 902 2127 curru
924 2068 1089 2125 descensuri
1113 2079 1141 2125 et
1160 2088 1220 2143 prae
1243 2072 1357 2146 pudore
1371 2046 1505 2127 vitientur

394 2173 559 2249 3insignia
590 2176 647 2251 ipsi
685 2194 739 2232 sua
770 2174 913 2233 tradituri.
966 2174 1006 2236 Et
1034 2190 1089 2230 vos
1111 2172 1249 2232 Gentium
1281 2186 1371 2250 quam
1397 2176 1506 2231 Persea

433 2280 499 2336 duci
529 2281 559 2337 in
588 2282 734 2356 triumpho
759 2280 909 2348 mavoltis,
932 2279 1073 2352 Quirites,
1105 2287 1133 2336 et
1162 2280 1198 2337 de
1220 2282 1388 2338 accessione
1412 2281 1506 2357 potius

393 2381 410 2434 4
433 2385 502 2442 belli
526 2405 613 2460 quam
635 2386 672 2443 de
693 2386 769 2443 bello
791 2383 982 2461 triumphari?
1015 2386 1054 2442 Et
1079 2384 1209 2459 legiones
1237 2404 1274 2442 ex
1302 2386 1426 2462 illyrico
1448 2388 1506 2444 lau·

433 2501 522 2548 reatae
536 2491 636 2548 urbem
658 2492 771 2549 inibunt
787 2500 816 2547 et
831 2490 952 2547 navales
968 2489 1062 2558 socii3·
1075 2490 1272 2547 Macedonicae
1289 2491 1435 2565 legiones,
1459 2510 1505 2547 suo

433 2596 576 2670 abrogato
598 2596 755 2671 triumpho,
771 2595 881 2651 alienos
900 2594 1091 2671 spectabunt?
1114 2595 1191 2669 Quid
1206 2595 1309 2653 deinde
1324 2607 1384 2653 tam
1401 2597 1506 2671 opime

394 2696 410 2748 5
433 2701 553 2777 praedae,
580 2710 638 2757 tam
661 2701 805 2775 opulentae
827 2701 955 2758 victorius
982 2702 1081 2776 spoliis
1102 2699 1171 2757 fiet?
1204 2702 1339 2774 Quonam
1364 2702 1507 2759 abdentur

432 2804 482 2860 illa
510 2814 554 2861 tot
575 2805 655 2878 milia
684 2825 845 2875 armorum,
873 2808 1004 2863 detracta
1033 2807 1204 2883 corporibus
1232 2806 1381 2867 hostium?
1419 2826 1461 2863 an
1480 2808 1506 2863 in

347 2914 373 2960 ξ
432 2909 635 2966 Macedoniam
651 2912 850 2969 remittentur?
873 2912 939 2986 Quo
954 2912 1039 2986 signa
1054 2931 1153 2981 aurea,
1174 2930 1348 2981 marmorea,
1365 2912 1504 2970 eburnea.

431 3014 537 3070 tabulae
558 3015 651 3089 pictae,
671 3018 791 3088 textilia,
814 3027 925 3075 tantum
942 3016 1054 3091 argenti
1068 3017 1170 3086 caelati,
1193 3028 1304 3074 tant-um
1328 3016 1402 3085 auri,
1425 3026 1505 3073 tanta

391 3116 409 3169 6
431 3118 555 3193 pecunia
582 3120 683 3195 regia?
711 3140 749 3178 an
774 3135 863 3180 noctu
884 3131 1033 3195 tamquam
1056 3120 1166 3179 furtiva
1188 3123 1218 3179 in
1242 3122 1377 3179 aerarium
1398 3122 1504 3197 depor-

431 3224 588 3281 tabuntur?
624 3225 721 3297 Quid?
757 3227 827 3283 illud
860 3225 1058 3302 spectaculum
1092 3227 1267 3296 maximum,
1303 3226 1502 3283 nobilissimus

431 3330 718 3406 opulentissimusque
744 3352 798 3389 rex
825 3344 942 3407 captus,
973 3332 1022 3388 ubi
1048 3331 1151 3389 victori
1179 3332 1288 3408 populo
1311 3330 1500 3389 ostendetur?

430 3521 447 3566 3
465 3525 551 3567 tamen
570 3533 643 3567 suum
658 3533 760 3583 quoque
781 3520 896 3570 Gruterm
911 3519 915 3581 Ι
931 3519 1044 3568 absentis
1077 3517 1119 3577 14,
1133 3524 1148 3566 3
1161 3518 1256 3567 dimissi
1276 3518 1339 3567 satis
1370 3525 1387 3567 4
1406 3518 1501 3568 diuersi

429 3604 462 3653 do
481 3605 589 3667 quisque
607 3604 722 3655 habeatis
752 3605 967 3668 5triumphantis
985 3606 1071 3654 uidere
1091 3605 1168 3653 uellet
1204 3604 1394 3662 xxxix,1,t
1424 3604 1500 3670 Vutpo

424 3706 503 3754 praue
521 3691 716 3753 cupiditatium
735 3700 828 3741 notatur
847 3692 873 3741 in
895 3692 971 3740 uerbis
989 3691 1186 3755 Triumphatum
1206 3705 1288 3755 nuper
1312 3691 1498 3740 santhtocos

428 3777 460 3824 da
478 3776 519 3825 his
537 3776 638 3842 Kreyso.
692 3778 717 3837 2,
740 3785 750 3827 t
772 3779 799 3827 iu
817 3792 918 3826 currum
939 3778 1086 3827 scandentis
1132 3783 1273 3825 ecurt-um
1293 3778 1301 3825 i
1321 3778 1424 3826 censuri
1445 3778 1497 3843 My.

426 3860 483 3911 Em.
507 3861 562 3912 622
581 3862 674 3929 (Gryn.
693 3879 794 3913 currum
813 3865 836 3913 ei
855 3864 964 3926 cessuri)
981 3869 986 3926 1
1003 3872 1042 3913 est
1065 3878 1117 3927 pue
1162 3864 1317 3912 5traditum
1338 3873 1365 3912 ut
1384 3879 1433 3913 nos
1474 3865 1498 3926 3,

428 3954 443 3997 2
466 3947 541 4013 Gryn.
562 3950 587 3997 itt
606 3950 763 4014 triumphum
798 3956 814 3999 8
833 3951 984 4013 triumphari
1001 3951 1118 4013 legiones
1137 3958 1162 3999 et
1180 3964 1213 3999 ex
1230 3950 1340 4012 inlyrico
1376 3948 1433 4009 4,2
1453 3967 1497 3999 ua·

407 4034 483 4086 ,uale
514 4035 577 4085 socii
607 4038 787 4085 macedonicia
832 4038 977 4099 3abrogat
994 4046 1023 4085 ut
1042 4051 1150 4101 numpos
1169 4037 1267 4086 alienos
1286 4036 1341 4099 My.
1362 4036 1419 4085 Em.
1444 4036 1496 4087 622

425 4118 515 4185 (Grya.
535 4121 661 4183 abrogato
679 4122 831 4186 triumphos)
854 4121 859 4183 Ι
883 4124 1057 4187 expectabunt
1092 4124 1265 4187 soporentur
1303 4122 1329 4177 5.
1348 4129 1364 4171 3
1384 4124 1494 4172 remitte-

424 4209 531 4269 rentur!
548 4207 660 4257 eburnea
677 4208 766 4257 tabula
783 4210 969 4272 pictaetsxtiliu
1014 4210 1124 4259 sceleti
1159 4208 1185 4267 6,
1208 4215 1218 4257 l
1240 4217 1374 4271 tamquam
1393 4208 1493 4258 fortuna

424 4298 439 4340 2
459 4292 531 4341 illum
548 4290 552 4354 Ι
568 4293 755 4345 nobilissimam
775 4296 998 4359 opulentissimum
1017 4311 1056 4346 res
1093 4302 1108 4345 3
1129 4296 1273 4345 ostenditur·
1291 4296 1425 4346 Gruterus?
