3475 5084
514 489 594 539 Liber
610 488 708 539 XLIV.
753 490 801 553 (Au
821 490 882 540 ctu.
906 493 978 553 169.)
1183 498 1238 552 147

227 674 389 733 snoouwris
413 674 556 744 adventu,
588 693 653 731 cnm
684 693 784 745 uma,
812 676 907 747 viros,
933 694 1024 751 equos
1053 694 1118 733 cunt
1148 694 1219 733 cura
1239 676 1283 732 in·

227 780 371 855 spuisset,
402 788 507 835 ornato
539 778 667 835 exercitu
696 779 814 837 obviam
842 780 969 837 venienti
993 780 1104 839 consuli
1131 781 1283 855 processit.

226 888 258 943 Et
277 885 387 959 primus
412 902 512 941 eorum
535 901 707 957 congressus
728 903 765 956 ex
787 885 928 959 dignitate
949 885 1078 960 ipsorum
1104 903 1139 943 ao
1157 886 1284 944 Romani
1308 893 1323 947 t

225 989 353 1058 nominis,
375 997 406 1045 et
425 988 456 1044 in
477 989 564 1046 rebus
588 988 692 1045 deinde
711 985 907 1063 gerendis**.
950 988 1115 1049 Proconsul
1143 988 1217 1045 enim
1247 990 1284 1047 ad
1308 994 1326 1051 8

225 1095 370 1153 exercitum
385 1095 404 1129 *
419 1095 447 1151 *.
477 1093 585 1151 Paucis
599 1102 667 1167 post
680 1094 783 1154 diebus
796 1097 898 1153 consul
917 1096 1079 1155 contionem
1096 1101 1167 1169 aput
1182 1093 1285 1151 milites
1308 1098 1326 1153 9

225 1201 325 1261 habuit.
370 1197 465 1257 Orsns
487 1216 506 1255 a
528 1198 684 1272 parricidio
700 1200 801 1257 Persei
815 1212 982 1277 perpetrato
1005 1202 1034 1258 in
1055 1196 1185 1267 fratrem,
1207 1197 1286 1273 cogi·
1312 1202 1347 1255 10

225 1312 277 1360 tato
297 1302 328 1359 in
350 1311 520 1377 parent-ern,
546 1302 653 1361 adiecit
676 1314 744 1377 post
770 1304 878 1363 scelere
899 1318 1013 1381 partum
1035 1320 1172 1377 regnum,
1199 1320 1286 1359 vene·

225 1409 297 1476 ficia,
319 1408 430 1478 eredes,
458 1406 612 1463 latrocinio
633 1405 761 1464 nefando
782 1396 903 1482 petitttin
926 1408 1092 1477 Eumenen,
1115 1406 1235 1464 iniurias
1256 1407 1285 1463 in

225 1513 355 1588 populum
372 1514 549 1583 Romanum,
570 1512 746 1586 direptiones
760 1513 905 1571 sociarum
922 1512 1036 1570 urbium
1057 1494 1161 1569 contre
1178 1510 1287 1581 foedus3

224 1638 255 1675 ea
274 1618 375 1675 omnic
398 1635 485 1691 qnam
509 1616 564 1673 diis
587 1635 704 1690 qnoque
724 1616 820 1697 invise
841 1626 950 1687 essent,
978 1634 1128 1673 sensurum
1156 1617 1186 1673 in
1207 1617 1286 1675 exitu

224 1742 311 1780 rerum
336 1740 468 1781 suarum.
513 1721 630 1778 Favere
658 1721 734 1778 enim
763 1721 865 1796 pietati
886 1721 1010 1796 fideiqne
1032 1722 1119 1791 deos,
1146 1740 1199 1796 per
1224 1739 1288 1795 quse
1313 1719 1346 1775 11

225 1828 341 1903 populos
372 1828 524 1885 Romanus
553 1825 592 1880 ad
617 1834 730 1882 tantum
761 1825 871 1901 fastigii
901 1826 1020 1884 venerit.
1068 1826 1156 1883 Vires
1185 1826 1289 1884 deindo
1313 1822 1350 1879 12

225 1932 317 2007 populi
331 1930 472 2000 Romani,
489 1929 547 1986 iam
570 1938 713 1986 terrarum
735 1930 836 1988 orbern
854 1932 1069 2007 conplectentis,
1092 1950 1156 1989 eum
1179 1932 1289 1989 viribus

226 2035 411 2105 Macedonico,
426 2033 569 2091 exercitus
584 2052 649 2091 cum
665 2034 839 2092 exercitibus
854 2038 1034 2111 conparavit.
1064 2037 1182 2110 Quanto
1197 2038 1289 2094 maio·

226 2162 266 2198 res
284 2140 416 2216 Philippi
427 2139 624 2213 Antiochique
644 2156 715 2213 opes
730 2158 789 2196 non
804 2140 962 2213 maioribus
978 2142 1069 2217 copiis
1083 2140 1193 2199 fractas
1207 2142 1289 2199 esse?

301 2246 402 2303 Huius
423 2244 538 2319 generis
559 2244 763 2301 adhortatione
785 2246 914 2301 accensis
935 2246 1056 2303 militnm
1079 2246 1193 2315 animis,
1218 2266 1288 2303 con·
1354 2243 1375 2310 2

226 2352 328 2408 sultare
343 2351 512 2407 desummo
526 2348 643 2423 gerendi
666 2348 733 2405 belli
748 2349 843 2423 coepit.
886 2351 933 2407 Eo
948 2361 977 2407 et
991 2349 1024 2407 Ο.
1039 2350 1169 2408 Marcius
1183 2363 1290 2426 praetor

226 2454 406 2525 aChalcide‚
427 2453 520 2511 classe
540 2463 675 2527 accepte,
697 2453 784 2509 venit
827 2453 943 2511 Placuit
969 2472 1028 2511 non
1050 2454 1126 2511 ultre
1147 2457 1290 2513 morando
1313 2454 1331 2509 2

225 2559 251 2615 in
263 2557 423 2617 Thessalia
446 2567 561 2633 tempus
581 2567 685 2627 terere,
706 2558 758 2615 sed
779 2576 898 2615 movere
915 2559 1062 2634 extemplo
1084 2570 1181 2617 caetra
1196 2562 1291 2636 adque

225 2682 342 2739 pergere
369 2662 439 2719 inde
465 2663 496 2721 in
517 2662 736 2731 Macedoniam
764 2672 793 2719 et
820 2672 974 2738 praetorem
998 2664 1068 2721 dare
1095 2683 1230 2739 operam,
1261 2669 1331 2723 ut3

225 2770 323 2827 eodem
359 2759 493 2843 tempore
524 2749 625 2826 classis
658 2786 775 2842 qnoque
807 2768 961 2825 invehatur
991 2769 1117 2826 hostiurn
1149 2770 1291 2828 litoribus.

226 2876 355 2932 Praetore
366 2873 498 2943 dimisso,
509 2872 619 2942 consul,
631 2882 807 2931 menstruum
815 2875 986 2945 frumentum
999 2873 1078 2931 iusso
1092 2874 1181 2931 milite
1194 2892 1292 2933 secum
1315 2874 1333 2927 t

226 2978 309 3050 ferre,
331 2979 458 3035 decumo
472 2986 541 3052 post
554 2977 610 3047 die,
632 2995 719 3050 qnam
734 2977 892 3035 exercitum
909 2988 1069 3053 acceperat,
1081 2988 1179 3036 castra
1193 2979 1293 3049 movit,

226 3093 253 3140 et
277 3085 364 3141 unius
386 3083 444 3139 diei
462 3100 634 3157 progressus
654 3082 723 3151 iter,
746 3082 914 3139 convocatis
928 3082 1060 3140 itinerum
1077 3083 1212 3153 ducibus,
1228 3103 1293 3141 cum
1318 3084 1334 3137 5

228 3208 373 3265 exponere
404 3187 433 3243 in
464 3187 583 3245 consilio
615 3186 760 3256 iussisset,
795 3204 855 3260 qna
888 3187 1009 3261 quisque
1039 3187 1177 3243 ducturus
1209 3197 1293 3259 esset,

226 3294 378 3351 summotis
400 3293 452 3363 iis,
475 3310 563 3366 qnam
584 3294 657 3348 viam
677 3290 859 3367 potissimum
884 3300 1010 3366 peteret,
1034 3291 1144 3348 rettulit
1165 3291 1202 3348 ad
1225 3311 1294 3349 con·

232 3516 462 3525 .-..—.-—--—--

227 3667 277 3725 6‚2
293 3666 418 3715 inexisset
431 3663 560 3713 Manutius
588 3663 638 3724 7,1
656 3665 766 3727 primum
781 3665 786 3725 Ι
803 3678 836 3711 ex
846 3664 997 3725 dignitatern
1022 3669 1037 3711 2
1054 3664 1171 3725 gerendis
1187 3646 1296 3728 procons

228 3753 285 3811 8‚2
313 3752 458 3801 exercitum
482 3752 571 3815 paucis
605 3749 696 3815 (Gryn.
723 3749 859 3799 astuterunt
884 3749 1005 3813 utrobique
1029 3750 1148 3813 apposuit.
1198 3750 1297 3800 Videntr

229 3838 350 3889 Hostilius
368 3838 460 3903 lepatue
477 3838 503 3886 in
520 3819 801 3899 exurituremunsuse.)
847 3835 874 3888 9.
897 3840 907 3884 l
937 3836 1031 3884 milites
1050 3836 1103 3885 abit
1157 3836 1199 3897 10,
1221 3843 1232 3886 l
1264 3838 1298 3886 nd

229 3926 394 3989 parricidium
432 3924 592 3973 theneficie
611 3924 685 3972 cedes
721 3922 763 3984 12,
784 3923 904 3985 tpillppi
924 3923 1070 3987 antiocique
1105 3919 1297 3981 11,1‚1con·

230 4014 326 4061 sultare
346 4012 372 4060 ln
393 4025 496 4060 summe.
539 4016 555 4059 3
578 4010 674 4058 calcide
717 4008 744 4066 2,
765 4014 779 4056 2
799 4008 826 4056 in
845 4008 976 4057 tersaliam
993 4010 997 4069 1
1013 4010 1097 4070 adque
1116 4009 1176 4057 inde
1194 4024 1299 4073 pergere

230 4099 288 4147 inde
324 4099 351 4157 3,
373 4098 467 4150 [dare
485 4112 564 4162 oram·
613 4095 778 4145 2=hostilinm
822 4094 848 4150 4,
872 4100 881 4141 l
903 4101 1058 4143 menstruum
1077 4096 1147 4145 iusso
1166 4094 1221 4161 My.
1241 4094 1297 4145 Em.

230 4185 284 4233 558
299 4187 304 4246 l
320 4184 476 4233 militeseum
501 4189 517 4231 2
537 4182 601 4231 ferre
619 4180 750 4245 prolectas
769 4182 877 4231 decumo
897 4180 952 4244 My,
973 4180 988 4229 l.
1009 4196 1029 4229 e.
1060 4179 1084 4239 5,
1105 4187 1119 4229 2
1140 4191 1300 4244 exponerent

235 4269 319 4331 Grou„
340 4269 396 4318 Em.
417 4268 471 4317 558
488 4285 511 4317 n,
530 4270 534 4330 Ι
551 4268 577 4316 in
597 4267 706 4317 concilio
728 4266 802 4317 Gron.
841 4273 856 4315 3
881 4267 1138 4329 quampotissimum
1159 4265 1243 4333 Siyoo.

1052 4354 1096 4405 10*
