3475 5084
552 516 630 568 utun
647 516 732 568 xmr.
771 517 820 580 (a,
840 515 902 568 cnr.
924 520 996 582 ua.)
1230 524 1268 580 5³

239 724 328 780 qnam
346 703 428 778 quod
445 708 475 757 et
491 700 533 758 ita
550 702 687 760 credebat
701 702 840 772 futurum,
859 703 919 760 iam
939 703 1025 760 etiam
1040 703 1168 773 volebat,
1189 703 1219 760 in
1240 703 1312 762 flore

238 810 345 867 virium
369 827 401 865 se
420 807 539 864 credens
562 825 634 864 asso.
674 808 799 866 Eumeni
824 818 893 865 ante
915 825 1015 864 omnes
1036 807 1158 866 infestus
1183 819 1261 879 erat;
1293 829 1312 868 a
1334 811 1351 867 3

238 915 320 971 cuius
342 913 485 987 sanguine
513 912 629 970 ordiens
655 913 777 983 bellum,
804 914 975 972 Euandrum
998 911 1182 985 Cretensem,
1209 915 1311 972 ducem

238 1019 428 1086 auxiliorum,
449 1029 478 1073 et
499 1017 679 1074 Macedonas
700 1028 774 1088 tres,
796 1020 934 1076 adsuetos
957 1017 1122 1075 ministeriis
1143 1019 1245 1075 talium
1266 1018 1312 1076 fa·

237 1125 384 1193 cinerum,
398 1122 437 1179 ad
460 1123 567 1178 caedem
589 1122 667 1196 regis
682 1125 832 1194 subornat,
848 1125 1018 1199 litterasque
1035 1124 1077 1182 eis
1092 1124 1143 1181 dat
1158 1125 1195 1180 ad
1211 1126 1311 1182 Praxo

237 1229 406 1304 hospitam,
435 1227 593 1302 principem
617 1228 790 1286 auctoritate
816 1241 845 1286 et
867 1231 971 1306 opibus
994 1229 1185 1304 Delphorum·
1232 1229 1311 1289 Satis
1334 1228 1352 1282 4

238 1336 412 1403 constabat,
433 1334 610 1402 Eumenem,
636 1343 668 1389 ut
689 1335 866 1393 sacrificaret
889 1334 1035 1411 Apollini,
1057 1334 1190 1410 Delphos
1212 1353 1311 1391 escen·

237 1459 350 1497 surum.
397 1438 556 1512 Praegressi
584 1457 648 1496 cum
676 1440 817 1498 Euandro
845 1441 1029 1498 insidiatores
1062 1441 1132 1497 nihil
1163 1440 1242 1498 aliud
1273 1439 1312 1496 ad

236 1545 439 1620 peragendum
454 1543 599 1618 inceptum
616 1562 703 1617 quam
718 1545 775 1602 loci
790 1547 1047 1622 opportunitatem,
1069 1546 1169 1602 omnia
1187 1545 1311 1601 circum-

238 1661 357 1719 euntes,
397 1649 574 1723 quaerebant.
642 1650 872 1709 Escendentibus
906 1652 944 1708 ad
982 1651 1120 1726 templum
1150 1669 1169 1708 a
1198 1647 1352 1718 Cirrhn,5

237 1756 412 1829 priusquam
443 1754 642 1828 perveniretur
665 1755 703 1812 ad
730 1754 895 1831 frequentia
921 1755 1048 1812 adificiis
1077 1754 1157 1824 loca,
1185 1753 1313 1812 maceria

237 1870 305 1916 erat
335 1861 376 1916 ab
405 1859 479 1915 laeva
512 1859 551 1915 ad
582 1859 716 1916 semitam
749 1862 868 1935 paulum
892 1871 1038 1918 extantem
1068 1880 1087 1918 a
1113 1859 1311 1928 fundamento,

238 1984 300 2040 qua
321 1965 429 2039 singuli
451 1965 621 2034 transirent3
654 1966 759 2023 dextra
785 1984 855 2041 pars
882 1965 949 2022 labe
972 1977 1055 2022 terrra
1078 1966 1108 2022 in
1130 1965 1311 2038 aliquantum

239 2071 403 2127 altitudinis
425 2071 549 2145 derupta
571 2081 643 2128 erat.
677 2071 752 2128 Post
772 2071 928 2128 maceriam
952 2089 983 2128 se
1005 2071 1187 2140 abdiderunt,
1209 2070 1310 2145 gradi-
1334 2071 1351 2127 6

238 2175 295 2230 bus
319 2174 492 2246 adstructis,
518 2187 550 2233 nt
578 2195 616 2233 ex
637 2196 674 2233 ea
700 2176 780 2233 velut
808 2196 825 2233 e
849 2195 933 2233 muro
960 2176 1020 2233 tela
1039 2177 1068 2234 in
1090 2185 1309 2251 pretereuntem

238 2279 396 2338 coicerent.
438 2281 541 2338 Primo
563 2300 582 2338 a
603 2283 677 2338 mari
706 2281 883 2339 circumfusa
909 2284 996 2340 turba
1024 2282 1183 2338 amicorum
1206 2299 1242 2336 ac
1262 2298 1310 2335 sn·
1335 2285 1350 2338 7

238 2384 364 2440 tellitum
399 2386 591 2459 procedebat;
623 2387 727 2444 deindo
758 2387 956 2443 extenuabant
990 2385 1141 2461 paullatim
1170 2384 1310 2459 angustias

241 2509 359 2564 agmen·
402 2490 462 2549 Ubi
483 2492 522 2547 ad
543 2511 608 2548 eum
630 2492 726 2549 locum
745 2501 863 2549 ventum
887 2500 939 2561 est,
962 2510 1021 2566 qua
1042 2490 1161 2565 singulis
1184 2488 1309 2546 eundum
1334 2493 1351 2549 8

239 2606 314 2665 erat,
336 2593 448 2668 primus
462 2597 595 2654 semitam
610 2598 759 2672 ingressus
780 2605 821 2652 est
838 2597 1011 2667 Pantaleon,
1026 2595 1147 2654 AEtolina
1167 2593 1311 2669 princeps,

239 2718 307 2756 cum
330 2719 390 2774 quo
411 2700 557 2760 institutus
580 2704 642 2778 regi
664 2721 760 2758 sermo
782 2710 854 2757 erut.
904 2704 981 2760 Tum
1010 2703 1194 2760 insidiatores
1216 2697 1310 2755 exorti
1333 2705 1350 2760 9

239 2823 317 2862 saxa
339 2806 399 2863 duo
420 2805 548 2882 ingentia
571 2809 743 2876 devolvunt,
771 2826 893 2881 quorum
923 2807 1015 2864 altero
1045 2806 1241 2883 caputiatum
1267 2813 1311 2862 est

239 2911 314 2985 regi,
347 2911 440 2996 altero
471 2912 623 2981 humerum
654 2912 826 2996 sopitusque
855 2930 893 2968 ex
921 2913 1026 2970 semita
1055 2912 1178 2989 proclivi
1199 2911 1257 2968 ruit
1279 2910 1310 2967 in

239 3017 362 3086 declive,
385 3016 481 3074 multis
503 3035 591 3091 snper
611 3017 779 3092 prolapsum
802 3017 861 3073 ium
880 3017 959 3073 saxis
975 3020 1128 3092 congestis.
1163 3019 1203 3076 Et
1222 3016 1309 3074 ceteri
1335 3025 1371 3078 to

239 3124 360 3197 quidam
383 3123 470 3180 etiam
491 3122 651 3179 amicornm
675 3133 705 3178 et
724 3121 891 3191 satellitum,
913 3133 1069 3197 postquam
1093 3123 1242 3180 cadentem
1266 3121 1309 3177 vi·

239 3229 327 3298 dere,
360 3226 530 3302 diffugiunt;
561 3229 726 3285 Pantaleon
757 3236 925 3286 constanter
953 3227 1108 3302 inpavidus
1137 3227 1244 3283 mansit
1271 3225 1309 3282 ad

239 3334 451 3408 protegendum
474 3352 581 3409 regem.

239 3521 290 3580 3,1
312 3525 396 3572 omnis
423 3523 542 3572 totiens
581 3521 737 3570 ominium
753 3521 758 3581 Ι
774 3499 915 3569 facinorum
944 3521 1066 3568 leodem
1102 3517 1154 3578 4,a
1172 3519 1311 3583 eumemlnt

242 3621 246 3688 Ι
258 3626 372 3688 apolline
382 3626 471 3689 delpoa
488 3625 493 3685 Ι
509 3601 691 3674 enscensnrum
704 3623 785 3672 Drck.
807 3622 895 3687 (Gryn.
908 3622 1019 3687 ascens.)
1047 3629 1062 3671 3
1075 3624 1202 3686 progressi
1216 3620 1290 3671 Gron.
1304 3620 1308 3686 Ι

240 3715 339 3760 eandro
370 3713 519 3774 oquerebat
559 3709 1122 3776 5‚1Grynllacend.lcirrnprimusquam
1153 3693 1311 3757 elmanens-

240 3809 280 3847 rat
298 3800 333 3846 ab
351 3799 536 3846 leuiasemitam
563 3796 618 3862 My.
643 3796 699 3845 Em.
724 3796 776 3846 515
802 3795 948 3854 (Weisseab.
973 3797 1000 3844 in
1024 3797 1148 3844 semitam.
1177 3793 1252 3860 Gryn.
1277 3794 1310 3843 ab

239 3887 305 3934 larva
323 3886 421 3934 semitae
437 3884 542 3947 paulum
563 3883 665 3943 exmns)
702 3881 918 3931 animabatur
944 3881 969 3944 6,
991 3887 1001 3929 l
1023 3890 1083 3944 post
1101 3883 1213 3930 maceria
1247 3880 1273 3938 8,
1295 3885 1308 3928 l

240 3973 382 4020 enudeerat
411 3971 570 4031 tingressur
584 3967 786 4033 pantoleonMp.
827 3969 930 4031 aregio
955 3967 1108 4018 Vorcosoaar
1142 3968 1167 4025 9,
1189 3974 1199 4016 l
1222 3972 1311 4016 exorta

240 4061 357 4109 maduo
403 4063 418 4105 2
438 4058 588 4105 dednonnnt
629 4062 767 4104 numerus
785 4055 1040 4118 sopitusquiexemitn
1063 4053 1311 4118 procliuitindecline

241 4145 344 4210 Kreyss.
373 4143 467 4209 (Gryu.
480 4129 607 4193 'humerus
625 4143 736 4206 sopitus:
764 4156 797 4190 ex
816 4143 906 4192 semita
923 4142 1029 4206 proclivi
1047 4142 1075 4189 in
1092 4141 1171 4202 decl.)
1212 4147 1310 4187 tcon-

240 4244 342 4295 gestum
388 4232 465 4290 10‚a
489 4232 622 4280 cedentem
666 4230 939 4293 econamnnpauium
958 4227 1040 4291 (Fert.
1060 4235 1151 4276 contra
1167 4227 1310 4290 inpavidus,

239 4319 308 4384 quod
324 4320 396 4369 edum
415 4317 557 4384 Kreyrriqt'o
575 4316 600 4366 t'a
617 4325 713 4365 meatem
730 4316 816 4379 venit)
