3475 5084
301 422 361 471 κ’
460 448 498 502 26
609 506 615 523 .
882 446 1013 497 Porioelrse

417 642 485 690 ricta
503 642 536 689 ad
554 642 662 704 AEgstes
684 643 782 692 insulas
805 643 888 695 classe
906 644 1057 705 Poenorum,
1081 643 1209 711 imposuit.
1246 646 1395 699 Potentibus
1411 646 1466 698 Oar-

418 734 621 796 tlragiuiensibus
639 750 690 800 pax
708 737 769 785 data
786 744 832 787 eat.
872 735 963 796 Quum'
976 736 1099 801 templum
1118 737 1204 787 Vesta
1224 740 1332 799 arderet,
1360 739 1467 789 Caecilius

417 828 536 876 Metellus
567 828 684 891 pontifex
709 830 835 879 maximus
862 844 895 879 ex
918 831 1136 883 incendio..sacra
1163 830 1254 895 rapuit.
1304 832 1369 881 Duis
1395 834 1467 884 tribus

416 919 522 969 adiectu
540 929 606 979 sunt,
626 921 720 970 Velina
736 930 763 971 et
782 919 895 980 Quirina.

838 1083 886 1133 EX
904 1082 971 1132 LlB.
990 1083 1050 1133 XX.

486 1196 581 1245 Falisci
599 1210 677 1258 quum
696 1196 877 1263 rebellassent,
903 1207 978 1249 sexto
998 1199 1038 1247 die
1055 1198 1190 1262 perdomiti
1214 1198 1242 1245 in
1260 1196 1414 1246 deditionem
1432 1212 1471 1245 re·

416 1297 515 1337 nerunt.
552 1287 694 1353 Spoletium
714 1290 815 1339 colonie
826 1292 936 1341 deducta
951 1300 996 1341 est.
1033 1292 1167 1343 Adversus
1178 1290 1288 1352 Ligures
1297 1298 1358 1337 tunc
1367 1290 1472 1353 primum

416 1382 542 1430 exereitus
567 1390 699 1445 promotus
724 1391 769 1431 est.
808 1382 882 1433 Sardi
909 1392 935 1433 et
959 1384 1032 1433 Corsi
1061 1398 1138 1445 quum
1164 1382 1349 1441 rebellassent,
1377 1382 1473 1431 subacti

416 1482 483 1521 sunt.
523 1473 620 1523 Tuccia
631 1476 703 1538 virgo
711 1475 825 1526 Vestalis
842 1477 934 1526 incesti
946 1477 1068 1526 damnata
1081 1483 1127 1525 est.
1158 1474 1260 1524 Bellum
1272 1474 1367 1539 Illyriis
1375 1482 1473 1538 propter

416 1579 493 1613 unum
513 1580 546 1615 ex
563 1566 663 1629 legatis,
682 1569 726 1631 qui
745 1569 778 1617 ad
796 1584 840 1618 eos
858 1570 929 1621 missi
948 1576 1030 1629 erant,
1049 1568 1161 1619 occisum
1173 1567 1299 1616 indictum
1318 1574 1366 1626 est,
1385 1567 1473 1616 subae-

413 1656 484 1721 tique
510 1658 536 1706 in
561 1659 717 1709 deditionem
735 1673 865 1711 venerunt.
903 1662 1043 1711 Pretornm
1068 1674 1187 1711 numerus
1211 1660 1349 1724 ampliatus
1372 1668 1424 1721 est,
1448 1670 1472 1707 ut

414 1758 498 1799 esseut-
520 1749 567 1800 IV.
617 1753 685 1801 Galli
703 1754 884 1819 Transalpini,
910 1757 952 1817 qui
977 1756 1004 1803 in
1022 1754 1126 1803 Italiam
1150 1753 1306 1816 irruperant,
1330 1753 1388 1802 eresi
1409 1762 1472 1803 sunt

414 1842 455 1891 llo
477 1842 547 1892 bello
572 1846 694 1909 populum
713 1847 858 1897 Romanum
882 1849 920 1897 sni
938 1848 1075 1910 Latinique
1098 1847 1209 1896 nominis
1230 1830 1301 1895 (lc—G
1317 1856 1473 1897 armatorum

415 1934 534 1985 babuisse
553 1935 622 1986 dicit.
659 1939 822 1990 Exercitibus
833 1941 959 1991 Romanis
979 1951 1039 1990 tune
1057 1940 1165 2004 primum
1184 1940 1364 1989 trausPsdum
1383 1941 1473 1999 ductis,

417 2023 486 2076 Galli
506 2027 628 2079 Insubres
647 2031 745 2095 aliquot
762 2034 859 2097 proeliis
876 2031 926 2082 fusi
945 2033 972 2081 in
990 2034 1145 2082 deditionem
1164 2038 1295 2081 venerunt.
1340 2032 1378 2080 M.
1400 2031 1473 2081 Clau·

413 2121 625 2171 diusMarcellus-
638 2137 699 2183 coa,
718 2127 802 2175 occiso
813 2123 946 2175 Gallorum
965 2125 1111 2175 Insubrium
1130 2126 1194 2173 duee
1204 2124 1370 2186 Virdomaro,
1390 2126 1472 2189 opima
1555 2112 1556 2129 ³

412 2212 495 2275 spolia
518 2215 612 2264 retulit.
658 2217 739 2267 Histri
762 2219 861 2268 snbaoti
886 2227 952 2267 sunt.
997 2218 1061 2267 Item
1081 2217 1171 2281 Illyrii,
1197 2230 1274 2278 quum
1300 2216 1472 2279 rebellassent,

413 2305 503 2354 domiti
521 2307 547 2355 iu
565 2308 721 2359 deditionem
740 2318 870 2361 venerunt
908 2312 1029 2360 Lustrum
1049 2325 1064 2357 a
1082 2308 1230 2358 censoribus
1248 2309 1382 2357 conditum
1397 2306 1471 2373 est¹).

411 2397 499 2447 Primo
517 2399 598 2449 lustro
622 2416 697 2451 censu
726 2412 786 2454 suut
803 2406 895 2454 cisium
920 2387 1147 2468 capitafiffi
1163 2400 1294 2451 ccx111·
1307 2424 1342 2451 a.
1384 2403 1472 2453 Liber·

413 2489 459 2538 tini
477 2491 504 2539 in
522 2499 642 2554 quattuor
660 2495 740 2545 tribus
765 2497 859 2546 redacti
887 2504 958 2557 sunt,
986 2511 1062 2559 quum
1088 2506 1163 2545 anteo
1182 2495 1287 2560 dispersi
1311 2510 1360 2559 per
1386 2510 1473 2545 omnes

412 2580 533 2642 tuissent,
554 2586 727 2652 Esquilinam,
746 2588 902 2649 Palatinam,
922 2590 1098 2648 Suburanam,
1117 2587 1254 2638 Collinam,
1296 2585 1322 2636 G.
1338 2587 1473 2637 Flaminius

412 2689 494 2723 censor
511 2676 574 2724 riam
588 2676 736 2728 Flamr'mbm
754 2683 845 2731 muniit
863 2691 889 2731 et
905 2685 999 2732 circum
1010 2682 1164 2731 Flaminium
1184 2680 1315 2731 exstruxit.
1359 2680 1472 2731 Colonia

412 2768 527 2817 deductas
546 2770 648 2819 suntin
667 2787 729 2836 agro
747 2789 764 2821 a
781 2773 863 2825 Gallis
881 2785 955 2840 capto
973 2776 1107 2824 Placentia
1124 2782 1150 2823 et
1167 2772 1301 2823 Cremona.

827 2935 877 2985 EX
894 2935 960 2985 LIB.
980 2936 1053 2985 XXI.

479 3043 556 3093 luitis
575 3047 635 3109 belli
653 3048 743 3098 Punici
762 3050 868 3099 secundi
888 3058 1022 3099 tranantur
1039 3058 1065 3099 et
1077 3050 1230 3099 Hannibalis
1249 3050 1322 3099 (lueis
1334 3050 1470 3099 Poenorum

413 3146 501 3185 eontra
520 3136 603 3188 foedus
621 3154 668 3204 per
684 3140 807 3191 Hiberum
826 3144 921 3192 flumen
939 3145 1073 3203 transitum
1092 3160 1108 3191 a
1126 3157 1177 3205 quo
1192 3142 1336 3204 Saguntum
1354 3143 1469 3191 someron

411 3230 498 3292 populi
518 3230 628 3304 Romani
659 3234 748 3283 civitas
770 3237 876 3286 obsessa
903 3245 992 3285 octavo
1019 3250 1106 3285 meuse
1133 3245 1208 3299 capta
1230 3244 1277 3283 est.
1292 3218 1295 3223 ¹
1313 3236 1356 3283 De
1380 3235 1470 3296 quibus

411 3322 508 3372 iniuriis
527 3324 596 3372 missi
614 3325 692 3388 legati
717 3328 748 3376 ad
768 3326 993 3390 Carthaginienses
1018 3330 1060 3392 qui
1082 3336 1252 3391 quererentur.
1291 3326 1378 3387 Quum
1398 3328 1468 3377 satis·

411 3412 495 3469 faeere
514 3415 619 3477 nollent,
646 3417 740 3466 bellum
759 3419 797 3467 eis
820 3421 942 3469 indictum
962 3429 1006 3470 est.
1046 3421 1184 3479 Hannibal,
1209 3430 1328 3484 superato
1345 3420 1468 3484 Pyrenas

411 3505 486 3566 saltu,
505 3521 551 3569 per
568 3505 676 3568 Gallias,
695 3508 757 3560 t'usis
766 3512 865 3571 Volcis,
888 3513 930 3574 qui
949 3513 1072 3563 obsistere
1091 3515 1175 3562 eonati
1194 3521 1267 3562 eraut
1284 3515 1315 3570 ei,
1336 3515 1368 3563 ad
1387 3514 1468 3577 Alpes

410 3599 480 3646 venit
504 3606 530 3646 st
554 3599 683 3650 laborioso
708 3618 753 3666 per
776 3619 819 3653 eas
844 3604 965 3663 transitu,
992 3618 1068 3666 quum
1093 3614 1228 3655 montanos
1253 3620 1355 3671 quoque
1381 3607 1468 3657 Gallos

306 3686 310 3691 ’
411 3690 499 3740 obvios
517 3691 617 3754 aliquot
633 3696 729 3758 proeliis
749 3698 896 3760 repulisset,
923 3699 1056 3746 descendit
1073 3698 1100 3747 in
1118 3698 1219 3747 Italiam
1247 3706 1273 3749 et
1299 3699 1331 3747 acl
1350 3699 1467 3748 Ticinum

410 3781 505 3831 flumen
516 3784 647 3836 Romanos
664 3791 774 3853 equestri
792 3790 882 3852 proelio
899 3789 978 3849 ludin
996 3792 1021 3839 in
1041 3806 1091 3854 quo
1109 3791 1266 3841 vulneratum
1279 3790 1310 3839 P.
1321 3788 1467 3840 Cornelium

410 3875 553 3941 Scipionem
573 3882 682 3944 protexit
700 3883 776 3943 filius,
799 3885 842 3945 qui
860 3882 977 3932 Africani
996 3892 1086 3949 postea
1104 3897 1196 3933 nomen
1216 3885 1323 3949 accepit.
1360 3885 1467 3934 Iterum-

411 3984 460 4034 que
477 3974 591 4022 exercitu
610 3974 728 4023 Romano
746 3976 779 4023 ad
797 3973 890 4024 flumen
909 3976 1029 4025 Trebiam
1049 3976 1114 4039 fuso,
1133 3976 1264 4025 Hannibal
1282 3978 1464 4041 Appenninum

410 4075 511 4125 quoque
534 4080 579 4128 per
601 4081 718 4130 magnam
745 4070 905 4119 vexationem
933 4070 1039 4119 militum
1069 4079 1172 4134 propter
1201 4068 1249 4119 vim
1276 4072 1463 4135 tempestatium

464 4268 487 4316 ¹)
501 4271 610 4310 Eoecidisrs
623 4272 704 4309 suem
717 4273 755 4309 ter.
