3475 5084
526 536 605 585 Libet
622 536 719 585 XLIV.
751 536 800 598 (Δ.
819 533 882 585 chr.
905 535 978 600 168.)
1185 544 1234 599 171

225 720 333 776 hebere
381 720 574 779 Macedonum
597 723 654 780 dici
676 723 772 780 XXX
801 722 882 779 milia
912 730 1089 779 armatorum
1119 740 1191 783 csse.
1252 722 1284 780 Si
1307 728 1324 781 5

226 827 276 899 Ap.
299 823 424 881 Claudio
454 824 532 882 circa
554 828 735 903 Lychnidum
770 827 842 884 sutis
875 826 989 884 validus
1023 826 1166 883 exercitus
1198 826 1282 897 foret,

224 930 345 1003 potuisse
376 930 495 1005 ancipiti
519 931 595 988 bello
625 932 753 989 distincti
777 950 891 1007 regem3
923 948 1000 989 nunc
1026 940 1055 988 et
1076 932 1223 1007 Appium,
1256 940 1283 989 et

224 1036 292 1107 quod
312 1053 379 1091 cum
402 1054 438 1092 eo
459 1038 586 1111 praesidii
607 1038 659 1109 sit,
688 1038 717 1094 in
740 1056 853 1094 summo
875 1036 1005 1111 periculo
1027 1054 1106 1107 esse,
1137 1036 1192 1093 nisi
1213 1056 1282 1111 puo-

223 1159 283 1213 pere
305 1148 359 1196 aut
379 1140 471 1197 iustus
492 1142 636 1198 exercitus
658 1162 693 1199 eo
721 1142 852 1199 mittatur
873 1152 924 1198 aut
944 1141 985 1198 illi
1007 1141 1073 1198 inde
1094 1140 1281 1202 deducantur.

224 1244 266 1300 Ad
284 1244 409 1302 classem
421 1264 454 1301 se
464 1265 501 1303 ex
523 1247 627 1303 castris
648 1246 805 1321 proiectos,
828 1246 973 1304 sociorum
998 1246 1146 1303 navalium
1170 1258 1282 1321 purtem
1306 1246 1325 1303 6

224 1349 318 1405 morbo
341 1350 460 1409 audisse
486 1352 689 1428 absumptam,
721 1362 855 1427 part-em,
887 1353 1013 1409 maxime
1045 1352 1095 1427 qui
1125 1370 1162 1408 ex
1184 1351 1284 1410 Sicilia

224 1451 337 1525 iuterim,
371 1455 477 1512 domos
497 1473 569 1512 sues
591 1457 703 1526 abisse,
733 1465 763 1513 et
783 1457 915 1515 homines
937 1458 1062 1514 navibus
1084 1456 1197 1523 deesse;
1233 1454 1283 1529 qui

223 1558 281 1628 sint.
311 1578 410 1633 neque
440 1559 613 1634 stipendium
652 1562 799 1636 accepisse
833 1580 928 1636 neque
960 1561 1132 1619 vestimenta
1164 1561 1282 1621 habere.

223 1664 367 1721 Eumenen
389 1665 571 1739 classemque
593 1666 665 1733 eius,
687 1676 836 1741 tamquam
858 1676 946 1722 vento
964 1666 1078 1723 adlatas
1100 1683 1200 1735 naves,
1222 1666 1283 1722 sine
1307 1668 1323 1720 7

223 1786 304 1825 causa
325 1779 356 1825 et
378 1768 492 1825 venisse
525 1778 554 1826 et
585 1771 697 1840 abisse,
729 1789 783 1829 nec
812 1771 940 1828 animum
967 1772 1028 1827 eiua
1050 1770 1128 1845 regis
1149 1779 1283 1827 constare

224 1873 285 1929 sotis
305 1874 415 1934 visum.
457 1873 539 1933 Sicut
559 1875 658 1932 omnia
679 1874 716 1933 de
730 1875 862 1934 Eumene
882 1875 981 1946 dubia,
1002 1874 1148 1933 itaAttali
1169 1876 1284 1951 egregie

224 1986 407 2036 constantem
419 1978 505 2036 fidem
527 1980 711 2037 nuntiabant.

298 2084 423 2159 Legatis
445 2085 568 2157 auditis,
601 2096 670 2143 tunc
701 2084 738 2142 de
767 2083 843 2143 bello
869 2085 978 2143 refeme
999 2104 1063 2144 sese
1085 2087 1119 2148 L.
1141 2086 1279 2144 AEmilius
1322 2077 1361 2148 21

224 2186 295 2244 dixit.
343 2188 471 2248 Senatus
492 2190 635 2261 decrevit,
669 2200 702 2247 ot
722 2190 752 2247 in
777 2201 843 2248 octo
864 2191 994 2267 legiones
1013 2208 1282 2265 paremvnumerum
1306 2192 1323 2247 2

224 2293 398 2352 tribunorum
417 2296 589 2352 consuleset
613 2282 737 2371 populus
758 2306 885 2365 crearem
906 2296 999 2353 creari
1022 2304 1118 2353 autem
1142 2296 1284 2353 neminem

225 2416 254 2453 ec
274 2418 352 2457 anuo
373 2401 505 2475 placere,
527 2400 582 2457 nisi
604 2400 655 2475 qui
675 2402 816 2458 honorem
837 2400 984 2476 gessisset.
1031 2401 1108 2457 Tum
1131 2419 1168 2457 ex
1192 2399 1283 2457 omni·
1307 2402 1324 2457 ³

226 2502 271 2559 bus
291 2505 417 2565 tribunis
440 2505 560 2562 militum
582 2505 625 2562 uti
649 2506 685 2565 L.
706 2506 846 2562 AEmilius
867 2504 897 2561 in
920 2504 994 2560 duas
1015 2503 1145 2578 legiones
1166 2505 1196 2561 in
1219 2505 1284 2561 Ma·

225 2608 477 2684 cedoniam‚‘quoa
501 2630 601 2668 eorum
624 2610 703 2679 velit,
725 2610 828 2685 eligat,
851 2618 880 2667 et
903 2618 942 2679 ut,
967 2608 1101 2666 sollemni
1113 2608 1283 2666 Latinarum

226 2712 357 2786 perfecto,
380 2716 416 2777 L.
439 2716 578 2773 AEmilius
601 2716 713 2783 consul,
735 2714 788 2775 Cn.
810 2714 952 2774 Octavius
974 2723 1091 2789 pretor,
1115 2714 1160 2771 cui
1183 2713 1283 2771 classis

226 2817 385 2892 obtigisset,
407 2819 437 2878 in
459 2822 638 2895 provinciam
660 2820 889 2895 proficiscentur.
943 2819 1069 2877 Additus
1091 2828 1134 2875 est
1158 2818 1204 2875 his
1225 2828 1283 2875 ter·
1306 2824 1323 2877 4

227 2920 275 2977 tius
296 2923 331 2981 L.
354 2923 478 2981 Anicius
499 2936 621 2999 pretor,
641 2925 723 2981 cuius
745 2926 821 2981 inter
840 2924 1009 3001 peregrinos
1030 2922 1191 2979 iurisdictio
1212 2931 1283 2982 erut.
1340 2984 1343 2989 ,

228 3024 294 3082 Eum
320 3028 350 3085 in
378 3029 558 3104 provinciam
591 3030 738 3107 Illyricum
769 3030 848 3087 circe
877 3028 1056 3105 Lychnidum
1079 3026 1138 3101 Ap.
1160 3026 1284 3083 Claudio

227 3132 373 3190 succedere
394 3132 512 3208 placuit.
571 3133 703 3191 Dilectus
732 3153 802 3192 cura
824 3133 858 3191 C.
881 3133 994 3191 Licinio
1017 3131 1128 3188 consuli
1149 3130 1285 3204 inposita.
1309 3136 1327 3188 5

229 3235 254 3289 ls
272 3217 388 3313 ¹septem
416 3238 496 3295 milia
528 3238 633 3296 civium
655 3240 853 3295 Romanorum
888 3249 917 3296 et
943 3236 1055 3311 equites
1077 3234 1128 3293 CC
1159 3236 1285 3291 scribere

229 3337 324 3413 iussus,
345 3351 375 3399 et
396 3343 482 3401 sociis
503 3343 629 3399 nominis
640 3342 738 3399 Latini
749 3354 859 3417 septem
883 3341 962 3399 milia
983 3341 1112 3416 peditum
1127 3339 1280 3415 imperare,
1305 3343 1324 3397 6

229 3441 321 3505 CCCC
342 3449 471 3522 equites,
495 3457 523 3503 et
540 3446 599 3510 Cn.
621 3447 755 3517 servilio,
780 3447 909 3505 Galliam
932 3446 1072 3522 optinenti
1093 3444 1282 3519 provinciam,
1307 3450 1323 3502 7

230 3662 251 3723 5,
268 3672 282 3715 2
299 3668 448 3732 lycenidum
473 3669 478 3729 Ι
502 3668 626 3717 exercitui
678 3673 694 3715 8
722 3668 848 3731 potuisset
870 3667 898 3714 in
923 3664 1028 3729 ancipiti
1052 3649 1116 3714 dello
1134 3664 1211 3727 (corr.
1227 3662 1283 3712 ead.

230 3766 294 3802 nonu
310 3756 392 3816 bello)
403 3753 407 3820 l
420 3754 546 3803 destinerc
558 3751 634 3803 Gran.
655 3752 745 3818 (Gryn.
765 3752 900 3814 distinere)
916 3753 921 3813 Ι
937 3759 962 3799 et
980 3766 1037 3801 cum
1056 3766 1087 3800 eo
1124 3755 1138 3799 5
1159 3752 1285 3801 ducantur

230 3835 252 3895 6,
271 3839 325 3889 lIn
343 3857 370 3892 se
388 3840 467 3890 duaa
485 3856 498 3889 s
515 3856 592 3903 sumu
609 3838 864 3903 odditulproiectns
902 3838 1051 3887 sssudisset
1068 3837 1231 3899 adsumptum
1268 3842 1284 3885 3

231 3954 283 3991 suos
301 3940 305 4005 Ι
325 3926 570 4020 hpminesdnauibus
612 3942 637 4000 7,
659 3947 670 3991 l
690 3942 779 3990 udlata
823 3940 937 3991 adubis
954 3939 1027 3987 attali
1049 3937 1123 3989 Gron.
1145 3936 1148 4003 l
1169 3940 1286 4001 egregie

232 4024 297 4085 XXI,
315 4029 339 4089 1,
361 4036 372 4079 l
393 4030 503 4112 audpitis
542 4030 568 4089 2,
589 4035 600 4078 l
622 4030 736 4077 utiocto
773 4026 916 4091 2populos
933 4028 938 4091 Ι
954 4024 1028 4074 Frob.
1048 4023 1086 4074 ΙΙ.
1106 4032 1223 4074 crearent
1258 4024 1284 4086 3,

233 4132 290 4179 Ην.
308 4134 359 4183 nil.
401 4133 428 4194 4,
447 4140 463 4183 2
482 4134 582 4183 unicius
601 4141 632 4181 tr.
652 4132 724 4181 cuius
769 4130 944 4194 tlycidinum
991 4126 1174 4209 lsucce'doret
1216 4124 1281 4187 5‚l

233 4230 338 4286 delectus
355 4236 406 4300 (sii.
424 4238 449 4301 t)
464 4242 470 4302 1
485 4236 603 4301 inpositis
622 4231 733 4298 ccultum
760 4232 807 4282 Vix
825 4250 894 4282 vertas
912 4242 947 4282 est
964 4248 1079 4282 numerus.
1118 4231 1142 4291 6,
1164 4236 1175 4279 1
1196 4230 1286 4278 latinis

235 4320 318 4371 icccc
335 4325 393 4386 equi
412 4331 438 4373 et
