3475 5084
566 532 643 582 mnu
660 532 731 582 xm.
769 534 817 596 (s.
837 531 899 582 cnr.
922 533 992 596 ua.)
1228 539 1265 594 2⁵

240 716 434 784 absumebat3
462 716 592 789 satisque
620 719 789 786 constabat,
815 737 870 776 nec
891 719 940 776 illo
970 737 1024 776 nec
1049 719 1146 794 priore
1167 735 1261 789 anuo,
1282 719 1311 776 in

239 829 326 876 tanta
355 831 455 895 strage
487 821 575 878 boum
611 822 827 897 bominumque,
857 823 1013 881 volturium
1052 843 1174 898 usquam
1207 824 1310 884 visum.

241 924 421 983 Sacerdotes
450 924 558 998 publici
595 945 631 982 aa
661 929 826 1001 pestilentia
857 930 964 986 mortui
990 939 1057 985 sunt
1085 927 1138 986 Cn.
1171 928 1310 988 Servilius
1333 929 1351 983 8

241 1029 346 1104 (impio
368 1027 518 1104 pontifex,
547 1042 632 1104 pater
652 1033 794 1106 praetoris,
827 1044 856 1089 et
883 1034 930 1090 Ti.
955 1033 1144 1108 Sempronius
1165 1033 1213 1092 Ti.
1235 1034 1310 1090 filins

241 1135 366 1209 Longus
395 1135 541 1191 decemvir
567 1151 716 1193 sacrorum
743 1149 771 1194 et
793 1138 829 1198 P.
849 1139 949 1196 AElius
972 1140 1069 1195 Paetua
1098 1155 1192 1211 augur
1213 1149 1241 1194 st
1262 1137 1309 1198 Ti.

242 1236 435 1312 Sempronius
458 1238 611 1297 Gracchus
643 1252 672 1297 et
692 1240 726 1298 (l.
751 1243 866 1299 Atellus
890 1243 1036 1300 Mamilius
1064 1243 1144 1300 curio
1167 1242 1309 1298 maximus

241 1352 269 1400 st
290 1345 333 1400 M.
357 1343 547 1418 Sempronius
568 1344 731 1402 Tuditanus
748 1350 881 1421 pontisas.
930 1346 1089 1402 Pontifices
1110 1344 1222 1402 suffecti
1244 1357 1310 1403 arant
1331 1346 1350 1403 9

242 1445 277 1506 C.
300 1448 448 1523 Sulpicius
470 1449 571 1508 Galba
591 1451 609 1484 ⁸*
629 1451 646 1485 ³
679 1448 709 1504 iu
737 1449 832 1506 locum
855 1451 1004 1506 Tuditani.
1040 1453 1177 1526 Augures
1198 1449 1310 1508 suffecti

241 1562 325 1623 sunt,
347 1553 378 1610 in
400 1554 530 1612 Gracchi
558 1554 652 1610 locum
675 1555 713 1610 Τ.
734 1554 873 1610 Veturius
898 1555 1050 1614 Gracchus
1073 1555 1310 1628 Sempronianus,

240 1656 272 1712 in
295 1658 331 1717 P.
354 1657 418 1715 AEli
450 1657 487 1731 Q.
508 1659 607 1716 AElius
630 1660 741 1727 Paetus3
770 1659 916 1716 decemvir
944 1677 1092 1716 sacrorum
1116 1657 1149 1716 C.
1172 1659 1310 1734 Sempro-

240 1762 309 1818 nius
334 1763 469 1836 Longus‚
500 1763 582 1819 curio
611 1763 756 1819 maximus
784 1760 819 1819 (2.
841 1762 1010 1820 Scribonius
1042 1761 1131 1820 Curio
1158 1763 1308 1821 sufficitur.
1355 1797 1368 1828 a

241 1864 317 1923 Cum
343 1867 513 1940 pestilentiae
536 1868 602 1923 finis
623 1885 682 1922 noo
702 1868 801 1932 fieret,
827 1881 945 1924 senatus
967 1869 1110 1935 decrevit,
1133 1869 1172 1923 uti
1195 1869 1308 1926 decem·
1337 1865 1370 1920 10

241 1971 298 2027 viri
318 1970 412 2028 libros
433 1971 591 2046 Sibyllinos
612 1972 735 2028 adirent.
779 1972 825 2028 Ex
849 1972 966 2029 decreto
995 1991 1094 2029 eorum
1122 1973 1197 2029 diem
1221 1991 1308 2028 uuum

241 2075 418 2150 supplicatio
439 2075 494 2132 fuit
515 2087 553 2144 et,
576 2075 612 2149 Q.
625 2075 738 2132 Marcio
754 2075 891 2150 Philippo
903 2079 994 2134 verba
1009 2088 1163 2151 preeunte,
1184 2078 1308 2152 populus
1336 2075 1366 2128 ¹1
1385 2082 1392 2094 '

241 2180 272 2236 in
301 2178 369 2237 foro
396 2191 496 2236 votam
526 2181 675 2254 concapit,
714 2180 739 2236 si
770 2183 888 2238 morbus
917 2183 1137 2256 pesti¹entiaqus
1168 2201 1205 2237 ex
1237 2199 1309 2256 agro

241 2285 379 2340 Romano
399 2293 497 2340 amota
513 2297 598 2354 assat,
619 2284 737 2340 biduum
757 2284 845 2342 ferias
865 2305 901 2344 ac
919 2286 1157 2360 supplicationem
1181 2304 1212 2342 sc
1226 2287 1309 2342 liabi-

241 2399 349 2445 turum.
393 2390 429 2446 In
451 2388 565 2444 Veienti
585 2405 658 2460 agro
688 2390 786 2464 biceps
808 2403 894 2448 natus
916 2411 1002 2466 puer,
1032 2403 1060 2448 et
1082 2393 1308 2450 Sinuessanum·
1334 2386 1369 2440 ¹2

244 2512 364 2563 manus,
393 2503 423 2550 et
443 2492 565 2549 Auximi
587 2492 683 2566 puella
704 2512 769 2550 cum
791 2495 935 2562 dentibus,
959 2505 988 2552 et
1014 2513 1097 2552 arcus
1119 2495 1240 2552 interdiu
1264 2513 1309 2552 se·

244 2617 317 2655 reno
346 2598 417 2654 caelo
444 2616 532 2672 super
557 2598 648 2654 sedem
672 2597 790 2654 Saturni
816 2598 845 2652 in
874 2596 941 2654 foro
963 2599 1098 2656 Romano
1120 2601 1260 2668 intentus,
1283 2609 1311 2656 et

244 2716 304 2760 tres
325 2704 413 2760 simul
441 2704 518 2759 soles
542 2701 710 2759 affulserunt
738 2713 768 2757 et
792 2700 872 2758 faces
899 2702 1000 2758 eadem
1027 2714 1113 2762 nocte
1140 2705 1236 2778 plures
1258 2723 1310 2778 per
1337 2701 1371 2754 13

244 2807 346 2879 caelnm
368 2808 459 2882 lapsoe
480 2819 546 2865 sunt
567 2810 597 2865 in
618 2808 782 2877 Lanuvino,
805 2805 983 2880 Caeritesque
1005 2825 1127 2881 anguem
1151 2809 1180 2864 in
1202 2810 1310 2884 oppido

243 2931 298 2968 suo
319 2913 470 2979 iubatum,
498 2910 594 2966 aureis
617 2912 736 2968 maculis
757 2931 890 2986 sparsum
916 2913 1086 2987 apparuisse
1108 2915 1311 2983 adfirmabant,

244 3026 274 3072 ct
294 3018 325 3073 in
347 3035 420 3091 agro
442 3013 595 3089 Campano
617 3016 721 3072 bovem
744 3016 871 3072 locutum
898 3035 970 3081 esse,
992 3019 1063 3073 satis
1083 3020 1245 3077 constabat.

330 3122 436 3196 Legati
472 3121 555 3176 nonis
594 3120 687 3177 Iuniis
726 3140 763 3178 ex
794 3121 898 3178 Africa
932 3122 1093 3191 redierunt,
1133 3123 1199 3196 qni,
1240 3141 1309 3177 con·
1351 3111 1392 3179 22

246 3401 261 3444 2
272 3398 305 3445 ab
317 3433 323 3446 .
335 3433 342 3446 .
354 3399 441 3446 mebat
452 3396 456 3462 Ι
468 3400 527 3449 illos
542 3360 719 3466 {priorciunno
739 3401 843 3448 ataicta
852 3401 948 3462 straigs
966 3401 1014 3457 8,2
1028 3403 1099 3464 cepio
1110 3400 1114 3465 l
1126 3409 1151 3450 et
1163 3409 1180 3450 t.
1189 3401 1262 3450 Frob.
1271 3399 1308 3450 ΙΙ.

166 3518 176 3526 r
245 3498 504 3563 ltitifiliusPen'zon.
534 3502 684 3561 axuirlct
698 3509 716 3550 t.
745 3507 805 3550 let
824 3518 845 3552 c.
866 3503 1088 3554 atselliusoemilius
1116 3504 1197 3554 Weiss.
1218 3502 1308 3569 (Grya.

246 3593 272 3633 et
292 3585 321 3634 0.
340 3587 454 3636 Attclins
470 3587 601 3637 AErnilius.
626 3585 679 3651 Sty.
701 3588 729 3639 C.
744 3591 874 3638 Mamilius
893 3591 1007 3651 Vitulus)
1025 3594 1029 3654 Ι
1046 3591 1172 3640 maximus
1192 3607 1224 3639 m.
1245 3605 1311 3640 scur-

244 3673 350 3756 gronius
369 3671 443 3721 Frob.
461 3671 499 3722 11.
536 3673 562 3732 8,
577 3678 591 3721 5
607 3682 631 3722 et
647 3674 698 3732 9,1
721 3677 851 3724 tuditanus
871 3677 1004 3738 pontifices
1023 3663 1123 3726 sudecti
1163 3677 1213 3734 9‚2
1234 3679 1311 3737 galbe

245 3756 378 3806 inlocum
397 3758 525 3807 Lacunam
547 3757 622 3823 Grya.
642 3761 755 3809 camiaco
773 3761 797 3808 in
816 3763 923 3825 morpiae
939 3764 1017 3825 posito
1035 3763 1133 3812 notauit.
1189 3769 1205 3812 3
1225 3763 1311 3825 graeci

246 3859 308 3907 4in
325 3860 388 3922 pelli
403 3861 409 3922 Ι
424 3869 504 3923 paetus
523 3875 537 3910 e
555 3863 614 3910 xuir
650 3862 692 3921 10.
715 3870 724 3911 l
745 3866 812 3913 xuiri
840 3865 1007 3926 nsybyttinos
1034 3866 1204 3928 asuplicatio
1240 3866 1307 3926 11‚1

244 3945 322 4011 popul
334 3982 340 3994 .
353 3961 383 3994 .s
402 3951 417 3994 2
430 3955 504 3996 uetus
523 3947 629 3997 esurias
665 3948 706 4006 12,
720 3955 730 3996 l
745 3950 885 3997 inuenienti
898 3952 901 4017 Ι
913 3951 1026 4000 sinuessa
1037 3952 1183 4014 unimalnus
1194 3988 1200 4000 .
1212 3987 1218 4000 .
1231 3951 1310 4000 eximi

246 4037 261 4078 2
280 4029 409 4095 dentibus}
421 4068 427 4080 .
438 4068 445 4080 .
458 4047 516 4082 rcus
544 4032 611 4090 lua
630 4034 710 4082 labate
737 4045 798 4083 sunt
815 4045 841 4083 ct
856 4037 884 4082 in
904 4037 1150 4100 lanuinoceritesque
1169 4039 1310 4085 aluuaturn

245 4117 301 4166 anis
329 4116 404 4166 Frob.
432 4116 470 4166 II.
499 4118 605 4179 (Weiss.
624 4119 709 4182 flavis)
754 4128 771 4169 4
795 4123 898 4170 b.ucm
915 4125 919 4181 Ι
936 4133 1080 4172 consta...
1135 4122 1223 4178 XXII,
1251 4122 1275 4176 1,
1298 4127 1308 4168 l

246 4200 336 4266 ..lgati
354 4202 424 4252 Folia·
439 4203 482 4261 12,
501 4205 568 4254 cuius
583 4206 677 4269 popina
694 4205 801 4256 adverso
818 4208 902 4270 incipit
918 4225 938 4257 c.
960 4207 1039 4258 XXI
1042 4244 1048 4262 ,
1068 4207 1117 4263 12,
1135 4207 1154 4255 3
1171 4209 1202 4254 ab
1221 4207 1310 4263 oedcm,

246 4287 333 4338 definit
341 4306 361 4338 c.
375 4288 473 4350 XXII,
484 4289 509 4349 5,
519 4289 534 4339 1
544 4291 568 4339 t'u
578 4288 781 4352 molestiaene
790 4291 905 4342 dmiar'tc.
918 4292 1031 4352 XXIII,
1041 4293 1060 4342 2
1069 4294 1093 4342 ia
1103 4287 1310 4353 receptaculuml,
