3475 5084
552 515 631 564 Liber
648 513 731 567 XLII.
769 515 817 577 (Δ.
836 512 898 565 cnr.
920 515 991 579 171.)
1224 522 1258 577 7¹

240 716 278 755 ex
297 705 416 754 senatus
440 698 573 756 consulto
596 700 635 758 ad
656 700 795 776 populum
818 700 960 772 tulerunt,
972 714 975 719 ’
989 710 1027 759 be
1054 700 1163 759 tribuni
1184 699 1306 759 militum

240 822 275 860 eo
297 820 375 861 anno
396 800 545 878 suffragiis
565 806 749 875 crearentur,
780 806 834 863 sed
864 805 1013 863 consulum
1042 813 1258 881 pratorumque
1276 806 1307 863 iu

241 907 274 964 iis
294 906 436 965 faciendis
457 908 593 967 iudicium
626 910 837 986 arbitriumque
861 918 947 969 esset.
996 912 1076 969 Inter
1105 918 1244 985 praetores
1265 910 1349 971 itab

242 1012 348 1087 partita
364 1013 497 1088 imperia.
544 1015 721 1089 Praetorem,
752 1017 835 1074 cuius
855 1034 921 1099 sors
943 1014 1060 1086 fuisset,
1093 1023 1125 1072 ut
1145 1015 1215 1085 irat,
1248 1033 1306 1089 quo

241 1126 357 1174 sanatus
380 1119 553 1188 censuisset,
581 1120 769 1179 Brundisium
793 1121 832 1178 ad
852 1121 976 1181 classem
997 1121 1040 1179 ira
1061 1119 1188 1197 placuit,
1210 1119 1307 1193 adque
1330 1116 1346 1170 7

241 1221 280 1278 ibi
300 1239 510 1297 recognoscere
537 1224 634 1283 socios
659 1225 797 1297 navales,
829 1226 1030 1301 dimissisque,
1065 1225 1090 1283 si
1125 1224 1176 1299 qui
1202 1243 1307 1299 parum

241 1325 336 1384 idonei
357 1336 465 1398 essent,
486 1330 718 1406 supplementum
739 1330 837 1405 legere
858 1349 897 1387 ex
917 1330 1058 1389 libertinis
1086 1339 1115 1389 et
1143 1330 1214 1388 dara
1235 1347 1308 1403 ope·

241 1450 311 1500 ram,
335 1441 369 1489 ut
390 1433 456 1489 dnoe
476 1445 576 1509 partes
599 1436 705 1493 civium
717 1437 928 1506 Romanorum,
949 1436 1037 1493 tertia
1057 1435 1203 1492 sociorum
1223 1441 1308 1490 esset.

239 1536 430 1595 Commeatus
450 1538 538 1597 classi
561 1540 782 1615 legionibusque
802 1550 835 1599 ut
855 1560 894 1599 ex
916 1540 1017 1600 Sicilia
1030 1538 1220 1612 Sardiniaque
1240 1537 1308 1594 sub·
1331 1536 1350 1592 8

241 1643 424 1713 veherentur,
446 1645 629 1717 praetoribus,
652 1648 702 1720 qui
717 1663 768 1703 aas
789 1645 956 1720 provincias
977 1643 1072 1703 sortiti
1092 1652 1204 1712 essent,
1226 1661 1308 1699 man·

239 1746 304 1803 dari
323 1747 445 1822 placuit,
467 1757 500 1805 ut
524 1750 631 1808 alteras
652 1752 790 1807 decumas
812 1747 917 1809 Siculis
940 1747 1101 1822 Sardisque
1122 1748 1309 1821 imperarent,

241 1852 317 1924 quod
350 1852 529 1910 frumentum
566 1855 604 1912 ad
638 1854 796 1913 exercitum
830 1854 861 1910 in
895 1852 1100 1911 Macedoniam
1133 1858 1308 1926 portaretur.

241 1955 372 2014 Siciliam
394 1956 428 2015 (l.
455 1956 595 2015 Caninius
616 1958 737 2017 Rebilus
769 1969 814 2017 eat
840 1958 979 2026 sortitus,
1014 1958 1050 2015 L.
1071 1957 1179 2015 Furius
1205 1955 1350 2014 Phileas

243 2060 419 2131 Sardiniam,
442 2062 481 2117 L.
504 2061 650 2120 Cancer
670 2064 854 2139 limatum,
876 2061 911 2123 (l.
935 2060 1081 2136 Sulpicius
1100 2060 1201 2119 Galba
1220 2061 1309 2118 urba·

243 2183 308 2223 nem
329 2163 575 2237 iurisdictionem,
608 2169 644 2228 L.
667 2169 773 2227 Villius
793 2168 920 2226 Annalis
948 2167 1023 2223 inter
1043 2166 1220 2241 peregrinos.
1274 2162 1309 2223 C.

245 2270 381 2327 Lucretio
405 2271 504 2339 Gallo,
527 2290 585 2346 qno
607 2281 726 2329 senatus
747 2272 916 2342 censuisset,
938 2289 1002 2329 sors
1024 2269 1153 2331 obvenit.

324 2376 409 2434 inter
429 2376 561 2434 consules
583 2377 677 2452 magis
698 2363 846 2437 cavillatio
868 2394 956 2452 quam
978 2391 1086 2449 magne
1107 2374 1253 2432 contentio
1275 2375 1312 2431 de
1355 2364 1396 2433 32

246 2481 397 2551 provincia
417 2480 481 2539 init.
529 2481 650 2541 Cassius
670 2483 733 2540 sine
762 2490 840 2540 sorte
864 2499 896 2539 ee
917 2478 1121 2538 Macedoniam
1144 2488 1310 2554 optaturum

246 2585 370 2656 dicebat,
391 2606 446 2645 nec
467 2606 553 2662 posse
575 2587 727 2663 collegam,
749 2588 832 2645 salvo
852 2584 1065 2654 iureiurando,
1086 2600 1183 2641 secum
1206 2582 1312 2639 sortiri.

248 2690 406 2749 Praetorem
429 2700 504 2762 eum,
526 2692 614 2749 ne¹in
637 2691 816 2767 provinciam
841 2692 905 2759 iret,
923 2692 954 2749 in
975 2689 1110 2748 contione
1130 2689 1260 2758 iurasse,
1281 2704 1313 2744 se
1337 2685 1354 2740 2

245 2803 321 2853 stato
343 2798 411 2853 loco
432 2798 573 2872 statisque
594 2798 696 2855 diebus
718 2796 860 2855 sacrificia
884 2797 1008 2866 habere,
1042 2812 1106 2869 qum
1134 2794 1254 2851 absente
1283 2810 1314 2849 se

248 2911 323 2958 recta
344 2902 409 2958 fien‘
430 2920 489 2958 non
510 2914 644 2977 possent3
679 2921 745 2977 quae
765 2919 824 2958 non
849 2900 944 2975 magis
975 2898 1092 2957 consule
1121 2916 1208 2973 quam
1240 2915 1314 2972 prae·

248 3016 309 3063 tere
332 3009 455 3064 absente
474 3017 553 3065 recte
572 3009 635 3065 fieri
657 3026 752 3085 possa,
783 3007 840 3106 piei
860 3013 988 3076 senatus,
1011 3003 1081 3079 quid
1101 3002 1172 3060 velit
1193 3002 1222 3058 in
1245 3020 1314 3058 con·
1339 2998 1356 3054 3

248 3112 358 3181 aelata,
388 3111 485 3187 potius
518 3130 624 3186 qurum,
656 3113 725 3187 quid
747 3112 776 3169 in
798 3120 926 3187 praetura
953 3108 1094 3167 iuraverit
1117 3109 1153 3165 P.
1175 3106 1314 3174 Licinius,

249 3217 536 3275 animadvertendum
560 3236 623 3275 esse
645 3226 770 3275 censeat.
815 3216 855 3275 Se
877 3225 974 3273 tamen
996 3212 1124 3271 futurum
1146 3212 1176 3268 iu
1199 3217 1316 3268 senatus

252 3484 405 3546 tsuffragis
446 3484 511 3531 tin
528 3483 551 3532 is
591 3481 616 3541 6,
636 3489 764 3546 epraeter
791 3483 863 3531 cuius
885 3482 889 3544 Ι
911 3482 981 3545 quod
1000 3487 1104 3530 senatus
1150 3477 1174 3538 7,
1195 3484 1210 3527 2
1228 3490 1318 3539 recog·

253 3580 368 3621 nosceret
385 3569 512 3619 Becare
548 3567 638 3634 (Grpe.
658 3576 738 3631 utque
754 3569 802 3631 ibi)
843 3576 859 3617 3
882 3568 958 3634 Grpe.
977 3568 1076 3629 legeret
1091 3566 1096 3632 Ι
1112 3573 1137 3615 et
1158 3567 1233 3613 daret
1250 3562 1318 3613 Bak-

184 3648 185 3651 '
253 3654 320 3706 kene
365 3657 391 3717 8,
414 3663 425 3705 l
446 3671 496 3719 que
515 3657 592 3705 omma.
631 3655 816 3719 apremribne
834 3669 878 3703 eas
927 3655 1062 3705 ealceras
1096 3658 1161 3701 tut
1179 3651 1247 3716 quod
1266 3648 1320 3699 fru-

255 3751 367 3792 mentum
400 3742 500 3792 Veblea.
537 3742 628 3808 (Gryn.
654 3751 733 3804 utque
752 3742 778 3790 id
800 3740 889 3804 frum.)
931 3739 956 3799 9,
978 3746 988 3789 l
1015 3755 1051 3789 m.
1077 3739 1193 3787 caninius
1216 3736 1321 3799 regilius

254 3832 270 3875 t
289 3829 428 3879 sardiniam
448 3844 470 3877 c.
490 3830 612 3892 sulpicius
655 3835 671 3877 ³
690 3828 883 3877 iurisdicioncm
902 3842 924 3875 c.
943 3825 1020 3875 iulius
1036 3825 1041 3887 Ι
1056 3825 1205 3889 peregrinos
1225 3832 1261 3874 sl.
1280 3821 1321 3869 lu-

255 3917 332 3966 cretio
351 3920 368 3965 4
382 3914 458 3981 Geyer.
469 3917 561 3987 evenit.
598 3916 713 3975 XXXII,
727 3914 753 3974 1,
773 3920 788 3963 2
807 3915 861 3964 sine
879 3912 946 3963 forte
962 3912 1189 3975 {oppugnaturum
1199 3908 1322 3959 Rubenius

255 4015 281 4076 2,
301 4024 313 4068 l
332 4036 370 4083 pr.
397 4004 533 4069 eumanien
551 4021 578 4068 in
596 4020 756 4084 prouinciam
772 4016 778 4083 Ι
793 4018 940 4067 contionem
979 3997 1156 4076 astatuisque
1200 4018 1321 4061 teones.

260 4108 313 4154 tet
329 4106 353 4163 3,
384 4112 393 4154 l
415 4114 521 4170 possent
539 4106 561 4154 si
580 4114 683 4156 senatus
702 4120 753 4155 uon
772 4105 833 4169 quid
853 4103 908 4169 My.
928 4102 984 4152 Em.
1004 4100 1081 4165 5261
1098 4100 1175 4149 uellet
1196 4096 1251 4161 My.
1271 4095 1322 4145 s'bd.

259 4188 346 4256 (Grpe.
366 4199 489 4257 possent
502 4190 529 4241 Si
548 4199 652 4243 senatus
667 4207 719 4241 nen
739 4218 771 4227 -
792 4196 909 4241 censeat:
929 4204 955 4240 so
973 4196 1058 4239 temen
1078 4187 1124 4250 ά)
1149 4190 1165 4233 2
1183 4182 1324 4233 iurauerint

259 4275 389 4328 elaturus
