3475 5084
483 462 539 517 184
742 458 819 507 Liber
835 457 934 507 XLIV.
973 458 1021 519 (A.
1040 470 1065 509 u.
1086 470 1108 507 c.
1129 457 1200 520 aad.)

396 644 412 697 7
436 651 556 715 tumque
576 642 752 699 venientium
774 642 940 705 Gallorum.
973 643 1092 701 Etiam
1117 660 1182 700 cum
1205 640 1395 700 accessissent
1415 641 1489 699 auini

437 745 548 803 Dinoni
569 765 604 804 ac
625 749 801 824 Polyarato,
831 750 882 823 qui
903 749 1004 807 Persei
1031 748 1156 825 partium
1179 756 1277 815 eraut,
1300 764 1361 802 nou
1382 746 1492 820 benigne

437 850 526 907 modo
546 870 719 927 responsum
743 854 861 929 regibus
891 864 952 924 est,
974 854 1025 911 uad
1044 853 1143 929 pelam
1165 851 1400 927 pronuntiatum,
1427 851 1491 907 bello

397 959 415 1015 8
437 955 524 1012 mem
546 974 578 1013 sc
601 958 775 1015 anctoritate
802 978 857 1016 sna
878 958 1055 1034 inposituros
1077 975 1156 1026 asse;
1186 956 1287 1030 itaque
1310 956 1369 1031 ipsi
1390 974 1492 1031 quoque

437 1079 522 1136 reges
543 1080 642 1136 aquus
665 1063 836 1120 adhiberent
854 1064 967 1121 animos
990 1064 1028 1121 ad
1049 1080 1152 1137 pacem
1175 1061 1387 1135 accipiendam.

355 1159 397 1229 3⁰
521 1168 587 1224 lam
608 1167 686 1226 veris
717 1168 889 1243 principium
922 1180 984 1227 erut
1013 1168 1141 1241 novique
1171 1166 1258 1223 duces
1281 1165 1311 1221 in
1341 1166 1493 1241 provincias

438 1282 588 1343 venerant,
609 1273 710 1331 consul
730 1274 870 1331 AEmilius
891 1274 921 1330 in
933 1274 1148 1346 Macedoniam,
1171 1273 1314 1333 Octavius
1336 1272 1445 1331 Oreum
1464 1272 1493 1328 cd

439 1375 571 1447 classem,
591 1377 714 1435 Anicius
735 1379 765 1435 iu
780 1379 937 1455 illyricum,
958 1380 1004 1437 cui
1019 1379 1184 1437 bellandum
1208 1378 1352 1435 adversus
1369 1376 1494 1436 Gentium

399 1478 416 1532 2
439 1491 508 1538 erut.
533 1480 648 1539 Gentius
668 1493 752 1559 patre
774 1486 931 1556 Pleurato,
953 1505 1022 1561 rege
1046 1484 1223 1561 Illyriorum,
1246 1493 1275 1540 et
1298 1492 1394 1539 matre
1413 1482 1495 1555 Eury·

440 1586 507 1645 dica
526 1588 655 1662 genitus,
685 1588 792 1647 iratres
814 1592 904 1662 duos,
935 1592 1084 1649 Platorem
1106 1598 1230 1663 utroque
1254 1599 1397 1662 parente,
1418 1584 1495 1643 Cara·

399 1688 416 1741 3
440 1693 570 1750 vantium
600 1703 693 1751 matre
716 1695 817 1752 eadem
839 1706 956 1766 natum,
986 1696 1099 1757 habuit.
1144 1696 1211 1751 Hoc
1232 1702 1355 1768 propter
1376 1689 1495 1766 ignobili·

440 1806 529 1855 tatem
544 1807 696 1871 paternam
709 1800 803 1857 miuus
817 1813 963 1877 suspecto,
975 1802 1123 1859 Platorem
1140 1799 1246 1857 occidit
1263 1807 1293 1855 ct
1309 1799 1387 1855 duos
1402 1796 1495 1853 amicos

441 1902 512 1971 eius,
534 1902 672 1959 Ettritum
694 1914 723 1960 et
736 1904 909 1979 Epicadum,
925 1905 1055 1979 inpigros
1072 1905 1161 1974 viros,
1182 1922 1243 1977 quo,
1256 1904 1348 1960 tutius
1368 1910 1496 1976 regnaret.

401 2005 419 2057 4
442 2007 538 2064 Fama
550 2006 615 2077 fuit,
631 2008 761 2077 Monuni,
773 2009 980 2067 Dardanorum
1002 2008 1150 2085 principis,
1172 2008 1261 2065 filiam
1277 2008 1402 2065 Etutam
1424 2014 1496 2079 pactu

416 2110 527 2169 ,fratri
544 2130 609 2169 eum
626 2113 772 2184 invidisse,
795 2124 943 2190 tamquam
968 2114 1013 2171 his
1034 2114 1141 2188 nuptiis
1163 2112 1332 2187 adiungenti
1355 2111 1412 2168 sibi
1432 2110 1496 2175 Dar·

442 2218 584 2277 danorum
608 2229 738 2293 gentem3
763 2230 792 2276 et
813 2221 989 2279 simillimum
1014 2220 1044 2276 id
1065 2236 1136 2275 vero
1158 2216 1227 2275 iacit
1248 2217 1338 2274 ductu
1362 2235 1399 2272 ca
1418 2214 1496 2287 virgo,

403 2319 420 2372 5
441 2321 563 2383 Platore
583 2322 746 2385 interfecto.
782 2300 891 2384 Gravis
914 2325 1026 2394 deiude,
1048 2324 1165 2397 dempto
1187 2321 1288 2379 fratris
1306 2332 1399 2392 metu,
1419 2337 1496 2395 popu·

443 2426 553 2484 laribus
575 2446 638 2485 esse
659 2428 761 2501 coepit3
782 2438 812 2486 et
832 2430 1000 2486 violentiam
1021 2429 1137 2485 insitam
1159 2427 1274 2501 iugenio
1286 2424 1497 2499 intemperantia

405 2530 422 2583 6
444 2532 505 2589 viui
526 2534 713 2593 accendebat.
745 2531 891 2604 Ceterum,
912 2534 987 2590 sicut
1008 2542 1075 2590 aute
1096 2532 1203 2589 dictum
1221 2540 1272 2600 est,
1291 2532 1330 2587 ad
1345 2534 1496 2589 Romanum

329 2616 331 2620 Ι
443 2636 579 2694 incitatus
607 2637 714 2693 bellum
746 2638 860 2695 Lissum
892 2656 992 2697 omues
1022 2638 1121 2711 copias
1143 2638 1298 2695 contraxit.
1345 2636 1411 2693 XV
1432 2633 1498 2691 millu

405 2740 421 2791 7
445 2750 624 2799 armatorum
645 2740 769 2800 fuerunt.
817 2743 890 2801 lude
918 2742 1010 2801 fratre
1037 2744 1067 2799 iu
1089 2740 1247 2799 Caviorum
1269 2750 1389 2815 gentem
1411 2740 1440 2796 vi
1459 2748 1497 2795 aut

444 2857 555 2901 terrore
565 2845 755 2921 subigendam
773 2865 838 2904 oum
857 2847 935 2904 mille
950 2847 1093 2921 peditibus
1105 2860 1133 2903 et
1145 2846 1358 2920 quinquaginta
1368 2844 1497 2919 equitibus

444 2949 543 3019 misam
556 2950 626 3023 ‘ipse
648 2950 686 3007 ad
704 2951 877 3009 Bassaniam
895 2953 996 3010 urbem
1017 2952 1143 3027 quinque
1158 2950 1238 3008 milia
1256 2952 1294 3007 ab
1312 2951 1401 3007 Lisso
1424 2950 1496 3006 ducit.

404 3052 422 3106 8
446 3052 525 3113 Socii
546 3065 628 3112 erant
648 3057 858 3117 Romanorum.
904 3058 1008 3131 Itaque
1033 3074 1085 3131 per
1106 3056 1269 3127 praemissos
1291 3056 1411 3113 nuntios
1434 3053 1497 3129 prius

443 3356 468 3415 7,
490 3363 501 3405 l
522 3358 600 3406 animi
617 3356 680 3434 noui
697 3370 729 3404 ac
750 3354 825 3405 Grau.
845 3355 935 3419 (Grpe.
954 3354 1033 3402 enimi
1046 3355 1125 3403 Dioni
1142 3356 1182 3413 ac)
1211 3360 1226 3403 3
1241 3362 1279 3403 est
1291 3345 1395 3417 palam}
1411 3353 1467 3404 belli
1485 3357 1497 3397 t

423 3444 507 3525 ⁴suna
523 3461 678 3523 inpositurns
730 3458 817 3519 XXX,
835 3456 861 3520 1,
883 3463 894 3507 l
914 3458 1072 3521 prouinciam
1092 3456 1192 3521 Kreyss.
1225 3457 1317 3506 aPort
1333 3462 1457 3507 uenerunt
1471 3450 1499 3502 cd

435 3547 513 3608 ficem
530 3562 613 3595 cerm
629 3546 733 3609 spatium
751 3560 852 3594 uacuum
873 3544 889 3592 8
898 3546 956 3607 sere
974 3542 1018 3593 litt.
1057 3548 1072 3592 8
1091 3544 1207 3605 gentium
1224 3554 1298 3607 patre
1310 3543 1368 3608 My.
1384 3542 1439 3593 Em.
1454 3537 1497 3590 tri

442 3632 467 3692 2,
488 3638 499 3680 t
520 3632 662 3695 illiryorum
678 3633 684 3692 Ι
700 3640 797 3681 mactre
824 3637 839 3677 2
859 3631 924 3677 duos
940 3618 1044 3679 flaturas
1057 3636 1165 3693 atroque
1178 3628 1181 3694 Ι
1195 3630 1364 3678 carusndium
1401 3634 1497 3677 amatre

442 3733 499 3767 cam
526 3717 577 3776 3‚2
596 3714 879 3781 suspectalduoamici
904 3716 1084 3779 3etpicadum
1112 3713 1137 3775 4,
1156 3722 1166 3763 l
1182 3717 1280 3764 honuni
1291 3714 1427 3765 Mommsen
1438 3713 1496 3763 Rda.

442 3804 574 3853 Mineruae.
582 3820 609 3867 p.
620 3802 708 3862 daun.
717 3802 761 3852 90.
773 3800 858 3866 Polyb.
872 3799 985 3859 XXIX,
995 3800 1013 3849 ὁ
1022 3800 1191 3853 Μενουνίου.
1207 3802 1210 3867 l
1223 3802 1429 3850 filiammetutam
1447 3796 1496 3859 Cup.

445 3889 491 3950 32,
510 3889 529 3938 3
547 3888 630 3939 eadem
647 3887 742 3937 uidear
759 3888 853 3938 Etleva
871 3884 998 3950 appellari.
1047 3892 1062 3935 2
1090 3889 1227 3937 eniuidissc
1246 3888 1389 3949 tantiqusnr
1405 3888 1410 3945 Ι
1425 3883 1496 3947 nuptis

458 3977 630 4025 dardanorum
649 3976 764 4037 gentium
779 3980 809 4023 ‘3
828 3973 960 4023 simillium
980 3971 1079 4037 Krapsa.
1103 3972 1323 4039 (Grynsimilius)
1351 3973 1496 4035 spurcam

448 4059 608 4121 nliratrc
638 4060 789 4109 auioleutia
823 4059 850 4119 6,
869 4064 885 4107 2
904 4055 1002 4121 omnisl
1016 4068 1069 4111 'au'
1087 4068 1242 4109 armatorum
1276 4059 1301 4121 7,
1323 4065 1334 4109 l
1354 4057 1427 4107 iratri
1441 4057 1446 4116 Ι
1459 4068 1496 4115 ga·

440 4148 541 4195 nicrum
580 4146 760 4209 tsubigeuda
814 4151 866 4194 aa
883 4145 1033 4194 bsusouiam
1052 4147 1110 4210 (csr.
1131 4145 1208 4209 513)
1264 4146 1290 4205 8,
1311 4150 1322 4192 t
1342 4143 1495 4208 perremissos

440 4231 541 4298 Krspas.
562 4231 655 4295 (Grpe.
675 4246 721 4295 per
738 4230 844 4293 missos)
