3475 5084
464 503 502 558 30
732 495 811 546 Liber
826 493 898 544 1121.
935 494 983 556 (Δ.
1003 509 1028 546 u.
1049 509 1071 544 e.
1092 493 1165 556 ⁶80.)

419 683 556 741 Romano
582 678 777 755 appellatum
810 679 959 746 audimus,
988 678 1101 754 legatos
1130 679 1281 736 Romanos
1303 677 1420 735 venisse
1449 678 1490 734 sd

380 785 396 838 7
419 803 518 860 regam
549 793 579 840 et
610 802 661 840 eos
687 784 811 860 benigne
842 793 991 858 exceptos.
1034 784 1107 842 Haec
1129 783 1226 841 onmia
1247 782 1328 857 pacis
1351 783 1489 856 equidem

419 889 504 964 signe
526 887 724 957 assemdim,
750 888 914 957 scabelli,
942 906 996 945 nec
1016 889 1167 946 Romanos
1188 887 1296 946 offendi
1316 904 1419 961 posse,
1452 887 1489 957 si,

419 1003 453 1052 nt
472 993 579 1050 bellum
600 1001 733 1067 gerentes
759 1011 809 1049 eos
830 993 922 1050 secuti
944 1011 1053 1063 sumus,
1075 1011 1150 1050 nunc
1175 1012 1291 1067 quoque
1314 991 1395 1067 pacis
1417 1011 1489 1048 auc·

419 1108 497 1157 tores
524 1116 690 1173 sequamur.
745 1095 806 1154 Cur
832 1098 948 1172 quidem
984 1115 1037 1155 nos
1066 1098 1242 1172 inexpiabile
1274 1097 1402 1153 omnium
1431 1097 1489 1154 soli
1567 1115 1568 1144 ἲ

418 1203 525 1260 bellum
556 1202 697 1258 adversus
728 1220 849 1276 regnum
883 1203 1075 1261 Macedonum
1109 1221 1261 1278 geramus,
1297 1219 1357 1258 non
1390 1201 1488 1261 video.
1567 1181 1568 1186 ἵ

377 1298 395 1355 8
419 1306 585 1382 Opportuui
607 1307 824 1382 propinquitate
849 1307 916 1382 ipsa
936 1308 1118 1366 Macedoniis
1139 1306 1260 1365 sumus?
1290 1323 1327 1362 an
1348 1306 1489 1362 infirmis-

417 1411 484 1467 simi
514 1411 642 1467 omnium
671 1422 832 1486 tamquam,
854 1429 929 1486 quos
950 1430 1043 1486 nuper
1063 1412 1187 1487 subegit,
1208 1410 1362 1486 Dolopes?
1394 1411 1488 1468 immo

417 1528 519 1574 eontra
541 1535 577 1572 ea
603 1515 650 1572 vel
676 1517 786 1573 viribus
812 1516 935 1586 uostris,
966 1516 1052 1573 deum
1074 1507 1334 1591 benignitatefvel
1357 1515 1488 1590 regionis

376 1614 395 1671 9
417 1620 570 1680 intervallo
591 1620 653 1678 tuti.
706 1619 765 1678 Sed
787 1621 878 1678 simus
910 1639 992 1694 aeque
1014 1622 1137 1680 subiecti
1160 1639 1196 1678 ec
1217 1619 1352 1677 Thessali
1374 1619 1487 1677 AEtoli·

417 1744 489 1800 qne;
510 1724 599 1780 nihilo
622 1724 687 1798 plus
708 1723 775 1780 fidei
797 1726 1035 1799 auctoritatisque
1056 1727 1198 1783 habemus
1218 1724 1357 1781 adversus
1374 1726 1487 1782 Roma·

417 1849 486 1898 nos,
510 1829 560 1903 qni
583 1847 698 1904 semper
718 1829 788 1886 socii
810 1831 907 1905 adque
929 1831 1013 1889 smici
1036 1829 1159 1900 fuimus,
1181 1848 1269 1904 quam
1293 1828 1403 1900 AEtoh,
1437 1830 1487 1904 qui
1567 1901 1568 1908 ἵ

359 1929 394 1984 10
417 1935 506 2011 peulo
535 1942 604 1991 ante
633 1935 732 1990 hostes
758 1933 896 1992 fuerunt?
939 1935 1025 2008 Quod
1054 1934 1179 2002 AEtolis‚
1212 1934 1291 2008 quod
1321 1934 1487 2004 Thessalis,
1567 1913 1568 1928 ξ

418 2039 496 2114 quod
518 2038 664 2113 Epirotis,
694 2040 773 2096 omni
801 2039 926 2113 denique
948 2038 1071 2097 Graecioe
1093 2058 1156 2096 cum
1180 2038 1392 2096 Macedonibus
1414 2039 1488 2096 iuris

417 2153 471 2211 est,
491 2143 568 2200 idem
591 2153 620 2200 et
639 2143 725 2200 nobis
745 2143 792 2204 sit.
837 2143 899 2201 Cur
919 2144 1106 2201 exsecrabilis
1127 2143 1185 2200 iste
1205 2142 1290 2199 nobis
1311 2142 1382 2199 solis
1404 2143 1488 2201 velut

357 2244 390 2298 1¹
415 2248 571 2323 discerptis
603 2248 675 2304 iuris
701 2249 820 2304 humaui
847 2248 913 2306 est?
957 2249 1072 2306 Fecerit
1103 2248 1211 2322 aliquid
1240 2245 1404 2320 Philippus,
1435 2265 1489 2304 cur

416 2354 557 2411 adversus
578 2371 643 2409 eum
667 2363 811 2410 armatum
830 2361 859 2409 et
878 2353 983 2410 bellum
1002 2364 1149 2428 gerentem
1171 2354 1228 2409 hoc
1248 2352 1487 2422 decerneremus;

405 2457 486 2532 qnid
506 2458 648 2527 Perseus,
676 2476 770 2513 novus
791 2475 859 2526 rex,
882 2457 975 2514 omnis
997 2457 1108 2516 iniurioe
1129 2459 1244 2525 insons,
1266 2473 1319 2513 sun
1342 2455 1487 2514 beneficio

415 2571 553 2640 petemus
574 2563 735 2620 simultates
756 2563 936 2632 oblitterans,
959 2563 1072 2633 meruit,
1093 2581 1145 2619 cur
1162 2561 1217 2618 soli
1233 2561 1360 2619 omnium
1384 2563 1487 2619 hostes
1566 2589 1567 2646 p

358 2659 393 2716 12
415 2669 444 2726 ei
463 2667 575 2724 simus?
611 2666 796 2756 Quamquam
819 2675 849 2724 et
870 2667 942 2724 illud
964 2669 1060 2725 dicere
1081 2677 1223 2742 poteram,
1248 2677 1329 2722 tanta
1350 2667 1485 2741 priorum

415 2772 596 2830 Macedoniae
625 2789 725 2845 regum
748 2771 851 2828 merita
879 2791 949 2848 erga
970 2791 1024 2830 nos
1052 2770 1158 2839 luisse,
1192 2781 1224 2828 nt
1245 2770 1374 2846 Philippi
1398 2773 1486 2830 nnius

414 2876 552 2943 iniurias,
574 2877 600 2933 si
621 2894 685 2950 qua
706 2874 783 2932 forte
802 2874 936 2945 fuerunt,
967 2877 1068 2952 utique
1091 2883 1301 2951 postmortem
1323 2875 1482 2938 obscurent.

357 2973 392 3030 ¹3
415 2983 590 3050 huninidis,
617 2999 683 3038 cum
704 2980 805 3037 classis
831 2982 966 3038 Romana
991 2979 1147 3038 Cenchreis
1169 2988 1269 3047 staret,
1291 2977 1395 3035 consul
1416 2997 1484 3035 curn

415 3086 543 3143 exercitu
564 3084 670 3144 Eletiae
690 3093 780 3153 esset,
808 3085 934 3143 triduum
955 3103 1010 3143 nos
1031 3085 1061 3143 in
1083 3084 1205 3142 concilio
1227 3083 1331 3152 fuisse,
1365 3084 1483 3142 consul·
1565 3165 1566 3172 ἵ

415 3433 439 3492 7,
459 3440 475 3483 ³
493 3435 583 3498 paucis
602 3441 705 3483 autores
742 3441 758 3483 4
775 3435 946 3499 inexpiabiles
982 3435 1007 3494 8,
1029 3440 1041 3484 l
1062 3436 1252 3499 opportunitate
1270 3435 1481 3503 propinquitate!

414 3537 567 3586 macedonia
596 3543 611 3585 2
629 3537 738 3586 subiecit
750 3537 851 3603 Kreyrs.
869 3536 937 3603 (Csr.
948 3538 1004 3588 Em.
1015 3536 1081 3600 210)
1098 3539 1103 3599 Ι
1118 3537 1291 3600 dolopessimo
1327 3543 1343 3586 3
1362 3516 1480 3589 unostris

416 3623 561 3688 'relgiouis
609 3622 640 3681 9,
667 3629 678 3672 l
704 3638 791 3674 sumus
824 3624 948 3676 Walcbius
969 3627 974 3687 Ι
995 3625 1109 3674 thessali
1163 3623 1257 3672 efidei
1276 3623 1356 3673 littera
1373 3635 1481 3676 mnino

413 3724 509 3774 macula
526 3725 616 3774 charta
634 3727 768 3776 obscurata.
804 3727 848 3784 10,
872 3732 882 3775 l
903 3729 1002 3778 tesselis
1036 3734 1096 3777 set
1114 3728 1189 3777 nobis
1199 3727 1233 3777 sit
1242 3741 1300 3776 enm
1311 3729 1480 3779 exsecrabilis

412 3811 464 3861 ista
482 3812 557 3860 nobis
574 3813 607 3860 sit
624 3826 670 3860 cor
687 3813 851 3862 exsecrabilis
868 3814 919 3863 ista
938 3815 1012 3864 nobis
1026 3815 1086 3864 solis
1122 3813 1267 3868 edissertio
1282 3811 1336 3878 My.
1350 3813 1408 3865 Em.
1422 3813 1480 3866 eoo

413 3895 507 3960 (Grpe.
526 3897 653 3958 desertio)
695 3898 737 3957 11,
758 3905 769 3948 l
790 3899 893 3962 filippus
938 3907 1030 3948 team
1064 3901 1206 3962 singunae
1241 3900 1425 3950 tsimustetes
1462 3905 1477 3950 5

412 3982 437 4031 ei
452 3981 629 4032 sumusGron.
645 3982 1024 4049 (Orymmarnitl-sumualt
1079 3985 1122 4046 12,
1145 3991 1155 4034 l
1179 4000 1305 4048 quaquam
1322 3986 1327 4047 Ι
1343 3995 1424 4035 tantas
1461 3994 1477 4037 8
1564 4006 1565 4048 ι

411 4069 603 4131 iniuriamsiqua
618 4069 623 4130 Ι
638 4077 698 4132 post
723 4080 833 4120 mortem
856 4085 915 4119 cum
940 4071 1031 4121 classis
1055 4071 1110 4136 My.
1129 4071 1186 4121 Em.
1205 4071 1262 4120 505
1277 4069 1371 4136 (Grpe.
1390 4073 1478 4123 osted·
1564 4093 1565 4114 ι

410 4183 475 4219 snam
490 4171 624 4235 apposuit)
643 4171 685 4231 13,
700 4178 709 4221 l
722 4150 920 4222 cancristaberet
938 4172 1031 4238 (Grpe.
1052 4173 1189 4238 cenchris)
1206 4176 1211 4238 Ι
1227 4175 1326 4225 uelatis
1345 4173 1430 4240 sipon.
1460 4182 1476 4226 2

414 4254 490 4321 eryt.
509 4258 620 4306 triduum
638 4259 665 4305 in
684 4258 794 4308 concilio
812 4257 907 4312 tumus
922 4266 926 4322 1
942 4260 1110 4310 subsultantia
