<?xml version="1.0" encoding="UTF-8"?>
<!DOCTYPE html PUBLIC "-//W3C//DTD XHTML 1.0 Transitional//EN"
    "http://www.w3.org/TR/xhtml1/DTD/xhtml1-transitional.dtd">
<html xmlns="http://www.w3.org/1999/xhtml" xml:lang="en" lang="en">
 <head>
  <title>
</title>
<meta http-equiv="Content-Type" content="text/html;charset=utf-8" />
  <meta name='ocr-system' content='tesseract 3.04.00' />
  <meta name='ocr-capabilities' content='ocr_page ocr_carea ocr_par ocr_line ocrx_word'/>
</head>
<body>
  <div class='ocr_page' id='page_1' title='image "./titiliviihistor02ussigoog_0339.png"; bbox 0 0 3475 5084; ppageno 0'>
   <div class='ocr_carea' id='block_1_1' title="bbox 671 443 1261 503">
    <p class='ocr_par' dir='ltr' id='par_1_1' title="bbox 671 443 1261 503">
     <span class='ocr_line' id='line_1_1' title="bbox 671 443 1261 503; baseline 0 -12"><span class='ocrx_word' id='word_1_1' title='bbox 671 444 725 491; x_wconf 77' lang='lat' dir='ltr'><strong>nn.</strong></span> <span class='ocrx_word' id='word_1_2' title='bbox 746 443 879 492; x_wconf 74' lang='lat' dir='ltr'><strong>viu-x.</strong></span> <span class='ocrx_word' id='word_1_3' title='bbox 1070 447 1073 461; x_wconf 60' lang='lat'><strong><em>¹</em></strong></span> <span class='ocrx_word' id='word_1_4' title='bbox 1227 448 1261 503; x_wconf 83' lang='lat'><strong>21</strong></span> 
     </span>
    </p>
   </div>
   <div class='ocr_carea' id='block_1_2' title="bbox 183 635 1308 1350">
    <p class='ocr_par' dir='ltr' id='par_1_2' title="bbox 183 635 1308 1350">
     <span class='ocr_line' id='line_1_2' title="bbox 240 635 1308 705; baseline 0.006 -20"><span class='ocrx_word' id='word_1_5' title='bbox 240 637 386 687; x_wconf 77' lang='lat' dir='ltr'><strong>creditoris</strong></span> <span class='ocrx_word' id='word_1_6' title='bbox 417 639 562 697; x_wconf 83' lang='lat' dir='ltr'>libidinem,</span> <span class='ocrx_word' id='word_1_7' title='bbox 592 636 636 698; x_wconf 92' lang='lat' dir='ltr'><strong>qui</strong></span> <span class='ocrx_word' id='word_1_8' title='bbox 665 635 694 684; x_wconf 82' lang='lat'><strong>0.</strong></span> <span class='ocrx_word' id='word_1_9' title='bbox 720 635 832 685; x_wconf 88' lang='lat' dir='ltr'><strong>Publilio</strong></span> <span class='ocrx_word' id='word_1_10' title='bbox 860 638 966 689; x_wconf 80' lang='lat' dir='ltr'><strong>debitori</strong></span> <span class='ocrx_word' id='word_1_11' title='bbox 998 656 1044 690; x_wconf 91' lang='lat' dir='ltr'><strong>suo</strong></span> <span class='ocrx_word' id='word_1_12' title='bbox 1075 649 1189 705; x_wconf 78' lang='lat' dir='ltr'><strong>stuprum</strong></span> <span class='ocrx_word' id='word_1_13' title='bbox 1216 641 1308 691; x_wconf 87' lang='lat' dir='ltr'><strong>inferre</strong></span> 
     </span>
     <span class='ocr_line' id='line_1_3' title="bbox 183 728 1306 796; baseline 0.006 -19"><span class='ocrx_word' id='word_1_14' title='bbox 183 793 184 796; x_wconf 8' lang='grc' dir='ltr'><strong>Ἴ</strong></span> <span class='ocrx_word' id='word_1_15' title='bbox 240 732 372 781; x_wconf 87' lang='lat' dir='ltr'><strong>voluerat.</strong></span> <span class='ocrx_word' id='word_1_16' title='bbox 416 730 500 791; x_wconf 81' lang='lat' dir='ltr'><strong>Quum</strong></span> <span class='ocrx_word' id='word_1_17' title='bbox 523 731 552 779; x_wconf 86' lang='lat' dir='ltr'><strong>L.</strong></span> <span class='ocrx_word' id='word_1_18' title='bbox 572 729 688 793; x_wconf 81' lang='lat' dir='ltr'><strong>Papirius</strong></span> <span class='ocrx_word' id='word_1_19' title='bbox 715 728 808 778; x_wconf 85' lang='lat' dir='ltr'><strong>Cursor</strong></span> <span class='ocrx_word' id='word_1_20' title='bbox 835 730 944 780; x_wconf 86' lang='lat' dir='ltr'><strong>dictator</strong></span> <span class='ocrx_word' id='word_1_21' title='bbox 969 747 1082 782; x_wconf 82' lang='lat' dir='ltr'><strong>reversus</strong></span> <span class='ocrx_word' id='word_1_22' title='bbox 1106 736 1133 783; x_wconf 92' lang='lat' dir='ltr'><strong>iu</strong></span> <span class='ocrx_word' id='word_1_23' title='bbox 1158 734 1247 783; x_wconf 88' lang='lat' dir='ltr'><strong>urbem</strong></span> <span class='ocrx_word' id='word_1_24' title='bbox 1275 736 1306 784; x_wconf 88' lang='lat' dir='ltr'><strong>ab</strong></span> 
     </span>
     <span class='ocr_line' id='line_1_4' title="bbox 238 821 1306 891; baseline 0.004 -20"><span class='ocrx_word' id='word_1_25' title='bbox 238 824 366 871; x_wconf 87' lang='lat' dir='ltr'><strong>exercitu</strong></span> <span class='ocrx_word' id='word_1_26' title='bbox 385 833 452 872; x_wconf 87' lang='lat' dir='ltr'><strong>esset</strong></span> <span class='ocrx_word' id='word_1_27' title='bbox 468 832 572 887; x_wconf 88' lang='lat' dir='ltr'><strong>propter</strong></span> <span class='ocrx_word' id='word_1_28' title='bbox 590 821 702 884; x_wconf 88' lang='lat' dir='ltr'><strong>auspicia</strong></span> <span class='ocrx_word' id='word_1_29' title='bbox 720 822 864 885; x_wconf 86' lang='lat' dir='ltr'><strong>repetenda,</strong></span> <span class='ocrx_word' id='word_1_30' title='bbox 885 823 916 883; x_wconf 83' lang='lat' dir='ltr'><strong>Q.</strong></span> <span class='ocrx_word' id='word_1_31' title='bbox 930 826 1027 877; x_wconf 83' lang='lat' dir='ltr'><strong>Fabius</strong></span> <span class='ocrx_word' id='word_1_32' title='bbox 1047 827 1166 888; x_wconf 84' lang='lat' dir='ltr'><strong>magister</strong></span> <span class='ocrx_word' id='word_1_33' title='bbox 1185 828 1306 891; x_wconf 89' lang='lat' dir='ltr'><strong>equitum,</strong></span> 
     </span>
     <span class='ocr_line' id='line_1_5' title="bbox 237 914 1306 983; baseline 0.006 -20"><span class='ocrx_word' id='word_1_34' title='bbox 237 917 389 971; x_wconf 79' lang='lat' dir='ltr'><strong>occasione</strong></span> <span class='ocrx_word' id='word_1_35' title='bbox 411 918 475 965; x_wconf 91' lang='lat' dir='ltr'><strong>bene</strong></span> <span class='ocrx_word' id='word_1_36' title='bbox 500 916 617 979; x_wconf 72' lang='lat' dir='ltr'><strong>gerenda</strong></span> <span class='ocrx_word' id='word_1_37' title='bbox 642 914 677 963; x_wconf 90' lang='lat' dir='ltr'><strong>rei</strong></span> <span class='ocrx_word' id='word_1_38' title='bbox 696 916 828 976; x_wconf 86' lang='lat' dir='ltr'><strong>invitatus,</strong></span> <span class='ocrx_word' id='word_1_39' title='bbox 860 926 948 965; x_wconf 81' lang='lat' dir='ltr'><strong>contro</strong></span> <span class='ocrx_word' id='word_1_40' title='bbox 971 920 1080 967; x_wconf 89' lang='lat' dir='ltr'><strong>edictum</strong></span> <span class='ocrx_word' id='word_1_41' title='bbox 1108 920 1162 968; x_wconf 88' lang='lat' dir='ltr'><strong>eius</strong></span> <span class='ocrx_word' id='word_1_42' title='bbox 1187 934 1306 983; x_wconf 82' lang='lat' dir='ltr'><strong>prospere</strong></span> 
     </span>
     <span class='ocr_line' id='line_1_6' title="bbox 238 1007 1307 1073; baseline 0.005 -18"><span class='ocrx_word' id='word_1_43' title='bbox 238 1009 375 1057; x_wconf 81' lang='lat' dir='ltr'><strong>adversus</strong></span> <span class='ocrx_word' id='word_1_44' title='bbox 394 1008 519 1058; x_wconf 76' lang='lat' dir='ltr'><strong>Samnites</strong></span> <span class='ocrx_word' id='word_1_45' title='bbox 536 1008 668 1071; x_wconf 81' lang='lat' dir='ltr'><strong>pugnavit.</strong></span> <span class='ocrx_word' id='word_1_46' title='bbox 713 1007 753 1057; x_wconf 90' lang='lat' dir='ltr'><strong>Ob</strong></span> <span class='ocrx_word' id='word_1_47' title='bbox 779 1023 836 1057; x_wconf 88' lang='lat' dir='ltr'><strong>eam</strong></span> <span class='ocrx_word' id='word_1_48' title='bbox 860 1024 962 1057; x_wconf 86' lang='lat' dir='ltr'><strong>eausam</strong></span> <span class='ocrx_word' id='word_1_49' title='bbox 982 1024 1059 1073; x_wconf 88' lang='lat' dir='ltr'><strong>quum</strong></span> <span class='ocrx_word' id='word_1_50' title='bbox 1079 1012 1186 1059; x_wconf 90' lang='lat' dir='ltr'><strong>dictator</strong></span> <span class='ocrx_word' id='word_1_51' title='bbox 1204 1012 1235 1059; x_wconf 89' lang='lat' dir='ltr'><strong>de</strong></span> <span class='ocrx_word' id='word_1_52' title='bbox 1253 1025 1307 1059; x_wconf 85' lang='lat' dir='ltr'><strong>ma·</strong></span> 
     </span>
     <span class='ocr_line' id='line_1_7' title="bbox 238 1100 1308 1166; baseline 0.002 -15"><span class='ocrx_word' id='word_1_53' title='bbox 238 1102 329 1164; x_wconf 83' lang='lat' dir='ltr'><strong>gistro</strong></span> <span class='ocrx_word' id='word_1_54' title='bbox 349 1101 462 1162; x_wconf 86' lang='lat' dir='ltr'><strong>equitum</strong></span> <span class='ocrx_word' id='word_1_55' title='bbox 482 1100 633 1165; x_wconf 88' lang='lat' dir='ltr'><strong>supplicium</strong></span> <span class='ocrx_word' id='word_1_56' title='bbox 654 1110 798 1163; x_wconf 88' lang='lat' dir='ltr'><strong>sumpturus</strong></span> <span class='ocrx_word' id='word_1_57' title='bbox 815 1102 948 1165; x_wconf 86' lang='lat' dir='ltr'><strong>videretur,</strong></span> <span class='ocrx_word' id='word_1_58' title='bbox 968 1103 1063 1153; x_wconf 79' lang='lat' dir='ltr'><strong>Fabius</strong></span> <span class='ocrx_word' id='word_1_59' title='bbox 1075 1105 1182 1153; x_wconf 82' lang='lat' dir='ltr'><strong>Romam</strong></span> <span class='ocrx_word' id='word_1_60' title='bbox 1195 1103 1308 1166; x_wconf 82' lang='lat' dir='ltr'><strong>profugit</strong></span> 
     </span>
     <span class='ocr_line' id='line_1_8' title="bbox 238 1193 1306 1257; baseline 0.004 -16"><span class='ocrx_word' id='word_1_61' title='bbox 238 1202 279 1252; x_wconf 90' lang='lat' dir='ltr'><strong>et,</strong></span> <span class='ocrx_word' id='word_1_62' title='bbox 309 1209 389 1257; x_wconf 91' lang='lat' dir='ltr'><strong>quum</strong></span> <span class='ocrx_word' id='word_1_63' title='bbox 407 1209 495 1257; x_wconf 90' lang='lat' dir='ltr'><strong>parum</strong></span> <span class='ocrx_word' id='word_1_64' title='bbox 515 1208 592 1242; x_wconf 89' lang='lat' dir='ltr'><strong>eausa</strong></span> <span class='ocrx_word' id='word_1_65' title='bbox 615 1193 761 1256; x_wconf 86' lang='lat' dir='ltr'><strong>proliceret,</strong></span> <span class='ocrx_word' id='word_1_66' title='bbox 789 1193 876 1256; x_wconf 89' lang='lat' dir='ltr'><strong>populi</strong></span> <span class='ocrx_word' id='word_1_67' title='bbox 902 1195 1019 1257; x_wconf 83' lang='lat' dir='ltr'><strong>precibus</strong></span> <span class='ocrx_word' id='word_1_68' title='bbox 1043 1198 1151 1246; x_wconf 89' lang='lat' dir='ltr'><strong>donatus</strong></span> <span class='ocrx_word' id='word_1_69' title='bbox 1171 1205 1216 1245; x_wconf 87' lang='lat' dir='ltr'><strong>est.</strong></span> <span class='ocrx_word' id='word_1_70' title='bbox 1255 1197 1306 1246; x_wconf 87' lang='lat' dir='ltr'><strong>Res</strong></span> 
     </span>
     <span class='ocr_line' id='line_1_9' title="bbox 236 1286 1005 1350; baseline 0.001 -15"><span class='ocrx_word' id='word_1_71' title='bbox 236 1297 375 1350; x_wconf 86' lang='lat' dir='ltr'><strong>praeterea</strong></span> <span class='ocrx_word' id='word_1_72' title='bbox 393 1297 481 1336; x_wconf 88' lang='lat' dir='ltr'><strong>contra</strong></span> <span class='ocrx_word' id='word_1_73' title='bbox 499 1286 626 1336; x_wconf 87' lang='lat' dir='ltr'><strong>Samnites</strong></span> <span class='ocrx_word' id='word_1_74' title='bbox 643 1291 762 1348; x_wconf 82' lang='lat' dir='ltr'><strong>prospere</strong></span> <span class='ocrx_word' id='word_1_75' title='bbox 780 1295 866 1346; x_wconf 87' lang='lat' dir='ltr'><strong>gestas</strong></span> <span class='ocrx_word' id='word_1_76' title='bbox 887 1287 1005 1336; x_wconf 85' lang='lat' dir='ltr'><strong>continet.</strong></span> 
     </span>
    </p>
   </div>
   <div class='ocr_carea' id='block_1_3' title="bbox 680 1446 880 1496">
    <p class='ocr_par' dir='ltr' id='par_1_3' title="bbox 680 1446 880 1496">
     <span class='ocr_line' id='line_1_10' title="bbox 680 1446 880 1496; baseline 0.005 -2"><span class='ocrx_word' id='word_1_77' title='bbox 680 1446 728 1495; x_wconf 83' lang='lat' dir='ltr'><strong>EX</strong></span> <span class='ocrx_word' id='word_1_78' title='bbox 746 1447 814 1495; x_wconf 88' lang='lat' dir='ltr'><strong>LIB.</strong></span> <span class='ocrx_word' id='word_1_79' title='bbox 833 1447 880 1496; x_wconf 91' lang='lat' dir='ltr'><strong>IX.</strong></span> 
     </span>
    </p>
   </div>
   <div class='ocr_carea' id='block_1_4' title="bbox 238 1562 1367 2547">
    <p class='ocr_par' dir='ltr' id='par_1_4' title="bbox 238 1562 1367 2547">
     <span class='ocr_line' id='line_1_11' title="bbox 305 1562 1367 1633; baseline -0.003 -19"><span class='ocrx_word' id='word_1_80' title='bbox 305 1566 352 1633; x_wconf 47' lang='grc' dir='ltr'><strong>ἱΤ.</strong></span> <span class='ocrx_word' id='word_1_81' title='bbox 382 1565 515 1623; x_wconf 87' lang='lat' dir='ltr'><strong>Veturius,</strong></span> <span class='ocrx_word' id='word_1_82' title='bbox 550 1565 592 1627; x_wconf 91' lang='lat' dir='ltr'><strong>Sp.</strong></span> <span class='ocrx_word' id='word_1_83' title='bbox 625 1562 771 1612; x_wconf 89' lang='lat' dir='ltr'><strong>Postumius</strong></span> <span class='ocrx_word' id='word_1_84' title='bbox 807 1578 870 1612; x_wconf 89' lang='lat' dir='ltr'><strong>coss.</strong></span> <span class='ocrx_word' id='word_1_85' title='bbox 902 1565 969 1627; x_wconf 89' lang='lat' dir='ltr'><strong>apud</strong></span> <span class='ocrx_word' id='word_1_86' title='bbox 999 1564 1083 1615; x_wconf 81' lang='lat' dir='ltr'><strong>furcas</strong></span> <span class='ocrx_word' id='word_1_87' title='bbox 1111 1562 1238 1613; x_wconf 87' lang='lat' dir='ltr'><strong>Caudinas</strong></span> <span class='ocrx_word' id='word_1_88' title='bbox 1264 1565 1306 1612; x_wconf 90' lang='lat' dir='ltr'><strong>da·</strong></span> <span class='ocrx_word' id='word_1_89' title='bbox 1364 1595 1367 1603; x_wconf 48' lang='grc' dir='ltr'>ι</span> 
     </span>
     <span class='ocr_line' id='line_1_12' title="bbox 238 1655 1306 1721; baseline -0.004 -14"><span class='ocrx_word' id='word_1_90' title='bbox 238 1662 327 1707; x_wconf 90' lang='lat' dir='ltr'><strong>ducto</strong></span> <span class='ocrx_word' id='word_1_91' title='bbox 348 1659 374 1705; x_wconf 93' lang='lat' dir='ltr'><strong>in</strong></span> <span class='ocrx_word' id='word_1_92' title='bbox 396 1658 479 1706; x_wconf 92' lang='lat' dir='ltr'><strong>locum</strong></span> <span class='ocrx_word' id='word_1_93' title='bbox 493 1665 575 1705; x_wconf 88' lang='lat' dir='ltr'><strong>artum</strong></span> <span class='ocrx_word' id='word_1_94' title='bbox 588 1655 709 1715; x_wconf 86' lang='lat' dir='ltr'><strong>exercitu,</strong></span> <span class='ocrx_word' id='word_1_95' title='bbox 728 1671 804 1719; x_wconf 92' lang='lat' dir='ltr'><strong>quum</strong></span> <span class='ocrx_word' id='word_1_96' title='bbox 823 1672 880 1721; x_wconf 88' lang='lat' dir='ltr'><strong>spes</strong></span> <span class='ocrx_word' id='word_1_97' title='bbox 899 1658 971 1706; x_wconf 90' lang='lat' dir='ltr'><strong>nulla</strong></span> <span class='ocrx_word' id='word_1_98' title='bbox 982 1664 1048 1707; x_wconf 88' lang='lat' dir='ltr'><strong>esset</strong></span> <span class='ocrx_word' id='word_1_99' title='bbox 1060 1657 1191 1717; x_wconf 85' lang='lat' dir='ltr'><strong>evadendi,</strong></span> <span class='ocrx_word' id='word_1_100' title='bbox 1210 1656 1306 1705; x_wconf 82' lang='lat' dir='ltr'><strong>loedere</strong></span> 
     </span>
     <span class='ocr_line' id='line_1_13' title="bbox 239 1748 1305 1813; baseline -0.004 -12"><span class='ocrx_word' id='word_1_101' title='bbox 239 1768 306 1801; x_wconf 88' lang='lat' dir='ltr'><strong>cum</strong></span> <span class='ocrx_word' id='word_1_102' title='bbox 327 1751 485 1801; x_wconf 85' lang='lat' dir='ltr'><strong>Samnitibus</strong></span> <span class='ocrx_word' id='word_1_103' title='bbox 509 1748 577 1797; x_wconf 87' lang='lat' dir='ltr'><strong>facto</strong></span> <span class='ocrx_word' id='word_1_104' title='bbox 596 1756 622 1797; x_wconf 90' lang='lat' dir='ltr'><strong>et</strong></span> <span class='ocrx_word' id='word_1_105' title='bbox 639 1750 766 1798; x_wconf 82' lang='lat' dir='ltr'><strong>sexcentis</strong></span> <span class='ocrx_word' id='word_1_106' title='bbox 790 1752 916 1813; x_wconf 89' lang='lat' dir='ltr'><strong>equitibus</strong></span> <span class='ocrx_word' id='word_1_107' title='bbox 935 1751 1057 1800; x_wconf 88' lang='lat' dir='ltr'><strong>Romanis</strong></span> <span class='ocrx_word' id='word_1_108' title='bbox 1083 1750 1213 1799; x_wconf 88' lang='lat' dir='ltr'><strong>obsidibus</strong></span> <span class='ocrx_word' id='word_1_109' title='bbox 1231 1749 1305 1807; x_wconf 87' lang='lat' dir='ltr'><strong>datis,</strong></span> 
     </span>
     <span class='ocr_line' id='line_1_14' title="bbox 238 1839 1345 1907; baseline -0.005 -13"><span class='ocrx_word' id='word_1_110' title='bbox 238 1848 281 1894; x_wconf 86' lang='lat' dir='ltr'><strong>ita</strong></span> <span class='ocrx_word' id='word_1_111' title='bbox 303 1844 444 1893; x_wconf 84' lang='lat' dir='ltr'><strong>exercitum</strong></span> <span class='ocrx_word' id='word_1_112' title='bbox 463 1842 635 1901; x_wconf 85' lang='lat' dir='ltr'><strong>abduxerunt,</strong></span> <span class='ocrx_word' id='word_1_113' title='bbox 661 1850 690 1888; x_wconf 88' lang='lat' dir='ltr'><strong>ut</strong></span> <span class='ocrx_word' id='word_1_114' title='bbox 709 1856 795 1889; x_wconf 90' lang='lat' dir='ltr'><strong>omnes</strong></span> <span class='ocrx_word' id='word_1_115' title='bbox 813 1842 859 1891; x_wconf 91' lang='lat' dir='ltr'><strong>sub</strong></span> <span class='ocrx_word' id='word_1_116' title='bbox 878 1844 965 1907; x_wconf 83' lang='lat' dir='ltr'><strong>iugum</strong></span> <span class='ocrx_word' id='word_1_117' title='bbox 985 1848 1156 1902; x_wconf 61' lang='lat' dir='ltr'><strong>minorantem</strong></span> <span class='ocrx_word' id='word_1_118' title='bbox 1180 1842 1306 1905; x_wconf 88' lang='lat' dir='ltr'><strong>iidemque</strong></span> <span class='ocrx_word' id='word_1_119' title='bbox 1340 1839 1345 1851; x_wconf 68' lang='lat'>⁸</span> 
     </span>
     <span class='ocr_line' id='line_1_15' title="bbox 238 1933 1305 1999; baseline -0.002 -13"><span class='ocrx_word' id='word_1_120' title='bbox 238 1944 356 1986; x_wconf 87' lang='lat' dir='ltr'><strong>auctore</strong></span> <span class='ocrx_word' id='word_1_121' title='bbox 375 1935 419 1999; x_wconf 87' lang='lat' dir='ltr'><strong>Sp.</strong></span> <span class='ocrx_word' id='word_1_122' title='bbox 438 1934 571 1983; x_wconf 87' lang='lat' dir='ltr'><strong>Postumio</strong></span> <span class='ocrx_word' id='word_1_123' title='bbox 601 1949 666 1991; x_wconf 82' lang='lat' dir='ltr'><strong>cos,</strong></span> <span class='ocrx_word' id='word_1_124' title='bbox 697 1935 739 1995; x_wconf 91' lang='lat' dir='ltr'><strong>qui</strong></span> <span class='ocrx_word' id='word_1_125' title='bbox 774 1935 800 1982; x_wconf 91' lang='lat' dir='ltr'><strong>in</strong></span> <span class='ocrx_word' id='word_1_126' title='bbox 827 1944 917 1983; x_wconf 81' lang='lat' dir='ltr'><strong>senatu</strong></span> <span class='ocrx_word' id='word_1_127' title='bbox 936 1944 1061 1995; x_wconf 74' lang='lat' dir='ltr'><strong>suaserat,</strong></span> <span class='ocrx_word' id='word_1_128' title='bbox 1086 1944 1217 1984; x_wconf 90' lang='lat' dir='ltr'><strong>uteorum</strong></span> <span class='ocrx_word' id='word_1_129' title='bbox 1237 1933 1305 1984; x_wconf 80' lang='lat' dir='ltr'><strong>dabi-</strong></span> 
     </span>
     <span class='ocr_line' id='line_1_16' title="bbox 238 2025 1305 2092; baseline -0.004 -12"><span class='ocrx_word' id='word_1_130' title='bbox 238 2032 336 2092; x_wconf 90' lang='lat' dir='ltr'><strong>tione,</strong></span> <span class='ocrx_word' id='word_1_131' title='bbox 365 2042 471 2089; x_wconf 88' lang='lat' dir='ltr'><strong>quorum</strong></span> <span class='ocrx_word' id='word_1_132' title='bbox 501 2025 576 2089; x_wconf 89' lang='lat' dir='ltr'><strong>culpa</strong></span> <span class='ocrx_word' id='word_1_133' title='bbox 600 2033 653 2073; x_wconf 90' lang='lat' dir='ltr'><strong>tam</strong></span> <span class='ocrx_word' id='word_1_134' title='bbox 675 2026 789 2075; x_wconf 81' lang='lat' dir='ltr'><strong>deforme</strong></span> <span class='ocrx_word' id='word_1_135' title='bbox 816 2026 900 2077; x_wconf 80' lang='lat' dir='ltr'><strong>toedus</strong></span> <span class='ocrx_word' id='word_1_136' title='bbox 922 2028 1000 2077; x_wconf 87' lang='lat' dir='ltr'><strong>ictum</strong></span> <span class='ocrx_word' id='word_1_137' title='bbox 1026 2036 1087 2088; x_wconf 88' lang='lat' dir='ltr'><strong>erat,</strong></span> <span class='ocrx_word' id='word_1_138' title='bbox 1115 2028 1217 2092; x_wconf 89' lang='lat' dir='ltr'><strong>publica</strong></span> <span class='ocrx_word' id='word_1_139' title='bbox 1243 2028 1305 2077; x_wconf 89' lang='lat' dir='ltr'><strong>fides</strong></span> 
     </span>
     <span class='ocr_line' id='line_1_17' title="bbox 238 2118 1306 2185; baseline 0 -13"><span class='ocrx_word' id='word_1_140' title='bbox 238 2125 415 2179; x_wconf 87' lang='lat' dir='ltr'><strong>liberaretur,</strong></span> <span class='ocrx_word' id='word_1_141' title='bbox 443 2134 499 2167; x_wconf 91' lang='lat' dir='ltr'><strong>cum</strong></span> <span class='ocrx_word' id='word_1_142' title='bbox 518 2119 618 2167; x_wconf 86' lang='lat' dir='ltr'><strong>duobus</strong></span> <span class='ocrx_word' id='word_1_143' title='bbox 643 2118 750 2166; x_wconf 89' lang='lat' dir='ltr'><strong>tribunis</strong></span> <span class='ocrx_word' id='word_1_144' title='bbox 768 2119 851 2182; x_wconf 89' lang='lat' dir='ltr'><strong>plebis</strong></span> <span class='ocrx_word' id='word_1_145' title='bbox 869 2127 895 2167; x_wconf 91' lang='lat' dir='ltr'><strong>et</strong></span> <span class='ocrx_word' id='word_1_146' title='bbox 914 2121 1044 2182; x_wconf 88' lang='lat' dir='ltr'><strong>omuibus,</strong></span> <span class='ocrx_word' id='word_1_147' title='bbox 1076 2121 1118 2185; x_wconf 91' lang='lat' dir='ltr'><strong>qui</strong></span> <span class='ocrx_word' id='word_1_148' title='bbox 1145 2121 1227 2171; x_wconf 87' lang='lat' dir='ltr'><strong>loedua</strong></span> <span class='ocrx_word' id='word_1_149' title='bbox 1248 2137 1306 2185; x_wconf 86' lang='lat' dir='ltr'><strong>spo·</strong></span> 
     </span>
     <span class='ocr_line' id='line_1_18' title="bbox 238 2210 1306 2282; baseline -0.001 -18"><span class='ocrx_word' id='word_1_150' title='bbox 238 2217 407 2282; x_wconf 87' lang='lat' dir='ltr'><strong>ponderant,</strong></span> <span class='ocrx_word' id='word_1_151' title='bbox 433 2211 511 2260; x_wconf 87' lang='lat' dir='ltr'><strong>dediti</strong></span> <span class='ocrx_word' id='word_1_152' title='bbox 533 2210 689 2260; x_wconf 89' lang='lat' dir='ltr'><strong>Samnitibus</strong></span> <span class='ocrx_word' id='word_1_153' title='bbox 707 2226 758 2259; x_wconf 91' lang='lat' dir='ltr'><strong>non</strong></span> <span class='ocrx_word' id='word_1_154' title='bbox 776 2220 835 2260; x_wconf 89' lang='lat' dir='ltr'><strong>sunt</strong></span> <span class='ocrx_word' id='word_1_155' title='bbox 853 2215 956 2276; x_wconf 80' lang='lat' dir='ltr'><strong>recepti.</strong></span> <span class='ocrx_word' id='word_1_156' title='bbox 992 2214 1047 2263; x_wconf 87' lang='lat' dir='ltr'><strong>Nec</strong></span> <span class='ocrx_word' id='word_1_157' title='bbox 1069 2213 1149 2263; x_wconf 88' lang='lat' dir='ltr'><strong>multo</strong></span> <span class='ocrx_word' id='word_1_158' title='bbox 1168 2223 1225 2277; x_wconf 89' lang='lat' dir='ltr'><strong>post</strong></span> <span class='ocrx_word' id='word_1_159' title='bbox 1244 2212 1306 2263; x_wconf 81' lang='lat' dir='ltr'><strong>lusis</strong></span> 
     </span>
     <span class='ocr_line' id='line_1_19' title="bbox 240 2297 1306 2371; baseline -0.001 -15"><span class='ocrx_word' id='word_1_160' title='bbox 240 2326 258 2359; x_wconf 86' lang='lat' dir='ltr'><strong>a</strong></span> <span class='ocrx_word' id='word_1_161' title='bbox 273 2307 384 2371; x_wconf 90' lang='lat' dir='ltr'><strong>Papirio</strong></span> <span class='ocrx_word' id='word_1_162' title='bbox 397 2304 507 2355; x_wconf 85' lang='lat' dir='ltr'><strong>Cursore</strong></span> <span class='ocrx_word' id='word_1_163' title='bbox 518 2300 674 2351; x_wconf 88' lang='lat' dir='ltr'><strong>Samuitibus</strong></span> <span class='ocrx_word' id='word_1_164' title='bbox 690 2312 715 2351; x_wconf 89' lang='lat' dir='ltr'><strong>et</strong></span> <span class='ocrx_word' id='word_1_165' title='bbox 733 2302 780 2351; x_wconf 90' lang='lat' dir='ltr'><strong>sub</strong></span> <span class='ocrx_word' id='word_1_166' title='bbox 799 2304 886 2366; x_wconf 81' lang='lat' dir='ltr'><strong>iugum</strong></span> <span class='ocrx_word' id='word_1_167' title='bbox 904 2306 985 2355; x_wconf 88' lang='lat' dir='ltr'><strong>missis</strong></span> <span class='ocrx_word' id='word_1_168' title='bbox 1004 2308 1162 2371; x_wconf 82' lang='lat' dir='ltr'><strong>receptisque</strong></span> <span class='ocrx_word' id='word_1_169' title='bbox 1180 2297 1306 2356; x_wconf 85' lang='lat' dir='ltr'><strong>sexcentis</strong></span> 
     </span>
     <span class='ocr_line' id='line_1_20' title="bbox 239 2394 1306 2465; baseline -0.001 -16"><span class='ocrx_word' id='word_1_170' title='bbox 239 2400 378 2465; x_wconf 84' lang='lat' dir='ltr'><strong>equitibus</strong></span> <span class='ocrx_word' id='word_1_171' title='bbox 387 2396 519 2455; x_wconf 87' lang='lat' dir='ltr'><strong>Romanis,</strong></span> <span class='ocrx_word' id='word_1_172' title='bbox 538 2396 580 2458; x_wconf 92' lang='lat' dir='ltr'><strong>qui</strong></span> <span class='ocrx_word' id='word_1_173' title='bbox 595 2394 695 2445; x_wconf 89' lang='lat' dir='ltr'><strong>obsides</strong></span> <span class='ocrx_word' id='word_1_174' title='bbox 714 2397 765 2445; x_wconf 90' lang='lat' dir='ltr'><strong>dati</strong></span> <span class='ocrx_word' id='word_1_175' title='bbox 786 2406 866 2460; x_wconf 87' lang='lat' dir='ltr'><strong>eraut,</strong></span> <span class='ocrx_word' id='word_1_176' title='bbox 884 2398 966 2461; x_wconf 88' lang='lat' dir='ltr'><strong>pudor</strong></span> <span class='ocrx_word' id='word_1_177' title='bbox 983 2397 1073 2460; x_wconf 82' lang='lat' dir='ltr'><strong>flagitii</strong></span> <span class='ocrx_word' id='word_1_178' title='bbox 1091 2400 1180 2463; x_wconf 89' lang='lat' dir='ltr'><strong>prioris</strong></span> <span class='ocrx_word' id='word_1_179' title='bbox 1198 2399 1306 2448; x_wconf 85' lang='lat' dir='ltr'><strong>abolitus</strong></span> 
     </span>
     <span class='ocr_line' id='line_1_21' title="bbox 238 2488 1306 2547; baseline -0.005 -3"><span class='ocrx_word' id='word_1_180' title='bbox 238 2503 296 2544; x_wconf 87' lang='lat' dir='ltr'><strong>est.</strong></span> <span class='ocrx_word' id='word_1_181' title='bbox 338 2492 432 2541; x_wconf 85' lang='lat' dir='ltr'><strong>Tribus</strong></span> <span class='ocrx_word' id='word_1_182' title='bbox 451 2490 506 2537; x_wconf 81' lang='lat' dir='ltr'><strong>duae</strong></span> <span class='ocrx_word' id='word_1_183' title='bbox 528 2490 632 2536; x_wconf 77' lang='lat' dir='ltr'><strong>adiectae</strong></span> <span class='ocrx_word' id='word_1_184' title='bbox 651 2496 717 2547; x_wconf 89' lang='lat' dir='ltr'><strong>sunt,</strong></span> <span class='ocrx_word' id='word_1_185' title='bbox 737 2488 856 2539; x_wconf 86' lang='lat' dir='ltr'><strong>Olentina</strong></span> <span class='ocrx_word' id='word_1_186' title='bbox 875 2490 1026 2539; x_wconf 82' lang='lat' dir='ltr'><strong>etFolerna.</strong></span> <span class='ocrx_word' id='word_1_187' title='bbox 1064 2492 1156 2542; x_wconf 80' lang='lat' dir='ltr'><strong>Suessa</strong></span> <span class='ocrx_word' id='word_1_188' title='bbox 1172 2501 1197 2540; x_wconf 89' lang='lat' dir='ltr'><strong>et</strong></span> <span class='ocrx_word' id='word_1_189' title='bbox 1206 2492 1306 2540; x_wconf 89' lang='lat' dir='ltr'><strong>Pontiae</strong></span> 
     </span>
    </p>
   </div>
   <div class='ocr_carea' id='block_1_5' title="bbox 239 2580 1397 2648">
    <p class='ocr_par' dir='ltr' id='par_1_5' title="bbox 239 2580 1397 2648">
     <span class='ocr_line' id='line_1_22' title="bbox 239 2580 1397 2648; baseline -0.003 -12"><span class='ocrx_word' id='word_1_190' title='bbox 239 2586 358 2636; x_wconf 70' lang='lat' dir='ltr'><strong>colonias</strong></span> <span class='ocrx_word' id='word_1_191' title='bbox 383 2584 496 2632; x_wconf 74' lang='lat' dir='ltr'><strong>deductas</strong></span> <span class='ocrx_word' id='word_1_192' title='bbox 520 2589 585 2631; x_wconf 89' lang='lat' dir='ltr'><strong>suut.</strong></span> <span class='ocrx_word' id='word_1_193' title='bbox 637 2583 706 2645; x_wconf 83' lang='lat' dir='ltr'><strong>App.</strong></span> <span class='ocrx_word' id='word_1_194' title='bbox 730 2580 854 2637; x_wconf 81' lang='lat' dir='ltr'><strong>Claudius</strong></span> <span class='ocrx_word' id='word_1_195' title='bbox 876 2597 966 2632; x_wconf 90' lang='lat' dir='ltr'><strong>censor</strong></span> <span class='ocrx_word' id='word_1_196' title='bbox 984 2598 1075 2647; x_wconf 87' lang='lat' dir='ltr'><strong>aquam</strong></span> <span class='ocrx_word' id='word_1_197' title='bbox 1096 2583 1230 2634; x_wconf 84' lang='lat' dir='ltr'><strong>Claudiam</strong></span> <span class='ocrx_word' id='word_1_198' title='bbox 1248 2599 1306 2648; x_wconf 89' lang='lat' dir='ltr'><strong>per·</strong></span> <span class='ocrx_word' id='word_1_199' title='bbox 1394 2592 1397 2603; x_wconf 66' lang='lat'><em>¹</em></span> 
     </span>
    </p>
   </div>
   <div class='ocr_carea' id='block_1_6' title="bbox 238 2675 1307 3943">
    <p class='ocr_par' dir='ltr' id='par_1_6' title="bbox 238 2675 1307 3943">
     <span class='ocr_line' id='line_1_23' title="bbox 239 2675 1307 2739; baseline -0.003 -12"><span class='ocrx_word' id='word_1_200' title='bbox 239 2678 336 2737; x_wconf 81' lang='lat' dir='ltr'><strong>duxit3</strong></span> <span class='ocrx_word' id='word_1_201' title='bbox 370 2678 438 2725; x_wconf 82' lang='lat' dir='ltr'><strong>siam</strong></span> <span class='ocrx_word' id='word_1_202' title='bbox 465 2675 564 2736; x_wconf 86' lang='lat' dir='ltr'><strong>stravit,</strong></span> <span class='ocrx_word' id='word_1_203' title='bbox 594 2688 649 2737; x_wconf 84' lang='lat' dir='ltr'><strong>quae</strong></span> <span class='ocrx_word' id='word_1_204' title='bbox 676 2675 760 2739; x_wconf 84' lang='lat' dir='ltr'><strong>Appia</strong></span> <span class='ocrx_word' id='word_1_205' title='bbox 782 2683 874 2723; x_wconf 81' lang='lat' dir='ltr'><strong>vocata</strong></span> <span class='ocrx_word' id='word_1_206' title='bbox 901 2683 951 2735; x_wconf 89' lang='lat' dir='ltr'><strong>est;</strong></span> <span class='ocrx_word' id='word_1_207' title='bbox 984 2676 1159 2725; x_wconf 88' lang='lat' dir='ltr'><strong>libertinorum</strong></span> <span class='ocrx_word' id='word_1_208' title='bbox 1187 2676 1253 2725; x_wconf 90' lang='lat' dir='ltr'><strong>filios</strong></span> <span class='ocrx_word' id='word_1_209' title='bbox 1279 2677 1307 2724; x_wconf 91' lang='lat' dir='ltr'><strong>in</strong></span> 
     </span>
     <span class='ocr_line' id='line_1_24' title="bbox 239 2767 1305 2832; baseline -0.005 -10"><span class='ocrx_word' id='word_1_210' title='bbox 239 2780 364 2822; x_wconf 87' lang='lat' dir='ltr'><strong>senatum</strong></span> <span class='ocrx_word' id='word_1_211' title='bbox 384 2770 461 2832; x_wconf 77' lang='lat' dir='ltr'><strong>legit3</strong></span> <span class='ocrx_word' id='word_1_212' title='bbox 479 2768 596 2830; x_wconf 84' lang='lat' dir='ltr'><strong>ideoque,</strong></span> <span class='ocrx_word' id='word_1_213' title='bbox 615 2768 735 2829; x_wconf 89' lang='lat' dir='ltr'><strong>quoniam</strong></span> <span class='ocrx_word' id='word_1_214' title='bbox 754 2767 776 2815; x_wconf 93' lang='lat' dir='ltr'><strong>is</strong></span> <span class='ocrx_word' id='word_1_215' title='bbox 789 2768 851 2815; x_wconf 81' lang='lat' dir='ltr'><strong>ordo</strong></span> <span class='ocrx_word' id='word_1_216' title='bbox 869 2768 980 2829; x_wconf 78' lang='lat' dir='ltr'><strong>indignis</strong></span> <span class='ocrx_word' id='word_1_217' title='bbox 998 2768 1144 2831; x_wconf 88' lang='lat' dir='ltr'><strong>inquinatus</strong></span> <span class='ocrx_word' id='word_1_218' title='bbox 1164 2769 1305 2827; x_wconf 85' lang='lat' dir='ltr'><strong>videbatur,</strong></span> 
     </span>
     <span class='ocr_line' id='line_1_25' title="bbox 240 2860 1306 2927; baseline -0.006 -12"><span class='ocrx_word' id='word_1_219' title='bbox 240 2864 379 2927; x_wconf 89' lang='lat' dir='ltr'><strong>sequentis</strong></span> <span class='ocrx_word' id='word_1_220' title='bbox 402 2862 460 2910; x_wconf 91' lang='lat' dir='ltr'><strong>anni</strong></span> <span class='ocrx_word' id='word_1_221' title='bbox 487 2860 604 2909; x_wconf 88' lang='lat' dir='ltr'><strong>consules</strong></span> <span class='ocrx_word' id='word_1_222' title='bbox 627 2867 741 2909; x_wconf 89' lang='lat' dir='ltr'><strong>senatum</strong></span> <span class='ocrx_word' id='word_1_223' title='bbox 768 2860 979 2921; x_wconf 81' lang='lat' dir='ltr'><strong>observaverunt,</strong></span> <span class='ocrx_word' id='word_1_224' title='bbox 1007 2863 1220 2924; x_wconf 76' lang='lat' dir='ltr'><strong>quemadmodum</strong></span> <span class='ocrx_word' id='word_1_225' title='bbox 1246 2869 1306 2910; x_wconf 89' lang='lat' dir='ltr'><strong>ante</strong></span> 
     </span>
     <span class='ocr_line' id='line_1_26' title="bbox 239 2952 1306 3022; baseline -0.003 -17"><span class='ocrx_word' id='word_1_226' title='bbox 239 2957 381 3022; x_wconf 83' lang='lat' dir='ltr'><strong>proximos</strong></span> <span class='ocrx_word' id='word_1_227' title='bbox 403 2967 521 3002; x_wconf 88' lang='lat' dir='ltr'><strong>censores</strong></span> <span class='ocrx_word' id='word_1_228' title='bbox 544 2952 634 3004; x_wconf 84' lang='lat' dir='ltr'><strong>luerat.</strong></span> <span class='ocrx_word' id='word_1_229' title='bbox 670 2953 721 3002; x_wconf 87' lang='lat' dir='ltr'><strong>Res</strong></span> <span class='ocrx_word' id='word_1_230' title='bbox 738 2961 860 3017; x_wconf 82' lang='lat' dir='ltr'><strong>praeterea</strong></span> <span class='ocrx_word' id='word_1_231' title='bbox 879 2962 967 3002; x_wconf 89' lang='lat' dir='ltr'><strong>contra</strong></span> <span class='ocrx_word' id='word_1_232' title='bbox 987 2956 1085 3018; x_wconf 87' lang='lat' dir='ltr'><strong>Apulos</strong></span> <span class='ocrx_word' id='word_1_233' title='bbox 1101 2964 1123 3003; x_wconf 86' lang='lat' dir='ltr'><strong>at</strong></span> <span class='ocrx_word' id='word_1_234' title='bbox 1139 2956 1262 3003; x_wconf 79' lang='lat' dir='ltr'><strong>Etruscos</strong></span> <span class='ocrx_word' id='word_1_235' title='bbox 1281 2962 1306 3002; x_wconf 87' lang='lat' dir='ltr'><strong>et</strong></span> 
     </span>
     <span class='ocr_line' id='line_1_27' title="bbox 239 3044 1305 3108; baseline -0.006 -10"><span class='ocrx_word' id='word_1_236' title='bbox 239 3049 360 3099; x_wconf 88' lang='lat' dir='ltr'><strong>Umbros</strong></span> <span class='ocrx_word' id='word_1_237' title='bbox 384 3054 408 3096; x_wconf 88' lang='lat' dir='ltr'><strong>ct</strong></span> <span class='ocrx_word' id='word_1_238' title='bbox 425 3048 527 3095; x_wconf 90' lang='lat' dir='ltr'><strong>Marsos</strong></span> <span class='ocrx_word' id='word_1_239' title='bbox 552 3053 577 3094; x_wconf 89' lang='lat' dir='ltr'><strong>et</strong></span> <span class='ocrx_word' id='word_1_240' title='bbox 593 3045 714 3104; x_wconf 85' lang='lat' dir='ltr'><strong>Pelignos</strong></span> <span class='ocrx_word' id='word_1_241' title='bbox 739 3053 765 3093; x_wconf 88' lang='lat' dir='ltr'><strong>et</strong></span> <span class='ocrx_word' id='word_1_242' title='bbox 781 3045 880 3107; x_wconf 82' lang='lat' dir='ltr'><strong>AEquos</strong></span> <span class='ocrx_word' id='word_1_243' title='bbox 899 3055 924 3094; x_wconf 89' lang='lat' dir='ltr'><strong>et</strong></span> <span class='ocrx_word' id='word_1_244' title='bbox 944 3048 1084 3105; x_wconf 82' lang='lat' dir='ltr'><strong>Samnites,</strong></span> <span class='ocrx_word' id='word_1_245' title='bbox 1113 3046 1204 3108; x_wconf 89' lang='lat' dir='ltr'><strong>quibus</strong></span> <span class='ocrx_word' id='word_1_246' title='bbox 1224 3044 1305 3093; x_wconf 89' lang='lat' dir='ltr'><strong>loedus</strong></span> 
     </span>
     <span class='ocr_line' id='line_1_28' title="bbox 238 3135 1306 3202; baseline -0.007 -11"><span class='ocrx_word' id='word_1_247' title='bbox 238 3142 393 3192; x_wconf 85' lang='lat' dir='ltr'><strong>restitutum</strong></span> <span class='ocrx_word' id='word_1_248' title='bbox 413 3148 461 3197; x_wconf 87' lang='lat' dir='ltr'><strong>est,</strong></span> <span class='ocrx_word' id='word_1_249' title='bbox 487 3153 606 3202; x_wconf 88' lang='lat' dir='ltr'><strong>prospere</strong></span> <span class='ocrx_word' id='word_1_250' title='bbox 624 3146 709 3199; x_wconf 85' lang='lat' dir='ltr'><strong>gestas</strong></span> <span class='ocrx_word' id='word_1_251' title='bbox 728 3139 846 3187; x_wconf 90' lang='lat' dir='ltr'><strong>continet.</strong></span> <span class='ocrx_word' id='word_1_252' title='bbox 884 3135 930 3186; x_wconf 85' lang='lat' dir='ltr'><strong>Cn.</strong></span> <span class='ocrx_word' id='word_1_253' title='bbox 951 3139 1053 3187; x_wconf 83' lang='lat' dir='ltr'><strong>Flavius</strong></span> <span class='ocrx_word' id='word_1_254' title='bbox 1072 3139 1161 3196; x_wconf 86' lang='lat' dir='ltr'><strong>scriba,</strong></span> <span class='ocrx_word' id='word_1_255' title='bbox 1188 3137 1306 3185; x_wconf 88' lang='lat' dir='ltr'><strong>libertino</strong></span> 
     </span>
     <span class='ocr_line' id='line_1_29' title="bbox 240 3228 1305 3299; baseline -0.005 -17"><span class='ocrx_word' id='word_1_256' title='bbox 240 3241 428 3299; x_wconf 81' lang='lat' dir='ltr'><strong>patronatus,</strong></span> <span class='ocrx_word' id='word_1_257' title='bbox 455 3232 535 3280; x_wconf 81' lang='lat' dir='ltr'><strong>aedilis</strong></span> <span class='ocrx_word' id='word_1_258' title='bbox 554 3230 647 3278; x_wconf 88' lang='lat' dir='ltr'><strong>curulis</strong></span> <span class='ocrx_word' id='word_1_259' title='bbox 666 3229 726 3288; x_wconf 84' lang='lat' dir='ltr'><strong>tuit,</strong></span> <span class='ocrx_word' id='word_1_260' title='bbox 752 3244 798 3293; x_wconf 91' lang='lat' dir='ltr'><strong>per</strong></span> <span class='ocrx_word' id='word_1_261' title='bbox 816 3228 941 3279; x_wconf 89' lang='lat' dir='ltr'><strong>sorensem</strong></span> <span class='ocrx_word' id='word_1_262' title='bbox 960 3231 1098 3279; x_wconf 82' lang='lat' dir='ltr'><strong>lectionem</strong></span> <span class='ocrx_word' id='word_1_263' title='bbox 1118 3238 1225 3289; x_wconf 89' lang='lat' dir='ltr'><strong>creatus,</strong></span> <span class='ocrx_word' id='word_1_264' title='bbox 1250 3244 1305 3295; x_wconf 80' lang='lat' dir='ltr'><strong>quus</strong></span> 
     </span>
     <span class='ocr_line' id='line_1_30' title="bbox 242 3307 1306 3391; baseline -0.003 -16"><span class='ocrx_word' id='word_1_265' title='bbox 242 3343 327 3391; x_wconf 88' lang='lat' dir='ltr'><strong>quum</strong></span> <span class='ocrx_word' id='word_1_266' title='bbox 346 3326 451 3373; x_wconf 88' lang='lat' dir='ltr'><strong>comitia</strong></span> <span class='ocrx_word' id='word_1_267' title='bbox 468 3307 493 3372; x_wconf 76' lang='lat' dir='ltr'><strong>et</strong></span> <span class='ocrx_word' id='word_1_268' title='bbox 511 3338 627 3386; x_wconf 88' lang='lat' dir='ltr'><strong>campum</strong></span> <span class='ocrx_word' id='word_1_269' title='bbox 646 3323 759 3370; x_wconf 91' lang='lat' dir='ltr'><strong>turbaret</strong></span> <span class='ocrx_word' id='word_1_270' title='bbox 784 3330 809 3370; x_wconf 92' lang='lat' dir='ltr'><strong>et</strong></span> <span class='ocrx_word' id='word_1_271' title='bbox 827 3322 853 3369; x_wconf 91' lang='lat' dir='ltr'><strong>in</strong></span> <span class='ocrx_word' id='word_1_272' title='bbox 871 3322 911 3371; x_wconf 87' lang='lat' dir='ltr'><strong>his</strong></span> <span class='ocrx_word' id='word_1_273' title='bbox 931 3332 1032 3386; x_wconf 89' lang='lat' dir='ltr'><strong>propter</strong></span> <span class='ocrx_word' id='word_1_274' title='bbox 1055 3324 1146 3371; x_wconf 88' lang='lat' dir='ltr'><strong>nimias</strong></span> <span class='ocrx_word' id='word_1_275' title='bbox 1169 3324 1235 3372; x_wconf 87' lang='lat' dir='ltr'><strong>vires</strong></span> <span class='ocrx_word' id='word_1_276' title='bbox 1260 3324 1306 3372; x_wconf 92' lang='lat' dir='ltr'><strong>do·</strong></span> 
     </span>
     <span class='ocr_line' id='line_1_31' title="bbox 242 3415 1305 3479; baseline -0.003 -12"><span class='ocrx_word' id='word_1_277' title='bbox 242 3420 403 3475; x_wconf 86' lang='lat' dir='ltr'><strong>minaretur,</strong></span> <span class='ocrx_word' id='word_1_278' title='bbox 431 3433 447 3465; x_wconf 89' lang='lat' dir='ltr'><strong>a</strong></span> <span class='ocrx_word' id='word_1_279' title='bbox 467 3415 497 3476; x_wconf 80' lang='lat' dir='ltr'><strong>Q.</strong></span> <span class='ocrx_word' id='word_1_280' title='bbox 514 3417 597 3466; x_wconf 78' lang='lat' dir='ltr'><strong>Fabio</strong></span> <span class='ocrx_word' id='word_1_281' title='bbox 622 3429 725 3463; x_wconf 87' lang='lat' dir='ltr'><strong>censore</strong></span> <span class='ocrx_word' id='word_1_282' title='bbox 749 3415 775 3462; x_wconf 92' lang='lat' dir='ltr'><strong>iu</strong></span> <span class='ocrx_word' id='word_1_283' title='bbox 799 3416 919 3477; x_wconf 83' lang='lat' dir='ltr'><strong>quattuor</strong></span> <span class='ocrx_word' id='word_1_284' title='bbox 942 3416 1020 3465; x_wconf 87' lang='lat' dir='ltr'><strong>tribus</strong></span> <span class='ocrx_word' id='word_1_285' title='bbox 1038 3416 1142 3464; x_wconf 85' lang='lat' dir='ltr'><strong>redacta</strong></span> <span class='ocrx_word' id='word_1_286' title='bbox 1161 3424 1213 3477; x_wconf 87' lang='lat' dir='ltr'><strong>est,</strong></span> <span class='ocrx_word' id='word_1_287' title='bbox 1243 3430 1305 3479; x_wconf 86' lang='lat' dir='ltr'><strong>quas</strong></span> 
     </span>
     <span class='ocr_line' id='line_1_32' title="bbox 241 3508 1305 3573; baseline -0.005 -11"><span class='ocrx_word' id='word_1_288' title='bbox 241 3513 360 3562; x_wconf 89' lang='lat' dir='ltr'><strong>urbanas</strong></span> <span class='ocrx_word' id='word_1_289' title='bbox 379 3510 521 3573; x_wconf 89' lang='lat' dir='ltr'><strong>appellavit.</strong></span> <span class='ocrx_word' id='word_1_290' title='bbox 557 3510 646 3572; x_wconf 83' lang='lat' dir='ltr'><strong>anue</strong></span> <span class='ocrx_word' id='word_1_291' title='bbox 672 3521 712 3557; x_wconf 90' lang='lat' dir='ltr'><strong>res</strong></span> <span class='ocrx_word' id='word_1_292' title='bbox 729 3508 812 3556; x_wconf 77' lang='lat' dir='ltr'><strong>Fabio</strong></span> <span class='ocrx_word' id='word_1_293' title='bbox 830 3508 946 3556; x_wconf 83' lang='lat' dir='ltr'><strong>Maximo</strong></span> <span class='ocrx_word' id='word_1_294' title='bbox 972 3522 1065 3557; x_wconf 89' lang='lat' dir='ltr'><strong>nomen</strong></span> <span class='ocrx_word' id='word_1_295' title='bbox 1092 3508 1169 3557; x_wconf 86' lang='lat' dir='ltr'><strong>dedit.</strong></span> <span class='ocrx_word' id='word_1_296' title='bbox 1206 3508 1236 3556; x_wconf 93' lang='lat' dir='ltr'><strong>ln</strong></span> <span class='ocrx_word' id='word_1_297' title='bbox 1255 3509 1305 3557; x_wconf 92' lang='lat' dir='ltr'><strong>hoc</strong></span> 
     </span>
     <span class='ocr_line' id='line_1_33' title="bbox 241 3594 1304 3664; baseline -0.005 -10"><span class='ocrx_word' id='word_1_298' title='bbox 241 3606 314 3655; x_wconf 86' lang='lat' dir='ltr'><strong>libro</strong></span> <span class='ocrx_word' id='word_1_299' title='bbox 333 3604 488 3651; x_wconf 88' lang='lat' dir='ltr'><strong>mentionem</strong></span> <span class='ocrx_word' id='word_1_300' title='bbox 505 3601 584 3649; x_wconf 88' lang='lat' dir='ltr'><strong>habet</strong></span> <span class='ocrx_word' id='word_1_301' title='bbox 594 3594 745 3663; x_wconf 77' lang='lat' dir='ltr'><strong>Alexandri,</strong></span> <span class='ocrx_word' id='word_1_302' title='bbox 764 3600 807 3662; x_wconf 94' lang='lat' dir='ltr'><strong>qui</strong></span> <span class='ocrx_word' id='word_1_303' title='bbox 826 3600 982 3664; x_wconf 88' lang='lat' dir='ltr'><strong>temporibus</strong></span> <span class='ocrx_word' id='word_1_304' title='bbox 999 3600 1038 3650; x_wconf 89' lang='lat' dir='ltr'><strong>his</strong></span> <span class='ocrx_word' id='word_1_305' title='bbox 1056 3599 1111 3659; x_wconf 80' lang='lat' dir='ltr'><strong>luit,</strong></span> <span class='ocrx_word' id='word_1_306' title='bbox 1131 3608 1156 3649; x_wconf 90' lang='lat' dir='ltr'><strong>et</strong></span> <span class='ocrx_word' id='word_1_307' title='bbox 1174 3601 1304 3649; x_wconf 82' lang='lat' dir='ltr'><strong>aestimatis</strong></span> 
     </span>
     <span class='ocr_line' id='line_1_34' title="bbox 241 3692 1302 3760; baseline -0.004 -15"><span class='ocrx_word' id='word_1_308' title='bbox 241 3694 335 3760; x_wconf 91' lang='lat' dir='ltr'><strong>populi</strong></span> <span class='ocrx_word' id='word_1_309' title='bbox 344 3696 452 3744; x_wconf 88' lang='lat' dir='ltr'><strong>Romani</strong></span> <span class='ocrx_word' id='word_1_310' title='bbox 464 3695 567 3756; x_wconf 87' lang='lat' dir='ltr'><strong>viribus,</strong></span> <span class='ocrx_word' id='word_1_311' title='bbox 589 3706 644 3756; x_wconf 80' lang='lat' dir='ltr'><strong>quse</strong></span> <span class='ocrx_word' id='word_1_312' title='bbox 663 3701 722 3740; x_wconf 92' lang='lat' dir='ltr'><strong>tuuc</strong></span> <span class='ocrx_word' id='word_1_313' title='bbox 741 3701 821 3749; x_wconf 86' lang='lat' dir='ltr'><strong>eraut,</strong></span> <span class='ocrx_word' id='word_1_314' title='bbox 841 3692 946 3755; x_wconf 83' lang='lat' dir='ltr'><strong>colligit,</strong></span> <span class='ocrx_word' id='word_1_315' title='bbox 965 3693 986 3741; x_wconf 91' lang='lat' dir='ltr'><strong>si</strong></span> <span class='ocrx_word' id='word_1_316' title='bbox 1004 3692 1151 3741; x_wconf 78' lang='lat' dir='ltr'><strong>Alexander</strong></span> <span class='ocrx_word' id='word_1_317' title='bbox 1164 3696 1189 3741; x_wconf 91' lang='lat' dir='ltr'><strong>in</strong></span> <span class='ocrx_word' id='word_1_318' title='bbox 1203 3692 1302 3743; x_wconf 88' lang='lat' dir='ltr'><strong>Italiam</strong></span> 
     </span>
     <span class='ocr_line' id='line_1_35' title="bbox 241 3785 1304 3849; baseline -0.003 -12"><span class='ocrx_word' id='word_1_319' title='bbox 241 3788 399 3847; x_wconf 87' lang='lat' dir='ltr'><strong>traiecisset,</strong></span> <span class='ocrx_word' id='word_1_320' title='bbox 416 3801 469 3835; x_wconf 90' lang='lat' dir='ltr'><strong>non</strong></span> <span class='ocrx_word' id='word_1_321' title='bbox 487 3794 539 3836; x_wconf 85' lang='lat' dir='ltr'><strong>tam</strong></span> <span class='ocrx_word' id='word_1_322' title='bbox 557 3786 657 3835; x_wconf 87' lang='lat' dir='ltr'><strong>facilem</strong></span> <span class='ocrx_word' id='word_1_323' title='bbox 676 3786 699 3833; x_wconf 90' lang='lat' dir='ltr'><strong>ei</strong></span> <span class='ocrx_word' id='word_1_324' title='bbox 718 3785 849 3833; x_wconf 86' lang='lat' dir='ltr'><strong>victoriam</strong></span> <span class='ocrx_word' id='word_1_325' title='bbox 865 3786 896 3832; x_wconf 90' lang='lat' dir='ltr'><strong>de</strong></span> <span class='ocrx_word' id='word_1_326' title='bbox 909 3786 1004 3848; x_wconf 92' lang='lat' dir='ltr'><strong>populo</strong></span> <span class='ocrx_word' id='word_1_327' title='bbox 1016 3786 1132 3834; x_wconf 88' lang='lat' dir='ltr'><strong>Romano</strong></span> <span class='ocrx_word' id='word_1_328' title='bbox 1145 3785 1207 3844; x_wconf 83' lang='lat' dir='ltr'><strong>fore,</strong></span> <span class='ocrx_word' id='word_1_329' title='bbox 1227 3801 1304 3849; x_wconf 88' lang='lat' dir='ltr'><strong>quam</strong></span> 
     </span>
     <span class='ocr_line' id='line_1_36' title="bbox 243 3876 1118 3943; baseline -0.003 -14"><span class='ocrx_word' id='word_1_330' title='bbox 243 3883 278 3929; x_wconf 91' lang='lat' dir='ltr'><strong>de</strong></span> <span class='ocrx_word' id='word_1_331' title='bbox 298 3881 329 3930; x_wconf 92' lang='lat' dir='ltr'><strong>iis</strong></span> <span class='ocrx_word' id='word_1_332' title='bbox 347 3880 474 3943; x_wconf 83' lang='lat' dir='ltr'><strong>gentibus,</strong></span> <span class='ocrx_word' id='word_1_333' title='bbox 503 3894 565 3941; x_wconf 90' lang='lat' dir='ltr'><strong>quas</strong></span> <span class='ocrx_word' id='word_1_334' title='bbox 584 3876 758 3927; x_wconf 89' lang='lat' dir='ltr'><strong>adorientem</strong></span> <span class='ocrx_word' id='word_1_335' title='bbox 777 3877 885 3941; x_wconf 87' lang='lat' dir='ltr'><strong>imperio</strong></span> <span class='ocrx_word' id='word_1_336' title='bbox 903 3893 949 3926; x_wconf 92' lang='lat' dir='ltr'><strong>suc</strong></span> <span class='ocrx_word' id='word_1_337' title='bbox 969 3878 1118 3927; x_wconf 88' lang='lat' dir='ltr'><strong>subiecerat.</strong></span> 
     </span>
    </p>
   </div>
   <div class='ocr_carea' id='block_1_7' title="bbox 683 4037 869 4087">
    <p class='ocr_par' dir='ltr' id='par_1_7' title="bbox 683 4037 869 4087">
     <span class='ocr_line' id='line_1_37' title="bbox 683 4037 869 4087; baseline 0.005 -2"><span class='ocrx_word' id='word_1_338' title='bbox 683 4037 733 4085; x_wconf 83' lang='lat' dir='ltr'><strong>EX</strong></span> <span class='ocrx_word' id='word_1_339' title='bbox 750 4037 817 4086; x_wconf 89' lang='lat' dir='ltr'>LIB.</span> <span class='ocrx_word' id='word_1_340' title='bbox 836 4038 869 4087; x_wconf 91' lang='lat' dir='ltr'><strong>X.</strong></span> 
     </span>
    </p>
   </div>
   <div class='ocr_carea' id='block_1_8' title="bbox 243 4151 1305 4310">
    <p class='ocr_par' dir='ltr' id='par_1_8' title="bbox 243 4151 1305 4310">
     <span class='ocr_line' id='line_1_38' title="bbox 319 4151 1304 4205; baseline -0.005 0"><span class='ocrx_word' id='word_1_341' title='bbox 319 4157 432 4205; x_wconf 78' lang='lat' dir='ltr'><strong>Coloniae</strong></span> <span class='ocrx_word' id='word_1_342' title='bbox 451 4158 564 4204; x_wconf 76' lang='lat' dir='ltr'><strong>deductae</strong></span> <span class='ocrx_word' id='word_1_343' title='bbox 584 4162 643 4202; x_wconf 87' lang='lat' dir='ltr'><strong>suut</strong></span> <span class='ocrx_word' id='word_1_344' title='bbox 661 4151 726 4201; x_wconf 88' lang='lat' dir='ltr'><strong>Sora</strong></span> <span class='ocrx_word' id='word_1_345' title='bbox 751 4159 776 4201; x_wconf 89' lang='lat' dir='ltr'><strong>et</strong></span> <span class='ocrx_word' id='word_1_346' title='bbox 795 4153 863 4201; x_wconf 83' lang='lat' dir='ltr'><strong>Albe</strong></span> <span class='ocrx_word' id='word_1_347' title='bbox 882 4162 907 4202; x_wconf 88' lang='lat' dir='ltr'><strong>et</strong></span> <span class='ocrx_word' id='word_1_348' title='bbox 926 4151 1046 4202; x_wconf 83' lang='lat' dir='ltr'><strong>Carseoli.</strong></span> <span class='ocrx_word' id='word_1_349' title='bbox 1089 4152 1170 4202; x_wconf 86' lang='lat' dir='ltr'><strong>Marsi</strong></span> <span class='ocrx_word' id='word_1_350' title='bbox 1188 4153 1214 4201; x_wconf 92' lang='lat' dir='ltr'><strong>iu</strong></span> <span class='ocrx_word' id='word_1_351' title='bbox 1234 4153 1304 4201; x_wconf 90' lang='lat' dir='ltr'><strong>dedi·</strong></span> 
     </span>
     <span class='ocr_line' id='line_1_39' title="bbox 243 4245 1305 4310; baseline -0.005 -12"><span class='ocrx_word' id='word_1_352' title='bbox 243 4253 343 4299; x_wconf 87' lang='lat' dir='ltr'><strong>tionem</strong></span> <span class='ocrx_word' id='word_1_353' title='bbox 367 4249 464 4310; x_wconf 87' lang='lat' dir='ltr'><strong>accepti</strong></span> <span class='ocrx_word' id='word_1_354' title='bbox 488 4254 555 4296; x_wconf 88' lang='lat' dir='ltr'><strong>sunt.</strong></span> <span class='ocrx_word' id='word_1_355' title='bbox 595 4245 738 4308; x_wconf 85' lang='lat' dir='ltr'><strong>Collegium</strong></span> <span class='ocrx_word' id='word_1_356' title='bbox 762 4259 886 4308; x_wconf 82' lang='lat' dir='ltr'><strong>augurum</strong></span> <span class='ocrx_word' id='word_1_357' title='bbox 913 4246 1059 4309; x_wconf 87' lang='lat' dir='ltr'><strong>ampliatum</strong></span> <span class='ocrx_word' id='word_1_358' title='bbox 1086 4254 1138 4305; x_wconf 90' lang='lat' dir='ltr'><strong>est,</strong></span> <span class='ocrx_word' id='word_1_359' title='bbox 1168 4253 1196 4295; x_wconf 89' lang='lat' dir='ltr'><strong>ut</strong></span> <span class='ocrx_word' id='word_1_360' title='bbox 1221 4253 1305 4297; x_wconf 86' lang='lat' dir='ltr'><strong>esseut</strong></span> 
     </span>
    </p>
   </div>
   <div class='ocr_carea' id='block_1_9' title="bbox 0 0 1742 5084">
    <p class='ocr_par' dir='ltr' id='par_1_9' title="bbox 0 0 1742 5084">
     <span class='ocr_line' id='line_1_40' title="bbox 0 0 1742 5084; baseline 0 0"><span class='ocrx_word' id='word_1_361' title='bbox 0 0 1742 5084; x_wconf 95' lang='lat' dir='ltr'><strong> </strong></span> 
     </span>
    </p>
   </div>
  </div>
 </body>
</html>
