3475 5084
453 452 513 509 2⁷2
713 451 790 500 Liber
808 450 891 500 XLV.
947 451 994 511 (A.
1010 466 1034 499 u.
1049 465 1070 499 c.
1086 452 1158 512 est.)

410 617 560 710 ignoscere
572 635 706 692 Prusiam
718 634 833 704 debere,
845 634 871 691 si
882 653 919 691 ex
932 634 1037 691 nullius
1047 634 1154 691 iniuria
1167 634 1327 709 quidquam
1342 633 1369 690 ei
1380 632 1475 689 datum

352 738 387 795 12
410 741 498 798 vellet
518 740 644 817 populus
665 741 822 799 Romanus.
867 740 916 808 Ne
938 740 983 797 cui
1012 740 1097 797 detur
1119 740 1249 814 quidem,
1276 750 1393 816 matum
1416 757 1478 797 esse

410 848 517 905 donum
539 864 643 923 posse,
673 846 753 921 quod
774 864 857 917 eum,
887 846 937 921 qui
959 846 1021 915 det,
1042 846 1092 903 ubi
1114 845 1197 914 velit,
1226 845 1393 903 ablaturum
1417 864 1477 903 esse

351 951 386 1007 13
409 952 491 1011 sciat.
548 952 615 1010 Filii
647 952 818 1011 Nicomedis
850 950 1131 1009 commendationem
1164 951 1305 1026 accipere.
1363 951 1478 1025 Quanta

409 1074 481 1115 eura
500 1076 601 1133 regum
618 1056 777 1115 amicorum
798 1057 906 1116 liberos
928 1066 1043 1115 tueatur
1064 1056 1190 1132 populus
1205 1052 1478 1128 Romanoadoeu-

256 1193 265 1199 ν
350 1162 386 1219 14
410 1173 506 1220 mento
535 1164 725 1221 Ptolemaeum
751 1162 878 1238 AEgypti
906 1181 1004 1238 regem
1034 1180 1105 1221 esse.
1148 1159 1221 1219 Cum
1251 1162 1310 1221 boe
1337 1181 1478 1237 responso

408 1270 517 1327 Prusia
537 1280 581 1326 est
602 1269 747 1327 dimissus.
790 1271 915 1327 Munera
946 1269 973 1325 ei
1000 1288 1037 1325 ex
1059 1265 1076 1303 '¹‘
1098 1254 1343 1325 'sestertiis'iussa
1366 1267 1430 1325 dari
1451 1276 1480 1325 et

350 1373 386 1429 15
408 1392 547 1431 vasorum
580 1385 782 1450 argenteorum
820 1375 918 1451 pondo
952 1374 1172 1451 quinquaginta.
1233 1374 1273 1431 Et
1305 1374 1368 1431 filio
1403 1374 1479 1449 regis

407 1478 562 1537 Nicomedi
592 1498 629 1536 ex
661 1500 697 1538 ea
724 1500 840 1555 summa
871 1498 991 1537 munera
1027 1481 1092 1538 dari
1120 1488 1309 1549 censuerunt,
1355 1499 1394 1537 ex
1422 1499 1479 1554 qua

407 1585 568 1659 Masgnboe,
602 1585 661 1643 filio
690 1586 767 1661 regis
794 1586 966 1655 Masinissae,
995 1586 1065 1643 data
1091 1594 1200 1652 essent;
1231 1594 1260 1640 et
1291 1594 1324 1641 ut
1355 1584 1480 1645 victima

408 1690 539 1764 aliaque,
558 1710 623 1765 quaa
645 1692 683 1749 ad
704 1692 875 1751 sacrificium
898 1690 1087 1765 pertinerent,
1114 1707 1165 1746 seu
1188 1692 1291 1747 Romae
1318 1710 1369 1751 seu
1399 1692 1479 1749 Prae·

407 1806 489 1852 ueste
520 1795 671 1856 immolare
697 1797 799 1865 vellet,
831 1798 893 1872 regi
920 1814 958 1853 ex
987 1796 1120 1871 publico,
1153 1795 1228 1852 sicut
1257 1796 1480 1872 magistratibus

349 1899 385 1955 16
407 1902 558 1969 Romanis,
580 1904 794 1977 praeberentur3
820 1912 850 1960 et
876 1914 908 1959 ut
938 1921 976 1959 ex
1000 1902 1107 1971 classe,
1141 1920 1207 1977 quae
1230 1902 1370 1961 Brundisi
1393 1912 1480 1973 esset,
1538 1918 1540 1921 ·

407 2025 497 2091 nares
518 2008 612 2083 longae
633 2008 735 2085 viginti
755 2008 988 2084 adsignarentur,
1010 2007 1115 2081 quibus
1138 2015 1273 2064 uteretur.
1312 2006 1420 2063 Donec
1441 2008 1481 2069 ud

348 2111 384 2165 17
407 2111 529 2169 classem
559 2114 637 2186 dnno
665 2114 764 2170 datam
794 2114 820 2170 ei
848 2132 902 2171 rex
926 2113 1119 2188 pervenisset,
1142 2113 1178 2170 L.
1201 2110 1356 2170 Cornelius
1377 2110 1481 2186 Scipio

407 2236 444 2273 ne
465 2217 503 2273 ab
526 2235 561 2275 eo
584 2220 771 2289 abscederet,
793 2230 998 2294 sumptumque
1019 2218 1075 2293 ipsi
1097 2228 1126 2275 et
1148 2218 1304 2275 comitibus
1325 2218 1481 2291 preberet,

349 2320 384 2377 18
407 2322 500 2379 donec
520 2342 625 2379 navem
648 2303 871 2381 conscendisset.
913 2324 989 2381 Mire
1010 2324 1105 2381 laetum
1135 2342 1170 2381 ea
1191 2322 1370 2399 benignitate
1392 2322 1426 2381 in
1448 2340 1482 2379 sc

407 2428 508 2505 populi
523 2429 649 2487 Romani
670 2448 767 2505 regem
790 2428 881 2486 fuisse
902 2428 1014 2500 ferunt3
1037 2448 1158 2486 munera
1181 2430 1236 2487 sibi
1258 2427 1315 2503 ipsi
1339 2427 1398 2485 erni
1420 2446 1482 2485 non

405 2534 492 2602 sisse3
512 2534 601 2591 filium
623 2535 742 2592 iussisse
763 2536 869 2592 donum
894 2534 993 2609 populi
1015 2535 1142 2592 Romani
1164 2535 1305 2610 accipere.
1342 2534 1419 2590 Haee
1444 2534 1481 2591 de

346 2637 384 2693 19
406 2640 513 2697 Prusia
551 2640 642 2696 nostri
680 2641 845 2716 scriptores.
902 2639 1044 2715 Polybius
1081 2658 1146 2696 eum
1186 2658 1284 2715 regem
1324 2638 1479 2714 indignum

404 2746 557 2803 maiestate
578 2746 703 2803 nominis
724 2746 798 2802 tanti
819 2745 923 2815 tredit;
951 2745 1107 2821 pileatum,
1129 2744 1225 2819 capite
1245 2762 1331 2816 raso,
1355 2744 1479 2802 obviam

403 2855 445 2910 s're
464 2852 569 2928 legatis
590 2853 705 2910 solitum
734 2852 927 2927 libertumque
954 2870 986 2908 se
1016 2851 1116 2927 populi
1140 2850 1266 2909 Romani
1287 2849 1381 2909 forre:
1409 2849 1478 2907 ideo

405 3048 637 3056 m

403 3166 602 3231 aiguoscerctl
619 3168 724 3216 deberet
768 3166 810 3226 12,
829 3171 840 3214 l
864 3180 897 3215 ue
917 3182 968 3229 quo
987 3167 1060 3217 detur
1079 3167 1122 3229 qui
1142 3166 1218 3213 detur
1235 3166 1339 3227 quidem
1359 3164 1476 3217 Marem

403 3253 478 3315 (Fuit
487 3255 547 3317 quoi
557 3256 639 3303 detur.
654 3254 727 3319 Grpe.
738 3268 771 3301 ne
781 3254 849 3316 quod
860 3254 935 3301 detur
944 3252 1059 3316 quidem)
1100 3258 1115 3301 2
1127 3252 1207 3300 uellet
1218 3250 1273 3317 My.
1322 3252 1365 3311 13,
1378 3258 1388 3301 l
1404 3252 1474 3302 t'elici

403 3340 545 3389 nicomedis
568 3340 623 3404 My.
642 3338 698 3389 Em.
715 3338 771 3390 627
799 3339 887 3405 (Grpe.
907 3340 998 3388 Facile
1008 3339 1165 3403 Nicomedis)
1182 3341 1187 3401 1
1202 3339 1331 3403 acciperet
1348 3350 1474 3401 quantam

402 3427 591 3489 dpmlemeum
623 3425 666 3485 14,
685 3433 700 3476 2
719 3428 844 3489 prusiaset
864 3428 998 3475 dimissum
1024 3425 1108 3477 Weiss.
1138 3424 1230 3490 (Grpe.
1250 3426 1357 3474 Prusias
1376 3436 1418 3475 est
1436 3428 1475 3475 di-

402 3513 507 3573 missus)
524 3513 528 3573 Ι
544 3528 577 3561 ex
595 3514 717 3562 sestertiis
736 3513 824 3579 (Gryn.
844 3530 945 3562 uacuum
962 3513 1064 3576 spatium
1080 3522 1138 3576 post
1155 3528 1187 3561 cx
1204 3512 1322 3577 reliquit.)
1347 3518 1363 3561 3
1379 3528 1473 3577 ergeu-

314 3660 317 3663 .
401 3616 645 3679 teorumpl.etfilio
681 3616 750 3674 15,ss
768 3601 1099 3679 masgcarefiliorumregis
1133 3616 1306 3679 4aliamqute
1321 3632 1346 3680 q.
1359 3614 1472 3683 adiper-

400 3704 494 3751 tineret
511 3718 573 3751 seno
591 3717 669 3753 romae
686 3705 734 3754 sub
750 3712 866 3767 preneste
885 3703 1028 3753 immolaret
1046 3703 1126 3752 uellet
1168 3702 1209 3759 16,
1230 3708 1245 3751 2
1265 3702 1318 3765 (De
1337 3706 1472 3769 interpunc-

400 3788 462 3838 tione
478 3790 640 3852 proximorum
658 3792 704 3855 cfr.
725 3790 780 3840 Em.
805 3787 872 3852 627)
913 3788 955 3848 17,
979 3794 990 3837 1
1010 3790 1027 3838 l.
1049 3789 1162 3838 cornelio
1198 3788 1240 3846 18,
1259 3794 1269 3837 l
1290 3792 1373 3839 smire
1390 3791 1470 3841 letum

400 3883 427 3925 et
449 3890 479 3923 ca
503 3877 688 3939 benignitatem
718 3877 758 3939 (et
788 3864 841 3925 tolli
872 3876 941 3925 iussit
976 3873 1058 3938 Creu.)
1127 3881 1142 3924 2
1168 3875 1291 3939 populum
1313 3892 1333 3925 r.
1360 3876 1363 3941 l
1390 3876 1471 3927 fuisse

399 3960 477 4011 ferme
502 3977 607 4011 munera
655 3969 671 4011 3
701 3964 780 4013 siesse
799 3962 899 4028 Kreyss.
936 3960 1025 4027 (Grpe.
1051 3977 1157 4011 munera
1179 3962 1227 4011 sibi
1252 3962 1339 4025 ipsum
1363 3966 1468 4013 emisse:

398 4048 493 4110 filium]
513 4048 518 4113 i
539 4063 661 4112 accepere
710 4049 752 4108 19,
774 4055 785 4098 1
807 4064 865 4098 eum
885 4064 970 4113 regern
988 4052 992 4112 Ι
1009 4050 1169 4099 maiestatem
1216 4054 1230 4097 2
1250 4049 1407 4113 pilleatum!
1424 4051 1467 4099 ob

398 4130 467 4200 utam
485 4151 579 4214 regam
632 4157 647 4201 a
674 4150 821 4215 libertumq.
845 4154 867 4203 st
886 4139 923 4219 fii.
943 4152 1022 4203 ferret
1047 4154 1105 4203 uso
1130 4151 1185 4217 My.
1205 4150 1260 4206 Em.
1284 4150 1341 4203 628
1377 4152 1467 4220 (aaa

398 4235 472 4297 ferre,
492 4245 518 4285 et
535 4237 607 4299 ideo)
