3475 5084
451 510 490 566 ⁴4
722 504 800 555 niae
817 501 902 557 xuu.
940 504 986 566 (Δ.
1005 517 1030 552 u.
1051 515 1072 552 s.
1093 504 1165 562 ssi.)

368 690 387 746 2
410 688 488 763 copti
511 687 637 763 amplius
656 689 691 746 M
703 686 835 748 once.
875 687 1008 745 Voverot
1028 685 1058 742 in
1079 703 1116 742 eu
1136 703 1236 761 pugno
1256 693 1365 761 praetor
1385 684 1480 742 usdsm

410 792 516 850 Iunoni
536 793 672 851 Moustae.
735 794 803 852 Pax
822 791 928 852 cundo
949 791 1020 848 datu
1039 789 1203 865 petentibus
1228 787 1343 861 Corsis,
1371 799 1402 848 st
1423 807 1480 848 ax-

411 905 479 954 ucta
501 914 575 954 cerae
602 891 726 956 ducenta
753 897 834 956 milio
861 896 969 972 pondo.
1031 895 1080 954 Ex
1101 892 1222 953 Corsico
1249 895 1372 952 subacta
1394 892 1481 952 Cice·

370 999 388 1054 3
410 1001 488 1058 reius
510 1002 540 1058 iu
562 1001 728 1062 Serrliuiem
750 1000 919 1061 transmisit.
965 1000 1005 1057 Et
1028 999 1058 1056 iu
1079 999 1237 1075 Liguribus
1260 999 1290 1055 in
1314 1016 1388 1074 agro
1411 997 1480 1058 Stu-

411 1105 685 1182 tellatipugnutum
707 1108 745 1165 ud
767 1105 906 1182 oppidum
929 1103 1094 1181 Carystum.
1126 1104 1173 1163 Eo
1195 1124 1227 1164 se
1248 1121 1372 1178 magnus
1395 1121 1480 1160 exer-

370 1211 485 1268 lcitns
506 1211 647 1286 Ligurum
678 1211 851 1272 contulerat.
910 1209 1012 1268 Primo
1041 1211 1096 1267 sub
1127 1210 1285 1268 adventum
1313 1209 1355 1266 M.
1379 1207 1481 1282 Popili

410 1316 536 1374 consulis
563 1317 706 1376 moenibus
733 1333 798 1374 sese
827 1315 1027 1383 continebaut3
1060 1314 1177 1385 deinde,
1208 1323 1364 1390 postquem
1395 1312 1481 1388 oppi-

411 1420 478 1478 dum
501 1429 735 1497 oppuguuturum
757 1421 923 1480 Romanum
946 1421 1118 1489 cernebant,
1150 1419 1299 1495 progressi
1320 1426 1388 1476 ente
1409 1436 1482 1492 por-

369 1530 386 1583 5
412 1531 457 1582 tes
479 1525 571 1582 aciem
592 1533 769 1583 struxerunt.
812 1526 877 1583 Nec
899 1524 1010 1594 consul,
1032 1534 1064 1582 ut
1086 1523 1135 1598 qui
1157 1523 1187 1581 id
1208 1524 1302 1598 ipsum
1326 1541 1482 1598 oppugua-

411 1630 489 1687 tione
511 1630 716 1688 comminanda
727 1630 887 1704 quaesisset,
909 1647 1021 1687 moram
1034 1629 1184 1687 certamini
1200 1627 1277 1687 fecit.
1310 1629 1482 1703 Pugnatum

370 1734 388 1790 6
412 1734 536 1808 amplius
556 1733 617 1791 'tros
640 1743 684 1792 est
705 1735 794 1793 horas
815 1734 872 1806 ita,
900 1743 932 1792 ut
960 1743 1062 1792 neutro
1091 1733 1244 1791 inclinaret
1266 1751 1343 1809 spes.
1392 1732 1484 1804 Quod

411 1839 461 1895 ubi
482 1838 584 1895 consul
604 1838 678 1896 vidit
698 1839 775 1896 nulle
798 1848 883 1914 porte
917 1838 1027 1896 moveri
1050 1839 1191 1914 Ligurum
1219 1838 1321 1914 signa,
1353 1837 1485 1913 imperat

411 1942 570 2016 equitibus,
602 1952 634 2000 ut
664 1961 756 2018 equos
782 1943 978 2002 conscendant
1002 1961 1037 2001 ec
1066 1943 1158 2000 tribus
1188 1943 1275 2000 simul
1295 1943 1431 2030 partibus
1451 1942 1484 2000 in

371 2051 386 2108 7
410 2049 523 2117 hostes,
556 2057 666 2122 quanto
698 2048 827 2106 maximo
859 2057 979 2123 possent
1014 2049 1154 2118 tumultu,
1186 2048 1344 2106 incurrant
1403 2049 1484 2106 Pars

411 2170 519 2227 magua
542 2153 670 2228 equitum
693 2153 818 2211 medium
851 2153 966 2210 traiecit
987 2153 1078 2211 eciem
1109 2161 1137 2210 et
1166 2153 1205 2210 ad
1232 2161 1314 2227 terge
1344 2171 1484 2228 pugnau-

370 2259 388 2314 8
411 2256 482 2314 tium
509 2257 647 2332 pervasit.
703 2258 777 2315 lnde
806 2268 900 2316 terror
930 2257 1051 2316 iniectus
1078 2257 1244 2333 Liguribus.
1305 2258 1426 2314 Diversi
1453 2257 1485 2314 in

411 2379 511 2420 omnes
532 2372 632 2437 portes
654 2361 800 2437 fugerunt,
821 2362 960 2438 perpauci
982 2371 1060 2420 retro
1082 2363 1111 2420 in
1134 2362 1288 2438 oppidum,
1316 2362 1397 2437 quia.
1415 2362 1484 2419 iude

412 2485 444 2523 se
466 2467 594 2525 maxime
617 2467 764 2525 obiecerat
784 2486 883 2541 eques.
937 2454 978 2526 Ei
1000 2485 1100 2543 pugna
1126 2477 1186 2524 tem
1211 2466 1351 2542 pervicax
1372 2467 1483 2525 multos

372 2585 390 2640 9
413 2572 617 2647 absumpserat
638 2571 788 2645 Ligurum,
811 2581 840 2628 et
860 2572 890 2629 in
913 2571 984 2648 fuge
1005 2573 1113 2647 passim
1138 2572 1205 2630 caesi
1225 2581 1301 2630 sunt.
1346 2572 1379 2630 X
1402 2571 1485 2628 milia

414 2677 563 2733 hominum
587 2694 663 2733 caesa
684 2676 846 2745 traduntur,
868 2677 993 2752 amplius
1018 2675 1100 2736 DCC
1122 2677 1215 2753 capti,
1238 2678 1321 2752 signe
1343 2675 1485 2735 militaria

331 2781 390 2845 ἰο
414 2780 507 2837 relata
529 2781 695 2840 LXXXII.
743 2779 805 2838 Nec
831 2781 982 2839 incruenta
1003 2781 1126 2840 victoria
1147 2781 1211 2840 fuit.
1233 2856 1240 2868 .
1265 2781 1403 2856 Amplius
1425 2781 1485 2838 trie

414 2884 493 2941 milia
515 2884 636 2942 militum
659 2885 781 2956 amisse,
803 2904 886 2958 cum,
906 2887 1073 2945 cedentibus
1093 2887 1212 2957 neutris,
1236 2905 1272 2944 ex
1294 2895 1379 2962 parte
1403 2896 1484 2943 utre-

414 3007 470 3063 que
491 2989 633 3063 primores
654 2989 799 3048 cuderent.

329 3096 351 3164 8
497 3095 573 3152 Post
593 3096 669 3153 bene
690 3113 818 3170 pugnam
840 3115 878 3153 ex
900 3095 1015 3152 diversa
1039 3095 1110 3171 fuge
1130 3096 1160 3152 iu
1182 3114 1271 3152 uuum
1293 3095 1408 3152 collecti
1430 3096 1486 3153 Li·

414 3217 516 3275 gures,
549 3219 613 3258 eum
645 3201 787 3258 maiorem
807 3201 898 3258 multo
927 3209 1039 3276 partem
1072 3201 1177 3258 civium
1216 3201 1354 3258 amissam
1393 3219 1484 3274 quam

416 3323 567 3379 superesse
587 3315 737 3363 cernerent
767 3306 834 3379 (uec
856 3306 932 3363 enim
955 3305 1020 3380 plus
1042 3307 1074 3363 X
1096 3305 1176 3363 milia
1196 3305 1345 3362 homiuum
1374 3311 1485 3377 eraut),

375 3418 392 3471 2
416 3409 587 3467 dediderunt
611 3428 690 3482 sese,
717 3411 788 3468 nihil
816 3411 932 3486 quidem
961 3410 1002 3468 illi
1029 3409 1121 3485 pecti3
1153 3419 1343 3486 speraverant
1373 3417 1486 3482 tamen,

415 3533 468 3571 non
491 3515 618 3572 atrocius
641 3533 728 3589 quem
750 3516 915 3591 superiores
937 3515 1127 3591 imperatores
1149 3516 1297 3574 consulem
1323 3516 1353 3572 in
1375 3532 1408 3572 se
1429 3533 1484 3572 sae·

415 3715 441 3774 2,
463 3720 473 3763 l
495 3721 621 3764 nouerant
657 3714 793 3763 liunonis
829 3710 914 3777 Sipon.
939 3717 1031 3761 acere
1046 3711 1051 3773 Ι
1067 3714 1166 3762 ducena
1186 3710 1254 3762 Grec.
1278 3707 1281 3773 Ι
1302 3713 1375 3762 milia
1392 3711 1484 3777 puto!

417 3801 526 3850 subacta
549 3802 668 3851 sicereius
717 3799 743 3861 3,
773 3804 783 3848 l
814 3798 941 3847 stetellsci
966 3795 1046 3858 (Olcv.
1069 3797 1217 3858 Statielloti)
1268 3800 1411 3862 sligurum
1458 3799 1485 3860 4,

418 3893 429 3938 l
461 3888 558 3953 popilio
594 3894 609 3936 3
632 3892 837 3952 oppugnaturum
854 3882 859 3946 Ι
876 3885 996 3933 cernebat
1038 3883 1063 3944 5,
1086 3889 1102 3933 2
1125 3884 1237 3948 quesisse
1276 3892 1291 3934 3
1316 3886 1361 3936 tris
1389 3885 1484 3952 (Gryre

415 3983 556 4040 pugnatum
585 3982 624 4023 est
649 3972 727 4036 ampl.
757 3972 816 4019 treis
842 3969 885 4034 b.)
935 3969 960 4033 6,
989 3977 1004 4019 3
1031 3970 1166 4034 equitibus
1194 3979 1223 4021 ut
1249 3987 1346 4036 ecquos
1396 3978 1412 4021 4
1435 3973 1485 4024 ho·

417 4081 462 4130 stis
477 4079 482 4140 Ι
497 4065 601 4142 possent
618 4054 740 4123 itnmultn
775 4072 800 4133 7,
819 4077 835 4122 2
854 4074 940 4123 media
974 4075 1107 4125 ainectus
1149 4075 1174 4136 9,
1194 4081 1209 4124 2
1229 4076 1338 4140 amplius
1357 4077 1405 4126 dcc
1423 4092 1485 4140 psa.

416 4167 464 4215 sim
483 4164 551 4228 capti
570 4161 624 4226 My.
644 4161 700 4209 Em.
720 4159 778 4210 511.
816 4159 891 4220 10‚1
919 4175 1031 4211 umnec
1072 4163 1263 4212 tendentibus
1313 4161 1440 4226 VI11‚1,
1472 4170 1483 4216 1

417 4266 466 4316 bac
484 4279 598 4329 pugnum
636 4265 789 4314 ediderunt
823 4261 849 4327 2,
872 4271 882 4315 l
904 4271 990 4316 tamen
1008 4267 1119 4316 atrocius
1158 4248 1276 4317 teones.
1293 4267 1298 4328 Ι
1314 4267 1458 4318 seuiturum
