3475 5084
531 518 607 565 Liber
624 516 707 565 XLV.
745 517 791 580 (A.
812 517 872 566 chr.
894 518 963 579 les.)
1177 522 1234 577 219

231 715 355 779 getorum
379 703 461 759 auxit
481 704 577 778 potius
598 704 730 762 timorem
753 706 862 764 civitati
893 722 978 778 quam
1009 704 1118 761 min'uit.
1172 702 1279 761 Omnia

231 809 297 865 enim
318 808 460 883 Popilius,
482 828 548 882 quae
568 808 672 884 singuli
696 812 878 887 universique
900 829 934 867 eo
956 810 1031 867 bello
1052 808 1194 867 hostiliter
1214 809 1278 865 dix-

230 926 305 971 erant
324 914 528 987 fecerantque,
549 915 671 985 rettulit,
701 927 730 972 et
750 918 795 972 vir
817 936 903 992 asper
924 916 1038 990 ingenio
1053 916 1179 989 augebat
1200 924 1278 971 atro·
1301 916 1318 970 8

229 1022 335 1078 citatem
359 1003 469 1089 eorum,
493 1039 556 1094 quae
578 1021 748 1090 dicerentur,
770 1023 851 1079 voltu
874 1022 946 1079 truci
960 1031 989 1078 et
1003 1020 1183 1077 accusatoria
1196 1038 1278 1089 voce,

228 1137 346 1194 111111
369 1125 495 1201 propriae
517 1127 670 1183 simultatis
691 1128 771 1185 nulle
795 1146 969 1186 causacum
993 1126 1108 1184 civitate
1130 1136 1218 1195 esset,
1240 1144 1278 1182 ex
1300 1128 1317 1181 9

228 1233 303 1287 unius
324 1232 469 1288 senatoris
492 1234 618 1289 Romani
640 1234 813 1300 acerbitate,
855 1232 948 1307 qualis
979 1232 1008 1288 in
1034 1250 1065 1287 se
1086 1231 1212 1288 universi
1233 1248 1277 1286 se·

226 1345 303 1391 natus
322 1336 439 1393 enimus
460 1349 545 1407 esset,
569 1340 770 1399 coniectarent.
808 1339 842 1399 C.
857 1339 971 1397 Decimi
992 1337 1170 1394 moderatior
1190 1338 1278 1392 oratio
1304 1342 1338 1394 10

226 1441 288 1511 fuit,
321 1442 372 1515 qui
403 1442 434 1498 in
463 1443 608 1518 plerisque
637 1464 753 1514 eorum,
789 1465 853 1520 quae
875 1455 1101 1501 commemorata
1123 1462 1141 1498 a
1156 1441 1278 1516 ·Popilio

226 1559 329 1616 essent,
358 1547 475 1622 culpam
497 1568 555 1604 non
577 1568 666 1624 penes
686 1550 839 1625 populum,
876 1552 926 1607 sed
948 1569 1035 1625 penes
1052 1567 1160 1624 pancos
1183 1548 1278 1603 conci·

227 1662 296 1709 tores
319 1653 401 1728 volgi
423 1672 487 1710 esse
509 1654 592 1713 dixit.
633 1656 711 1726 Eos,
740 1655 872 1712 venalem
895 1657 1021 1732 linguam
1044 1656 1197 1725 habentes,
1229 1652 1278 1709 de·
1306 1660 1335 1713 11

226 1768 296 1815 creta
317 1760 408 1834 plena
427 1758 514 1833 regiae
537 1759 743 1817 adsentationis
771 1761 874 1818 fecisse
903 1771 931 1818 et
959 1779 1008 1819 eas
1040 1758 1197 1833 legationes
1225 1757 1278 1813 mi-

225 1865 305 1933 sisse,
332 1883 457 1939 quarum
479 1865 610 1922 Rhodios
631 1885 745 1942 semper
768 1887 825 1925 non
848 1868 941 1924 miuus
963 1867 1083 1942 puderet
1106 1882 1192 1937 quam
1219 1882 1277 1939 pm·

225 1969 328 2028 niteret.
386 1970 460 2042 Quae
482 1971 594 2039 omnia,
626 1972 650 2028 si
679 1991 752 2029 seua
774 1992 853 2030 mens
876 1974 984 2049 populo
1006 1971 1098 2039 foret,
1131 1968 1279 2044 incapite

226 2077 372 2133 noxiorum
403 2094 533 2133 versura.
591 2076 663 2135 Cum
694 2078 799 2154 magno
831 2080 955 2135 adsensu
984 2078 1099 2135 auditus
1127 2085 1185 2144 est,
1220 2092 1278 2131 non
1304 2075 1339 2129 12

225 2181 309 2255 magis
331 2201 385 2250 eo,
409 2183 487 2255 quod
509 2183 717 2239 multitudinem
740 2204 820 2240 noxa
840 2185 973 2254 levabat,
1007 2202 1093 2257 quem
1117 2182 1195 2255 quod
1217 2181 1279 2237 cul-

224 2305 283 2359 pam
304 2288 335 2343 in
358 2299 493 2344 auctores
514 2297 650 2345 verterat.
711 2290 815 2362 Itaque
844 2308 908 2347 cum
934 2288 1077 2363 principes
1099 2305 1197 2342 eorum
1219 2288 1279 2344 Ro·
1304 2287 1340 2342 13

224 2393 309 2449 manis
332 2395 559 2469 responderent,
580 2406 847 2469 nequaquamtam
868 2405 954 2469 grate
976 2393 1068 2450 oratio
1094 2410 1193 2448 eorum
1215 2390 1278 2462 fuit,

224 2498 281 2568 qui,
313 2518 380 2573 quae
410 2500 542 2574 Popilius
570 2500 730 2572 obiecerat,
762 2502 870 2558 diluere
896 2510 1050 2573 utcumque
1079 2498 1175 2553 co'nati
1204 2509 1278 2566 sunt,

224 2620 304 2674 quam
327 2624 447 2674 eorum,
482 2607 531 2680 qui
554 2606 686 2663 Decimio
718 2606 748 2662 11
780 2606 946 2663 auctoribus
968 2605 1005 2660 ad
1027 2604 1170 2679 piaculum
1193 2622 1278 2659 noxae

224 2709 388 2767 obiiciendis
411 2712 526 2768 adsensi
547 2723 621 2769 sunt.
684 2714 840 2770 Decretum
862 2711 950 2785 igitur
971 2710 1132 2784 extemplo,
1163 2719 1208 2778 ut,
1230 2710 1279 2783 qui
1304 2712 1338 2765 11
1409 2730 1411 2735 ’

218 2811 272 2885 ¹pro
293 2817 406 2874 Perseo
427 2812 565 2874 11111111
588 2821 737 2876 Romanos
765 2818 872 2874 dixisse
901 2816 969 2891 quid
1001 2826 1052 2873 aut
1079 2813 1182 2873 fecisse
1211 2835 1279 2873 con-

225 2921 418 2993 vincerentur,
451 2924 554 2997 capitis
582 2926 849 2982 condemnarentur.
906 2923 1101 2979 Excesseruut
1128 2923 1198 2979 urbe
1225 2923 1279 2979 sub

225 3028 376 3087 adventum
398 3031 596 3087 Romanorum
620 3031 756 3105 quidam,
780 3030 829 3085 alii
850 3039 972 3086 mortem
994 3028 1049 3084 sibi
1071 3029 1279 3085 consciverunt.

226 3133 333 3208 Legati,
356 3117 416 3192 non
440 3136 516 3194 ultre
538 3156 624 3210 qnam
648 3137 773 3210 quinque
795 3136 856 3191 dies
883 3134 979 3191 Rhodi
1005 3134 1123 3202 moreti,
1146 3134 1278 3189 Alexan·
1304 3136 1339 3189 15

225 3238 318 3297 dream
341 3243 573 3318 proficiscuntur.
622 3236 692 3300 Nec'
708 3261 742 3298 eo
764 3241 880 3315 segnius
904 3240 1011 3297 iudicia
1034 3259 1070 3296 ex
1092 3239 1206 3295 decreto
1229 3258 1277 3296 co·

224 3411 254 3417 .-.

225 3528 279 3588 12
299 3534 423 3582 minuitur
470 3533 495 3588 9,
518 3539 527 3581 1
557 3533 666 3596 propriae
691 3531 815 3581 simuletis
840 3531 937 3580 nullam
962 3546 1064 3579 causam
1086 3544 1142 3578 cum
1161 3530 1277 3578 ciuitates

225 3628 288 3668 esset
314 3616 588 3680 211111111111111111
608 3621 835 3668 311111111111111
872 3618 914 3675 10,
936 3623 947 3667 1
963 3632 1019 3666 cum
1033 3618 1122 3665 decimi
1138 3617 1278 3665 moderatio

225 3702 319 3768 luitque
338 3710 366 3755 in
419 3713 540 3769 31111111
558 3706 651 3769 (pm'ore
672 3706 735 3765 loco)
751 3706 755 3767 1
771 3706 928 3755 conscitores
974 3713 1074 3755 desset
1093 3705 1156 3752 dixit
1202 3703 1276 3763 11‚1

225 3808 342 3860 habentis
389 3810 525 3859 2lecisset
542 3825 584 3859 ees
628 3816 644 3859 3
671 3811 863 3873 rhodiosemper
879 3811 883 3871 1
899 3811 1061 3874 paeniteretur
1109 3808 1278 3858 4111111111

225 3902 307 3953 tamen
330 3898 426 3961 populo
445 3897 524 3946 Paria
551 3898 582 3958 (si
607 3912 639 3944 ee
661 3899 743 3957 mens)
768 3906 790 3945 et
814 3897 898 3947 Weiss.
942 3896 1016 3955 111
1036 3888 1158 3944 lentham
1177 3894 1276 3960 Krepse.

226 3982 316 4049 (Grpe.
335 3985 504 4033 multitudiuis
521 4000 616 4033 noxam
635 3984 763 4047 elevabat)
800 3990 815 4032 ³
835 3992 964 4032 uerterant
999 3982 1040 4041 13,
1059 3990 1073 4030 2
1093 3984 1258 4047 responderet
1274 3984 1276 4049 1

226 4085 383 4135 nequaquam
397 4081 482 4120 tamen
500 4081 551 4119 1111
570 4071 709 4135 Doert'npios
729 4067 732 4134 1
753 4080 825 4118 orate
843 4072 925 4119 oratio
944 4086 1030 4119 eorum
1045 4071 1137 4132 quique
1156 4069 1204 4118 fuit
1223 4070 1279 4132 qui·

226 4172 271 4220 qne
289 4160 401 4223 popilius
436 4159 603 4207 3delnderet
620 4166 757 4220 utcumque
803 4158 936 4205 tdecimo
973 4155 1014 4213 14,
1035 4164 1048 4203 2
1069 4157 1164 4205 dixisse
1185 4152 1276 4220 quodi

226 4247 436 4295 conuincercntur
452 4244 534 4294 facilis
558 4246 646 4307 capitis
693 4251 709 4293 4
732 4247 843 4293 aduentu
862 4244 935 4293 Frob.
954 4242 991 4291 II.
1013 4242 1079 4293 Num
1100 4248 1279 4291 excesserant?

226 4330 265 4393 15,
287 4338 298 4381 1
318 4335 373 4382 1111
470 4335 485 4361 ’
