3475 5084
473 508 511 564 80
734 503 814 553 Liber
831 502 916 553 XLII.
953 502 1000 565 ΙΔ.
1020 498 1045 549 ul
1065 517 1088 551 c.
1108 504 1179 564 58³).

431 689 566 759 „Minor“
586 687 680 763 inquit
702 688 760 757 „ad
780 689 920 747 maiorem
938 690 984 745 et“
1001 688 1092 762 (quod
1105 687 1241 762 Philippo
1260 686 1317 763 ipei
1335 704 1502 763 cognomen

429 795 506 862 erat)
530 792 624 863 „filine
639 792 676 849 ad
691 804 803 868 patrem
827 798 985 853 transeat.“
1013 792 1114 851 Facile
1125 810 1295 867 persuasum
1307 791 1337 848 id
1360 790 1423 867 regi
1444 799 1501 847 est.

389 897 521 957 6Aliud
550 898 654 955 deinde
675 898 892 973 ambigebatur,
925 917 990 956 cum
1013 917 1101 973 quam
1123 897 1221 955 multis
1242 896 1389 956 transiret.
1431 897 1501 953 Rex

430 1024 496 1063 cam
517 1004 596 1062 omni
622 1002 762 1059 comitatu
792 1003 916 1061 transire
946 1021 1036 1061 acum
1067 1002 1217 1067 censebam
1249 1001 1339 1075 legati
1362 1001 1409 1057 vel
1431 1019 1500 1059 oum

429 1109 522 1167 tribue
543 1108 643 1165 venire
657 1108 796 1166 iubebant
817 1109 873 1179 vel,
895 1109 921 1167 ei
937 1118 1048 1166 tantum
1066 1125 1171 1181 agmen
1187 1106 1361 1175 traduceret,
1381 1105 1501 1163 obsides

390 1218 406 1271 7
430 1214 510 1285 dare,
531 1213 604 1271 nihil
619 1211 735 1270 fraudis
750 1212 821 1271 iore
841 1214 871 1271 in
893 1213 1058 1289 conloquio.
1087 1211 1220 1287 Hippian
1241 1220 1270 1269 et
1283 1212 1501 1281 Pantauchum,

431 1334 505 1391 quoe
532 1327 562 1375 et
589 1318 703 1393 legatos
730 1318 862 1388 miserat,
892 1317 1037 1393 principue
1064 1318 1240 1387 amicorum,
1269 1316 1386 1373 obsides
1410 1317 1502 1375 dedit.

430 1422 495 1481 Nec
524 1429 584 1479 tam
612 1422 642 1479 in
671 1424 776 1498 pignus
803 1422 871 1480 fidei
893 1422 1009 1480 obsides
1038 1422 1193 1481 desiderati
1221 1430 1318 1493 erant,
1350 1440 1441 1495 quam
1471 1430 1503 1479 ut

430 1536 586 1602 appareret
604 1527 703 1598 eociie,
725 1546 912 1602 nequaquam
934 1546 973 1585 ex
992 1527 1132 1602 dignitate
1153 1528 1219 1605 pari
1240 1527 1380 1603 congredi
1400 1545 1501 1603 regem

390 1634 408 1689 8
430 1650 495 1690 cum
517 1632 630 1707 legatie.
674 1632 818 1692 Salutatio
846 1652 906 1690 non
927 1642 1077 1708 tamquam
1102 1634 1244 1705 hostium,
1271 1633 1323 1690 eod
1346 1632 1503 1707 hospitalia

432 1756 466 1795 ac
488 1739 614 1812 benigna
636 1737 704 1806 fuit3
724 1738 885 1812 positisque
909 1738 1026 1795 sedibus
1048 1739 1249 1796 consederunt.

346 1835 389 1905 40
517 1839 590 1897 Cum
613 1840 762 1915 paulisper
772 1840 926 1897 *silentium
948 1840 1059 1913 fuisset,
1077 1843 1254 1917 „Expectari
1271 1839 1385 1919 [noe,]“
1409 1843 1505 1917 inquit

431 1945 569 2014 Marcius,
582 1945 737 2015 „arbitror,
750 1953 780 2001 ut
791 1946 1018 2019 respondeamus
1039 1948 1141 2005 littoris
1160 1947 1227 2016 tuis,
1250 1964 1323 2021 quae
1340 1944 1503 2022 Corcyram

432 2049 544 2119 miniati,
566 2049 595 2105 in
617 2049 721 2122 quibua
734 2049 848 2123 queris,
873 2050 942 2123 quid
963 2050 1006 2108 ita
1026 2052 1115 2127 legati
1139 2070 1204 2109 cum
1226 2049 1366 2107 militibus
1389 2051 1505 2107 veneri·

391 2158 408 2213 2
432 2172 496 2211 mue
518 2162 547 2210 et
573 2154 708 2228 presidia
734 2153 764 2210 in
790 2154 921 2228 singulae
945 2157 1031 2213 urbes
1054 2156 1243 2215 dimittamus.
1287 2154 1338 2213 Ad
1359 2155 1440 2211 hanc
1462 2155 1505 2212 in-

397 2338 400 2343 ·
430 2257 658 2333 terrogationem
679 2267 759 2315 tuem
781 2266 811 2315 et
831 2277 890 2315 non
916 2260 1109 2334 respondere,
1139 2278 1256 2331 vereor,
1284 2277 1321 2315 ne
1344 2259 1505 2334 superbum

431 2363 478 2434 eit,
501 2371 529 2419 et
548 2381 619 2419 vera
637 2363 813 2438 respondere
831 2382 868 2420 ue
887 2364 972 2421 nimie
989 2368 1125 2423 acerbum
1142 2364 1270 2422 audienti
1286 2364 1341 2422 tibi
1357 2364 1503 2423 videatur.

395 2475 413 2530 3
436 2468 495 2528 Sed
517 2486 582 2525 eum
605 2476 656 2524 aut
677 2468 774 2525 verbio
788 2468 975 2544 castigandus
994 2479 1045 2528 aut
1060 2470 1149 2527 armis
1169 2469 1216 2540 sit,
1238 2468 1288 2544 qui
1308 2468 1406 2527 foedns
1427 2489 1507 2528 rum·

435 2574 487 2648 pit,
510 2573 586 2630 aient
606 2571 712 2629 bellum
735 2572 876 2629 adversus
897 2582 925 2630 te
943 2574 993 2632 alii
1015 2592 1102 2650 quam
1119 2572 1190 2629 mihi
1209 2572 1380 2631 mandatnm
1396 2575 1509 2645 malim,

436 2678 478 2735 ita
512 2676 653 2734 orationis
685 2676 873 2734 acerbitatem
905 2679 1046 2737 adversus
1078 2678 1240 2753 hospitem,
1273 2686 1433 2754 utcumque
1456 2690 1507 2748 eet,

437 2781 560 2851 subibo,
581 2780 656 2838 sicut
683 2780 802 2851 medici,
830 2799 895 2839 cum
918 2783 1020 2841 ealutie
1041 2802 1132 2843 cauea
1153 2783 1281 2841 tristiora
1302 2785 1436 2843 remedia
1457 2787 1508 2845 ad·

396 2891 414 2945 4
437 2885 546 2943 hibent.
580 2884 628 2942 Ex
645 2902 704 2958 quo
720 2902 841 2959 regnum
859 2887 981 2961 adeptus
999 2906 1040 2959 es,
1061 2907 1148 2945 unam
1160 2907 1221 2947 rem
1233 2897 1271 2960 te,
1294 2907 1359 2963 quae
1371 2888 1509 2948 faciende

437 2987 541 3059 fuerit,
562 2997 680 3046 senatus
701 2988 806 3048 fecisse
827 3000 938 3063 censet,
968 2993 1047 3067 qnod
1077 2993 1191 3068 legatos
1211 2994 1338 3051 Romam
1362 2994 1402 3051 ad
1422 3014 1508 3052 reno·

438 3094 566 3153 vandum
579 3095 684 3170 judae
704 3097 826 3168 muana,
859 3097 935 3171 quod
956 3106 1046 3154 tamen
1068 3100 1158 3173 meum
1180 3098 1230 3154 tibi
1246 3117 1299 3155 noa
1314 3100 1408 3173 suinae
1429 3118 1508 3155 reno·

440 3200 560 3257 vandum
575 3199 685 3257 iudicat
701 3200 798 3275 potius
820 3220 919 3277 quam,
941 3220 1006 3261 cnm
1023 3211 1195 3260 renovatum
1214 3211 1300 3273 esset,
1327 3204 1509 3261 violandum.

400 3307 418 3360 5
441 3303 632 3380 Abrupolim,
653 3304 763 3363 eodum
787 3306 884 3381 adque
905 3306 1030 3363 amicum
1051 3307 1153 3381 populi
1174 3307 1316 3380 Romani,
1342 3327 1435 3383 regno
1459 3328 1510 3367 ex·

438 3408 546 3484 polisti.
579 3410 750 3467 Arthetauri
769 3410 977 3482 interfectores,
999 3421 1031 3469 ut
1048 3411 1135 3483 caede,
1161 3430 1198 3469 ne
1216 3413 1285 3487 quid
1303 3412 1381 3470 ultra
1403 3413 1510 3483 dicam,

440 3655 455 3699 2
466 3650 555 3712 inquid
568 3648 572 3712 Ι
584 3651 693 3700 maiorer
704 3648 708 3714 Ι
718 3651 816 3715 pilippo
824 3650 870 3713 (Η.
879 3649 946 3715 ipso)
965 3632 1172 3720 tphfilinatfaile
1181 3665 1332 3715 persuasum
1364 3651 1389 3713 6,
1402 3657 1413 3702 l
1426 3652 1512 3702 ambi-

440 3736 551 3797 gebatur
568 3750 626 3784 eum
645 3750 722 3799 qnam
742 3737 904 3786 tcomitiatu
931 3742 946 3785 3
963 3738 1088 3788 innabant
1106 3739 1206 3787 4daret
1217 3736 1293 3788 Groa.
1306 3735 1439 3802 (OsaEm.
1451 3736 1510 3795 519.

444 3820 575 3883 628010.)
613 3819 662 3880 7,1
685 3822 826 3886 hippanian
845 3830 871 3871 et
890 3829 1030 3887 pantacum
1066 3824 1091 3885 8,
1112 3829 1121 3871 l
1143 3824 1262 3873 salutatis
1278 3827 1283 3888 Ι
1300 3824 1417 3886 ospitalis
1454 3824 1512 3883 XL,

441 3906 467 3966 1,
490 3912 500 3954 l
521 3921 569 3954 nos
588 3904 715 3957 danmavit
729 3907 868 3969 APcriz.;
895 3917 974 3972 potest
992 3910 1069 3972 faiam
1096 3910 1204 3959 enobia
1224 3908 1294 3972 (Em.
1313 3908 1384 3973 533)
1401 3910 1512 3975 linquid

442 3992 583 4041 emisistis
604 3990 608 4055 Ι
629 3994 843 4057 quideitallega'tia
892 3992 917 4052 2,
938 4000 952 4043 2
972 4009 1108 4059 supernum
1137 4001 1293 4046 sacernam
1341 3995 1367 4055 3,
1387 4002 1403 4044 2
1423 3996 1460 4045 ali
1496 4003 1512 4045 ³

441 4095 607 4145 acerbitatem
654 4103 750 4145 tcum
773 4104 906 4160 stupratum
928 4094 1037 4147 Creverit
1059 4098 1204 4160 {adhibena
1224 4082 1274 4148 aex
1320 4098 1346 4161 4,
1370 4104 1381 4147 l
1403 4101 1514 4164 adeptus

442 4189 482 4230 cat
518 4187 533 4231 2
552 4183 586 4231 ad
604 4183 780 4232 renouandum
799 4183 898 4233 iudicat
916 4180 1043 4248 Supplevit
1060 4180 1144 4248 sipon.
1165 4183 1259 4251 (Gr-pa.
1278 4184 1419 4235 aeteruum
1437 4202 1513 4251 appe

440 4266 510 4329 ruit)
558 4267 584 4326 5,
607 4273 617 4316 1
639 4268 782 4332 ahrypolim
817 4268 969 4319 tartetauri
985 4269 991 4333 Ι
1007 4270 1068 4319 tede
