3475 5084
474 482 534 540 264
733 480 811 531 Liber
829 479 914 529 XLV.
966 476 1012 541 (A.
1034 494 1058 527 u.
1079 494 1101 527 o.
1122 480 1195 538 587.)

372 667 409 723 tt
431 664 521 723 estis?
551 665 585 723 L.
608 664 695 723 Pauli
716 663 862 738 triumpho
884 671 977 737 porta
997 661 1188 719 claudentur?
1216 664 1283 721 Rex
1305 661 1492 719 Macedonum

430 770 557 829 Perseus
573 789 638 827 cum
656 769 753 826 liberis
772 779 800 826 et
817 770 904 827 turba
920 768 982 826 alia
993 767 1184 843 captivorum,
1197 767 1293 842 spolia
1303 768 1493 825 Macedonum

430 876 459 931 in
479 875 556 933 ciroo
578 874 723 932 Flaminio
745 872 963 945 relinquentur?
989 875 1022 936 L.
1047 873 1158 933 Paulus
1184 873 1327 948 privatus,
1349 882 1494 947 tamquam

371 983 408 1039 ld
430 998 498 1037 rurs
519 980 642 1049 rediens,
663 999 682 1035 a
703 989 788 1052 porta
810 979 928 1036 domum
951 978 1025 1037 ibit?
1051 978 1091 1036 Et
1106 988 1176 1046 tum,
1198 978 1330 1035 centurio
1353 978 1495 1052 milesque,

429 1083 535 1157 quibus
558 1086 597 1141 ab
618 1084 793 1159 imperatore
809 1084 905 1143 Paulo
929 1085 1054 1143 donatus
1078 1102 1118 1153 es,
1144 1084 1261 1141 decreta
1282 1083 1392 1158 potins,
1413 1100 1496 1157 quam

430 1189 500 1262 quid
518 1189 581 1249 Ser.
604 1188 704 1248 Galba
724 1188 913 1260 fabularetur,
937 1190 1043 1248 audisti
1064 1198 1092 1246 ct
1114 1188 1201 1246 hodie
1222 1207 1268 1245 me
1291 1188 1391 1264 potius
1413 1207 1496 1262 qnam

372 1292 408 1350 lb
429 1294 509 1352 illum
531 1295 609 1353 audi.
652 1293 707 1351 llle
727 1295 799 1353 nibil
819 1309 1012 1371 praeterquam
1027 1294 1117 1370 loqui,
1139 1305 1167 1351 et
1188 1294 1220 1351 id
1235 1294 1336 1371 ,ipsum
1361 1292 1497 1351 maledice

429 1419 465 1459 ac
497 1400 637 1475 maligne,
673 1399 785 1468 didicit;
824 1419 880 1476 ego
910 1412 953 1459 ter
982 1411 1011 1459 et
1037 1387 1145 1459 viciens
1173 1418 1238 1457 oum
1273 1399 1360 1455 hoste
1395 1418 1498 1473 provo·

429 1506 507 1564 canti
539 1506 684 1581 pugnavi3
698 1544 703 1553 ·
719 1524 756 1565 ex
787 1508 936 1579 erunibus,
972 1526 1036 1566 cum
1072 1506 1175 1580 quibus
1207 1524 1325 1563 manum
1358 1506 1499 1571 conserui,

371 1654 375 1663 .
429 1611 523 1685 spolie
549 1610 661 1679 rettuli;
693 1610 805 1686 insigne
832 1630 939 1688 corpus
966 1611 1095 1671 honestis
1130 1600 1329 1681 cicatricibus,
1366 1612 1500 1669 omnibus

370 1717 405 1771 17
429 1716 554 1774 adverso
576 1734 699 1790 corpore
718 1718 856 1792 exceptis,
880 1720 1003 1779 habaost·
1048 1718 1185 1776 Nudasse
1214 1715 1318 1773 deinde
1340 1734 1373 1774 se
1398 1718 1501 1775 dicitur

429 1829 467 1889 st,
489 1840 547 1895 qno
572 1839 694 1895 quaque
716 1822 791 1879 bello
813 1824 936 1881 volnera
957 1834 1076 1899 accepta
1098 1833 1208 1892 essent,
1229 1822 1384 1881 rettulisse.
1431 1823 1502 1896 Qua

429 1925 497 1983 dum
519 1936 660 1994 ostentat,
689 1927 837 2002 adapertis
857 1928 950 1999 forte,
978 1948 1042 2003 quae
1063 1928 1188 1986 velanda
1209 1936 1308 1996 erant,
1333 1939 1435 1987 tumor
1460 1931 1501 1986 iu·

371 2031 406 2087 ts
428 2030 546 2106 guinem
559 2032 700 2105 proximis
711 2033 801 2089 risum
813 2035 913 2092 movit.
953 2036 1030 2092 Tum
1047 2035 1133 2102 „Hoc
1145 2052 1269 2108 quoque,
1286 2034 1366 2106 quod
1377 2034 1498 2092 ridetis*

427 2135 535 2209 inquit,
559 2136 606 2204 „in
628 2156 704 2211 equo
725 2138 787 2195 dies
808 2150 966 2213 noctesque
992 2140 1172 2215 persedendo
1194 2140 1304 2206 habeo,
1326 2157 1381 2196 nso
1408 2141 1502 2215 magis

428 2259 475 2297 me
502 2242 563 2297 eius
589 2260 678 2315 quam
713 2244 878 2301 cicatricum
911 2246 1014 2303 harum
1041 2246 1130 2321 pudet
1157 2244 1347 2321 paenitetquc,
1379 2246 1501 2319 quando

427 2366 585 2421 numquam
609 2347 679 2405 mihi
700 2348 906 2424 impedimento
933 2350 971 2407 ad
992 2370 1053 2408 rein
1075 2350 1219 2426 publicam
1242 2351 1316 2407 beno
1337 2352 1500 2425 gerendam

371 2446 406 2502 19
428 2451 507 2507 domi
536 2451 702 2527 militiasque
729 2454 793 2513 fuit.
838 2456 904 2530 Ego
934 2458 990 2514 hoc
1019 2455 1098 2513 ferro
1125 2474 1202 2530 saepe
1228 2438 1367 2512 vexatum
1392 2476 1502 2533 corpus

427 2568 511 2614 vetus
534 2558 616 2614 miles
645 2559 875 2617 adulescentibus
904 2562 1040 2619 militibus
1067 2561 1195 2629 ostendit
1225 2559 1325 2618 Galba
1353 2561 1453 2619 nitens
1476 2574 1503 2619 et

367 2657 405 2714 20
427 2661 570 2735 integrum
586 2663 720 2724 denudet.
762 2666 921 2737 Revocate,
943 2668 967 2723 si
987 2668 1110 2735 videtur,
1132 2665 1248 2733 tribuni,
1271 2666 1309 2721 sd
1324 2664 1502 2743 suffragium

372 2780 379 2819 1
427 2766 535 2835 tribus;
557 2786 613 2842 ege
634 2770 672 2825 ad
694 2787 756 2838 vos,
778 2770 892 2841 milites,
932 2814 939 2822 .

426 3116 658 3125 —————...-..—

427 3217 468 3275 14,
482 3224 491 3267 l
506 3219 689 3268 clandeutnrex
699 3220 867 3268 macedonum
891 3220 1084 3269 macedonum
1095 3220 1164 3269 circa
1173 3219 1285 3269 fluminis
1295 3217 1305 3282 (
1314 3219 1423 3269 Vallem
1435 3224 1500 3272 circa

426 3304 551 3369 fluminio)
562 3304 641 3355 Koch.
649 3304 737 3371 (Grpe.
749 3306 827 3365 Mae,
839 3307 907 3355 circa
916 3306 1021 3367 flumen)
1039 3306 1247 3367 31·elinqueretur
1256 3302 1259 3368 Ι
1268 3306 1400 3369 priuatum
1432 3309 1476 3369 15,
1488 3316 1496 3357 t

426 3400 488 3440 ettu
499 3393 614 3441 centurio
627 3393 701 3441 miles
720 3393 813 3457 quibus
832 3393 864 3441 ab
885 3394 944 3456 imp.
964 3392 1042 3456 paulo
1057 3393 1167 3443 donatus
1183 3392 1298 3441 decreuit
1313 3394 1402 3457 potius
1424 3410 1498 3457 quam

426 3479 524 3527 serulus
548 3479 627 3541 galba
649 3478 797 3527 fabulentur
814 3480 889 3528 andis
909 3487 934 3528 et
950 3479 999 3527 hoc
1018 3480 1101 3527 dicere
1121 3492 1162 3528 mc
1181 3477 1304 3543 clpam.
1326 3478 1381 3529 624
1405 3480 1498 3547 (Gryr.

426 3572 451 3612 et
470 3573 505 3623 tu,
524 3566 648 3623 centurio,
662 3565 744 3623 miles,
759 3566 820 3629 quid
837 3565 869 3612 de
882 3566 942 3628 imp.
957 3565 1039 3614 Paulo
1053 3574 1157 3615 senatus
1176 3566 1291 3613 decrevit
1309 3567 1401 3628 potius
1423 3582 1498 3630 quam

426 3650 486 3713 qnid
502 3650 529 3699 S.
548 3649 581 3699 G.
601 3650 745 3708 fabuletur,
773 3652 846 3699 audit
872 3662 898 3699 et
916 3651 966 3700 hoc
982 3652 1065 3701 dicere
1083 3652 1134 3716 me)
1189 3651 1260 3709 16,1
1279 3653 1400 3715 etipsud
1422 3653 1499 3703 Aldu

425 3736 556 3789 maledica
607 3743 621 3786 2
647 3736 710 3787 dicit
734 3752 764 3786 eo
783 3745 821 3786 ter
855 3739 861 3797 Ι
894 3752 950 3787 oum
969 3738 1043 3786 hoste
1062 3752 1108 3801 per
1124 3738 1275 3801 prouocatio
1294 3739 1427 3801 pugnauit
1448 3740 1497 3807 My.

425 3821 481 3871 Em.
504 3822 558 3872 625
578 3821 667 3889 (Grpe.
687 3840 709 3873 o.
723 3824 748 3872 h.
770 3839 815 3887 per
832 3824 1041 3887 provocationem
1059 3822 1183 3888 pugnavi)
1219 3829 1235 3872 8
1255 3838 1313 3873 cum
1334 3827 1407 3888 quib.
1433 3842 1499 3889 mag-

424 3923 486 3969 num
506 3912 637 3959 conseruis
674 3911 826 3974 oexeeptis
845 3912 912 3959 adeo
931 3912 1043 3959 nudasse
1079 3908 1317 3969 tauroentum
1353 3914 1496 3973 40218,t

425 3997 549 4045 monitum
567 3998 618 4046 hoo
655 3997 778 4059 2inquid
798 4011 874 4060 qnam
894 4012 945 4061 quo
964 3998 1019 4047 dies
1050 3998 1231 4061 spectatque
1264 3998 1499 4064 smilittafuitqus

424 4082 467 4142 20,
487 4088 501 4131 2
521 4082 552 4131 In
570 4084 664 4133 milites
684 4082 769 4132 demur
777 4082 829 4149 sol.
848 4081 1011 4133 codicis187.
1047 4082 1173 4133 Intercidit
1185 4084 1347 4147 qimterm'ons's
1362 4084 1501 4139 XXXIV

417 4168 508 4235 solium
523 4169 639 4233 priunum,
664 4170 689 4219 in
707 4188 755 4234 quo
776 4179 831 4220 erat
848 4170 957 4219 narratib
978 4168 1007 4219 de
1026 4168 1076 4234 lspc
1094 4179 1193 4235 accepta
1211 4179 1234 4219 et
1248 4186 1312 4233 pars
1330 4169 1499 4239 descriptionis

422 4272 516 4319 pompae
534 4256 686 4321 triumphalia
704 4260 764 4322 (cfr.
785 4256 851 4306 Plus.
870 4256 938 4307 AEm.
958 4255 1032 4305 Paul.
1052 4256 1098 4317 32,
1117 4256 1162 4314 33,
1181 4256 1236 4319 34).
