<?xml version="1.0" encoding="UTF-8"?>
<!DOCTYPE html PUBLIC "-//W3C//DTD XHTML 1.0 Transitional//EN"
    "http://www.w3.org/TR/xhtml1/DTD/xhtml1-transitional.dtd">
<html xmlns="http://www.w3.org/1999/xhtml" xml:lang="en" lang="en">
 <head>
  <title>
</title>
<meta http-equiv="Content-Type" content="text/html;charset=utf-8" />
  <meta name='ocr-system' content='tesseract 3.04.00' />
  <meta name='ocr-capabilities' content='ocr_page ocr_carea ocr_par ocr_line ocrx_word'/>
</head>
<body>
  <div class='ocr_page' id='page_1' title='image "./titiliviihistor02ussigoog_0041.png"; bbox 0 0 3475 5084; ppageno 0'>
   <div class='ocr_carea' id='block_1_1' title="bbox 583 513 1280 578">
    <p class='ocr_par' dir='ltr' id='par_1_1' title="bbox 583 513 1280 578">
     <span class='ocr_line' id='line_1_1' title="bbox 583 513 1280 578; baseline -0.003 -14"><span class='ocrx_word' id='word_1_1' title='bbox 583 515 747 565; x_wconf 80' lang='lat' dir='ltr'>LicerXLI.</span> <span class='ocrx_word' id='word_1_2' title='bbox 784 515 831 576; x_wconf 80' lang='lat' dir='ltr'>(A.</span> <span class='ocrx_word' id='word_1_3' title='bbox 853 513 913 564; x_wconf 84' lang='lat' dir='ltr'>Chr.</span> <span class='ocrx_word' id='word_1_4' title='bbox 936 513 1009 578; x_wconf 80' lang='grc'><strong>177.)</strong></span> <span class='ocrx_word' id='word_1_5' title='bbox 1127 551 1131 560; x_wconf 94' lang='grc'><em>.</em></span> <span class='ocrx_word' id='word_1_6' title='bbox 1249 519 1280 574; x_wconf 75' lang='lat' dir='ltr'>tt</span> 
     </span>
    </p>
   </div>
   <div class='ocr_carea' id='block_1_2' title="bbox 252 697 1370 1298">
    <p class='ocr_par' dir='ltr' id='par_1_2' title="bbox 252 697 1370 1298">
     <span class='ocr_line' id='line_1_2' title="bbox 254 697 1370 776; baseline 0.003 -24"><span class='ocrx_word' id='word_1_7' title='bbox 254 698 355 754; x_wconf 80' lang='lat' dir='ltr'>acrius</span> <span class='ocrx_word' id='word_1_8' title='bbox 376 697 473 772; x_wconf 90' lang='lat' dir='ltr'>primo</span> <span class='ocrx_word' id='word_1_9' title='bbox 499 699 609 773; x_wconf 87' lang='lat' dir='ltr'>impetu</span> <span class='ocrx_word' id='word_1_10' title='bbox 637 718 725 773; x_wconf 82' lang='lat' dir='ltr'>quem</span> <span class='ocrx_word' id='word_1_11' title='bbox 753 701 986 775; x_wconf 85' lang='lat' dir='ltr'>perseverantius</span> <span class='ocrx_word' id='word_1_12' title='bbox 1012 701 1162 776; x_wconf 82' lang='lat' dir='ltr'>pugnavit.</span> <span class='ocrx_word' id='word_1_13' title='bbox 1210 700 1259 756; x_wconf 82' lang='lat' dir='ltr'>Ad</span> <span class='ocrx_word' id='word_1_14' title='bbox 1282 700 1370 756; x_wconf 78' lang='lat' dir='ltr'>1V4</span> 
     </span>
     <span class='ocr_line' id='line_1_3' title="bbox 253 802 1328 875; baseline 0.003 -18"><span class='ocrx_word' id='word_1_15' title='bbox 253 802 339 858; x_wconf 88' lang='lat' dir='ltr'>milia</span> <span class='ocrx_word' id='word_1_16' title='bbox 360 822 462 859; x_wconf 88' lang='lat' dir='ltr'>eorum</span> <span class='ocrx_word' id='word_1_17' title='bbox 487 803 516 859; x_wconf 93' lang='lat' dir='ltr'>in</span> <span class='ocrx_word' id='word_1_18' title='bbox 538 803 601 861; x_wconf 87' lang='lat' dir='ltr'>acie</span> <span class='ocrx_word' id='word_1_19' title='bbox 622 823 710 874; x_wconf 80' lang='lat' dir='ltr'>caesa3</span> <span class='ocrx_word' id='word_1_20' title='bbox 742 805 839 875; x_wconf 87' lang='lat' dir='ltr'>ceteri,</span> <span class='ocrx_word' id='word_1_21' title='bbox 873 806 981 862; x_wconf 87' lang='lat' dir='ltr'>omisso</span> <span class='ocrx_word' id='word_1_22' title='bbox 1010 805 1097 874; x_wconf 89' lang='lat' dir='ltr'>bello,</span> <span class='ocrx_word' id='word_1_23' title='bbox 1133 805 1164 861; x_wconf 92' lang='lat' dir='ltr'>in</span> <span class='ocrx_word' id='word_1_24' title='bbox 1196 805 1328 860; x_wconf 85' lang='lat' dir='ltr'>civitates</span> 
     </span>
     <span class='ocr_line' id='line_1_4' title="bbox 253 907 1327 985; baseline 0.002 -23"><span class='ocrx_word' id='word_1_25' title='bbox 253 907 367 979; x_wconf 87' lang='lat' dir='ltr'>passim</span> <span class='ocrx_word' id='word_1_26' title='bbox 392 907 578 984; x_wconf 84' lang='lat' dir='ltr'>diffugerunt.</span> <span class='ocrx_word' id='word_1_27' title='bbox 625 910 699 967; x_wconf 89' lang='lat' dir='ltr'>Inde</span> <span class='ocrx_word' id='word_1_28' title='bbox 720 910 833 984; x_wconf 73' lang='lat' dir='ltr'>legatos</span> <span class='ocrx_word' id='word_1_29' title='bbox 855 911 978 984; x_wconf 89' lang='lat' dir='ltr'>primum</span> <span class='ocrx_word' id='word_1_30' title='bbox 995 912 1032 967; x_wconf 90' lang='lat' dir='ltr'>ad</span> <span class='ocrx_word' id='word_1_31' title='bbox 1049 929 1151 985; x_wconf 87' lang='lat' dir='ltr'>pscem</span> <span class='ocrx_word' id='word_1_32' title='bbox 1174 910 1327 984; x_wconf 80' lang='lat' dir='ltr'>petendam</span> 
     </span>
     <span class='ocr_line' id='line_1_5' title="bbox 252 1010 1369 1090; baseline 0.005 -24"><span class='ocrx_word' id='word_1_33' title='bbox 252 1010 286 1066; x_wconf 90' lang='lat' dir='ltr'>in</span> <span class='ocrx_word' id='word_1_34' title='bbox 307 1024 408 1068; x_wconf 84' lang='lat' dir='ltr'>castra</span> <span class='ocrx_word' id='word_1_35' title='bbox 428 1015 580 1083; x_wconf 85' lang='lat' dir='ltr'>Romana,</span> <span class='ocrx_word' id='word_1_36' title='bbox 603 1014 708 1072; x_wconf 90' lang='lat' dir='ltr'>deinde</span> <span class='ocrx_word' id='word_1_37' title='bbox 736 1015 852 1090; x_wconf 87' lang='lat' dir='ltr'>opsides</span> <span class='ocrx_word' id='word_1_38' title='bbox 878 1016 1036 1090; x_wconf 81' lang='lat' dir='ltr'>imperatos</span> <span class='ocrx_word' id='word_1_39' title='bbox 1063 1015 1209 1072; x_wconf 89' lang='lat' dir='ltr'>miserunt.</span> <span class='ocrx_word' id='word_1_40' title='bbox 1257 1014 1328 1070; x_wconf 77' lang='lat' dir='ltr'>Haec</span> <span class='ocrx_word' id='word_1_41' title='bbox 1351 1018 1369 1072; x_wconf 81' lang='lat'>5</span> 
     </span>
     <span class='ocr_line' id='line_1_6' title="bbox 254 1117 1328 1193; baseline 0.001 -21"><span class='ocrx_word' id='word_1_42' title='bbox 254 1133 322 1172; x_wconf 89' lang='lat' dir='ltr'>cum</span> <span class='ocrx_word' id='word_1_43' title='bbox 346 1119 451 1174; x_wconf 88' lang='lat' dir='ltr'>Romse</span> <span class='ocrx_word' id='word_1_44' title='bbox 472 1119 590 1193; x_wconf 86' lang='lat' dir='ltr'>cognita</span> <span class='ocrx_word' id='word_1_45' title='bbox 620 1120 722 1176; x_wconf 87' lang='lat' dir='ltr'>litteris</span> <span class='ocrx_word' id='word_1_46' title='bbox 759 1118 964 1193; x_wconf 81' lang='lat' dir='ltr'>proconsulum</span> <span class='ocrx_word' id='word_1_47' title='bbox 987 1129 1092 1186; x_wconf 80' lang='lat' dir='ltr'>essent,</span> <span class='ocrx_word' id='word_1_48' title='bbox 1129 1118 1164 1175; x_wconf 85' lang='lat' dir='ltr'>O.</span> <span class='ocrx_word' id='word_1_49' title='bbox 1188 1117 1328 1176; x_wconf 87' lang='lat' dir='ltr'>Claudius</span> 
     </span>
     <span class='ocr_line' id='line_1_7' title="bbox 254 1221 1326 1298; baseline 0 -21"><span class='ocrx_word' id='word_1_50' title='bbox 254 1221 374 1294; x_wconf 87' lang='lat' dir='ltr'>consul,</span> <span class='ocrx_word' id='word_1_51' title='bbox 398 1224 522 1293; x_wconf 88' lang='lat' dir='ltr'>veritus,</span> <span class='ocrx_word' id='word_1_52' title='bbox 550 1243 586 1281; x_wconf 91' lang='lat' dir='ltr'>ne</span> <span class='ocrx_word' id='word_1_53' title='bbox 607 1222 684 1282; x_wconf 88' lang='lat' dir='ltr'>ferte</span> <span class='ocrx_word' id='word_1_54' title='bbox 703 1243 738 1280; x_wconf 90' lang='lat' dir='ltr'>ea</span> <span class='ocrx_word' id='word_1_55' title='bbox 760 1242 807 1281; x_wconf 88' lang='lat' dir='ltr'>res</span> <span class='ocrx_word' id='word_1_56' title='bbox 829 1222 1008 1298; x_wconf 85' lang='lat' dir='ltr'>provinciam</span> <span class='ocrx_word' id='word_1_57' title='bbox 1031 1222 1243 1296; x_wconf 82' lang='lat' dir='ltr'>exercitumque</span> <span class='ocrx_word' id='word_1_58' title='bbox 1271 1221 1326 1278; x_wconf 90' lang='lat' dir='ltr'>sibi</span> 
     </span>
    </p>
   </div>
   <div class='ocr_carea' id='block_1_3' title="bbox 255 1311 1326 1404">
    <p class='ocr_par' dir='ltr' id='par_1_3' title="bbox 255 1311 1326 1404">
     <span class='ocr_line' id='line_1_8' title="bbox 255 1311 1326 1404; baseline 0 -22"><span class='ocrx_word' id='word_1_59' title='bbox 255 1327 415 1397; x_wconf 78' lang='lat' dir='ltr'><strong>adimeret,</strong></span> <span class='ocrx_word' id='word_1_60' title='bbox 438 1347 496 1384; x_wconf 90' lang='lat' dir='ltr'>non</span> <span class='ocrx_word' id='word_1_61' title='bbox 518 1329 594 1385; x_wconf 89' lang='lat' dir='ltr'>votis</span> <span class='ocrx_word' id='word_1_62' title='bbox 612 1330 800 1404; x_wconf 88' lang='lat' dir='ltr'>nuncupatis,</span> <span class='ocrx_word' id='word_1_63' title='bbox 829 1348 888 1385; x_wconf 91' lang='lat' dir='ltr'>non</span> <span class='ocrx_word' id='word_1_64' title='bbox 911 1327 1056 1403; x_wconf 76' lang='lat' dir='ltr'><strong>paludatis</strong></span> <span class='ocrx_word' id='word_1_65' title='bbox 1077 1326 1241 1395; x_wconf 70' lang='lat' dir='ltr'>lictoribus,</span> <span class='ocrx_word' id='word_1_66' title='bbox 1268 1311 1326 1382; x_wconf 84' lang='lat' dir='ltr'>unc</span> 
     </span>
    </p>
   </div>
   <div class='ocr_carea' id='block_1_4' title="bbox 193 1430 1387 3289">
    <p class='ocr_par' dir='ltr' id='par_1_4' title="bbox 193 1430 1387 3289">
     <span class='ocr_line' id='line_1_9' title="bbox 256 1430 1328 1509; baseline 0.003 -24"><span class='ocrx_word' id='word_1_67' title='bbox 256 1431 389 1486; x_wconf 88' lang='lat' dir='ltr'>omnium</span> <span class='ocrx_word' id='word_1_68' title='bbox 418 1433 541 1489; x_wconf 83' lang='lat' dir='ltr'>certiore</span> <span class='ocrx_word' id='word_1_69' title='bbox 569 1433 648 1490; x_wconf 81' lang='lat' dir='ltr'>facto</span> <span class='ocrx_word' id='word_1_70' title='bbox 678 1434 806 1509; x_wconf 83' lang='lat' dir='ltr'>collega,</span> <span class='ocrx_word' id='word_1_71' title='bbox 836 1445 921 1491; x_wconf 90' lang='lat' dir='ltr'>nocte</span> <span class='ocrx_word' id='word_1_72' title='bbox 949 1430 1113 1508; x_wconf 84' lang='lat' dir='ltr'>profectus,</span> <span class='ocrx_word' id='word_1_73' title='bbox 1141 1450 1270 1506; x_wconf 86' lang='lat' dir='ltr'>proeceps</span> <span class='ocrx_word' id='word_1_74' title='bbox 1298 1432 1328 1488; x_wconf 90' lang='lat' dir='ltr'>iu</span> 
     </span>
     <span class='ocr_line' id='line_1_10' title="bbox 253 1535 1327 1613; baseline 0.002 -23"><span class='ocrx_word' id='word_1_75' title='bbox 253 1535 441 1608; x_wconf 88' lang='lat' dir='ltr'>provinciam</span> <span class='ocrx_word' id='word_1_76' title='bbox 465 1537 552 1605; x_wconf 76' lang='lat' dir='ltr'>abiit3</span> <span class='ocrx_word' id='word_1_77' title='bbox 579 1539 629 1594; x_wconf 88' lang='lat' dir='ltr'>nbi</span> <span class='ocrx_word' id='word_1_78' title='bbox 649 1539 855 1607; x_wconf 69' lang='lat' dir='ltr'>inconsultius,</span> <span class='ocrx_word' id='word_1_79' title='bbox 887 1557 972 1613; x_wconf 87' lang='lat' dir='ltr'>quam</span> <span class='ocrx_word' id='word_1_80' title='bbox 1002 1546 1138 1602; x_wconf 88' lang='lat' dir='ltr'>venerat,</span> <span class='ocrx_word' id='word_1_81' title='bbox 1167 1553 1198 1592; x_wconf 90' lang='lat' dir='ltr'>se</span> <span class='ocrx_word' id='word_1_82' title='bbox 1229 1535 1327 1609; x_wconf 88' lang='lat' dir='ltr'>gessit.</span> 
     </span>
     <span class='ocr_line' id='line_1_11' title="bbox 255 1639 1368 1718; baseline 0 -22"><span class='ocrx_word' id='word_1_83' title='bbox 255 1639 337 1696; x_wconf 85' lang='lat' dir='ltr'>Nam</span> <span class='ocrx_word' id='word_1_84' title='bbox 367 1659 433 1697; x_wconf 91' lang='lat' dir='ltr'>cum</span> <span class='ocrx_word' id='word_1_85' title='bbox 462 1643 596 1699; x_wconf 92' lang='lat' dir='ltr'>contione</span> <span class='ocrx_word' id='word_1_86' title='bbox 623 1644 769 1700; x_wconf 88' lang='lat' dir='ltr'>advocata</span> <span class='ocrx_word' id='word_1_87' title='bbox 796 1644 898 1718; x_wconf 82' lang='lat' dir='ltr'>fugam</span> <span class='ocrx_word' id='word_1_88' title='bbox 928 1642 1067 1700; x_wconf 87' lang='lat' dir='ltr'>ecastris</span> <span class='ocrx_word' id='word_1_89' title='bbox 1098 1644 1137 1702; x_wconf 85' lang='grc' dir='ltr'>Α,</span> <span class='ocrx_word' id='word_1_90' title='bbox 1161 1639 1253 1696; x_wconf 85' lang='lat' dir='ltr'>Manli</span> <span class='ocrx_word' id='word_1_91' title='bbox 1275 1640 1368 1696; x_wconf 65' lang='grc' dir='ltr'>κεί-6</span> 
     </span>
     <span class='ocr_line' id='line_1_12' title="bbox 253 1745 1327 1824; baseline 0.001 -25"><span class='ocrx_word' id='word_1_92' title='bbox 253 1745 350 1800; x_wconf 82' lang='lat' dir='ltr'>versis</span> <span class='ocrx_word' id='word_1_93' title='bbox 375 1746 494 1801; x_wconf 81' lang='lat' dir='ltr'>auribus</span> <span class='ocrx_word' id='word_1_94' title='bbox 520 1747 657 1814; x_wconf 84' lang='lat' dir='ltr'>militum,</span> <span class='ocrx_word' id='word_1_95' title='bbox 687 1748 794 1824; x_wconf 92' lang='lat' dir='ltr'>quippe</span> <span class='ocrx_word' id='word_1_96' title='bbox 818 1750 867 1823; x_wconf 89' lang='lat' dir='ltr'>qni</span> <span class='ocrx_word' id='word_1_97' title='bbox 890 1749 974 1823; x_wconf 87' lang='lat' dir='ltr'>primi</span> <span class='ocrx_word' id='word_1_98' title='bbox 996 1748 1052 1822; x_wconf 89' lang='lat' dir='ltr'>ipsi</span> <span class='ocrx_word' id='word_1_99' title='bbox 1080 1746 1235 1819; x_wconf 77' lang='lat' dir='ltr'>fugissent,</span> <span class='ocrx_word' id='word_1_100' title='bbox 1267 1745 1327 1801; x_wconf 89' lang='lat' dir='ltr'>iac·</span> 
     </span>
     <span class='ocr_line' id='line_1_13' title="bbox 254 1849 1327 1928; baseline 0 -23"><span class='ocrx_word' id='word_1_101' title='bbox 254 1856 350 1906; x_wconf 82' lang='lat' dir='ltr'>tasset</span> <span class='ocrx_word' id='word_1_102' title='bbox 372 1859 400 1906; x_wconf 82' lang='lat' dir='ltr'>et</span> <span class='ocrx_word' id='word_1_103' title='bbox 425 1851 594 1926; x_wconf 78' lang='lat' dir='ltr'>ingessisset</span> <span class='ocrx_word' id='word_1_104' title='bbox 615 1852 724 1927; x_wconf 89' lang='lat' dir='ltr'>probra</span> <span class='ocrx_word' id='word_1_105' title='bbox 745 1855 787 1912; x_wconf 90' lang='lat' dir='ltr'>M.</span> <span class='ocrx_word' id='word_1_106' title='bbox 811 1853 913 1923; x_wconf 88' lang='lat' dir='ltr'>Iunio,</span> <span class='ocrx_word' id='word_1_107' title='bbox 943 1854 1020 1928; x_wconf 89' lang='lat' dir='ltr'>quod</span> <span class='ocrx_word' id='word_1_108' title='bbox 1044 1871 1076 1909; x_wconf 91' lang='lat' dir='ltr'>se</span> <span class='ocrx_word' id='word_1_109' title='bbox 1103 1849 1252 1907; x_wconf 81' lang='lat' dir='ltr'>dedecoris</span> <span class='ocrx_word' id='word_1_110' title='bbox 1281 1867 1327 1906; x_wconf 89' lang='lat' dir='ltr'>so-</span> 
     </span>
     <span class='ocr_line' id='line_1_14' title="bbox 255 1952 1328 2030; baseline 0 -21"><span class='ocrx_word' id='word_1_111' title='bbox 255 1952 334 2010; x_wconf 88' lang='lat' dir='ltr'>cium</span> <span class='ocrx_word' id='word_1_112' title='bbox 358 1955 479 2029; x_wconf 78' lang='lat' dir='ltr'>collegae</span> <span class='ocrx_word' id='word_1_113' title='bbox 505 1954 636 2027; x_wconf 89' lang='lat' dir='ltr'>fecisset,</span> <span class='ocrx_word' id='word_1_114' title='bbox 665 1958 703 2014; x_wconf 88' lang='lat' dir='ltr'>ad</span> <span class='ocrx_word' id='word_1_115' title='bbox 730 1969 890 2015; x_wconf 89' lang='lat' dir='ltr'>extremum</span> <span class='ocrx_word' id='word_1_116' title='bbox 913 1969 1067 2030; x_wconf 88' lang='lat' dir='ltr'>utrumque</span> <span class='ocrx_word' id='word_1_117' title='bbox 1094 1956 1232 2012; x_wconf 87' lang='lat' dir='ltr'>decedere</span> <span class='ocrx_word' id='word_1_118' title='bbox 1260 1973 1328 2029; x_wconf 88' lang='lat' dir='ltr'>pro·</span> 
     </span>
     <span class='ocr_line' id='line_1_15' title="bbox 255 2059 1367 2137; baseline -0.001 -23"><span class='ocrx_word' id='word_1_119' title='bbox 255 2059 356 2116; x_wconf 84' lang='lat' dir='ltr'>vincia</span> <span class='ocrx_word' id='word_1_120' title='bbox 379 2059 472 2116; x_wconf 88' lang='lat' dir='ltr'>iussit.</span> <span class='ocrx_word' id='word_1_121' title='bbox 508 2059 641 2135; x_wconf 82' lang='lat' dir='ltr'>Cumque</span> <span class='ocrx_word' id='word_1_122' title='bbox 662 2060 702 2117; x_wconf 91' lang='lat' dir='ltr'>illi</span> <span class='ocrx_word' id='word_1_123' title='bbox 723 2069 784 2115; x_wconf 91' lang='lat' dir='ltr'>tum</span> <span class='ocrx_word' id='word_1_124' title='bbox 806 2062 933 2118; x_wconf 89' lang='lat' dir='ltr'>consulis</span> <span class='ocrx_word' id='word_1_125' title='bbox 947 2061 1068 2137; x_wconf 87' lang='lat' dir='ltr'>imperio</span> <span class='ocrx_word' id='word_1_126' title='bbox 1086 2061 1163 2117; x_wconf 90' lang='lat' dir='ltr'>dicto</span> <span class='ocrx_word' id='word_1_127' title='bbox 1180 2060 1327 2116; x_wconf 87' lang='lat' dir='ltr'>audientes</span> <span class='ocrx_word' id='word_1_128' title='bbox 1352 2061 1367 2113; x_wconf 90' lang='grc'>7</span> 
     </span>
     <span class='ocr_line' id='line_1_16' title="bbox 254 2163 1329 2234; baseline -0.001 -14"><span class='ocrx_word' id='word_1_129' title='bbox 254 2163 375 2221; x_wconf 75' lang='lat' dir='ltr'>futuros</span> <span class='ocrx_word' id='word_1_130' title='bbox 397 2184 461 2222; x_wconf 89' lang='lat' dir='ltr'>esse</span> <span class='ocrx_word' id='word_1_131' title='bbox 482 2166 625 2234; x_wconf 86' lang='lat' dir='ltr'>dicerent,</span> <span class='ocrx_word' id='word_1_132' title='bbox 661 2183 726 2221; x_wconf 88' lang='lat' dir='ltr'>curn</span> <span class='ocrx_word' id='word_1_133' title='bbox 753 2165 779 2221; x_wconf 89' lang='lat' dir='ltr'>is</span> <span class='ocrx_word' id='word_1_134' title='bbox 806 2185 889 2222; x_wconf 88' lang='lat' dir='ltr'>more</span> <span class='ocrx_word' id='word_1_135' title='bbox 915 2169 1057 2223; x_wconf 87' lang='lat' dir='ltr'>maiorum</span> <span class='ocrx_word' id='word_1_136' title='bbox 1080 2164 1235 2222; x_wconf 88' lang='lat' dir='ltr'>secundum</span> <span class='ocrx_word' id='word_1_137' title='bbox 1258 2172 1329 2220; x_wconf 82' lang='lat' dir='ltr'>vota</span> 
     </span>
     <span class='ocr_line' id='line_1_17' title="bbox 254 2268 1328 2346; baseline -0.002 -22"><span class='ocrx_word' id='word_1_138' title='bbox 254 2268 288 2324; x_wconf 90' lang='lat' dir='ltr'>iu</span> <span class='ocrx_word' id='word_1_139' title='bbox 310 2268 460 2344; x_wconf 86' lang='lat' dir='ltr'>Capitolio</span> <span class='ocrx_word' id='word_1_140' title='bbox 481 2280 658 2344; x_wconf 85' lang='lat' dir='ltr'>nuncupata,</span> <span class='ocrx_word' id='word_1_141' title='bbox 678 2270 827 2327; x_wconf 89' lang='lat' dir='ltr'>lictoribus</span> <span class='ocrx_word' id='word_1_142' title='bbox 850 2271 1007 2346; x_wconf 79' lang='lat' dir='ltr'>paludatis,</span> <span class='ocrx_word' id='word_1_143' title='bbox 1028 2270 1175 2345; x_wconf 88' lang='lat' dir='ltr'>profectus</span> <span class='ocrx_word' id='word_1_144' title='bbox 1199 2270 1236 2324; x_wconf 86' lang='lat' dir='ltr'>ab</span> <span class='ocrx_word' id='word_1_145' title='bbox 1256 2268 1328 2324; x_wconf 89' lang='lat' dir='ltr'>urbe</span> 
     </span>
     <span class='ocr_line' id='line_1_18' title="bbox 257 2367 1371 2450; baseline -0.004 -21"><span class='ocrx_word' id='word_1_146' title='bbox 257 2383 345 2441; x_wconf 84' lang='lat' dir='ltr'>esset,</span> <span class='ocrx_word' id='word_1_147' title='bbox 375 2373 474 2429; x_wconf 84' lang='lat' dir='ltr'>furens</span> <span class='ocrx_word' id='word_1_148' title='bbox 501 2376 565 2445; x_wconf 88' lang='lat' dir='ltr'>ira,</span> <span class='ocrx_word' id='word_1_149' title='bbox 593 2386 744 2444; x_wconf 82' lang='lat' dir='ltr'>vocatum,</span> <span class='ocrx_word' id='word_1_150' title='bbox 779 2375 828 2450; x_wconf 90' lang='lat' dir='ltr'>qui</span> <span class='ocrx_word' id='word_1_151' title='bbox 857 2394 910 2450; x_wconf 90' lang='lat' dir='ltr'>pro</span> <span class='ocrx_word' id='word_1_152' title='bbox 942 2387 1085 2448; x_wconf 69' lang='lat' dir='ltr'>questore</span> <span class='ocrx_word' id='word_1_153' title='bbox 1114 2373 1226 2430; x_wconf 90' lang='lat' dir='ltr'>Manlio</span> <span class='ocrx_word' id='word_1_154' title='bbox 1256 2381 1327 2442; x_wconf 89' lang='lat' dir='ltr'>erat,</span> <span class='ocrx_word' id='word_1_155' title='bbox 1351 2367 1371 2444; x_wconf 33' lang='grc'>8,</span> 
     </span>
     <span class='ocr_line' id='line_1_19' title="bbox 255 2477 1326 2553; baseline -0.003 -20"><span class='ocrx_word' id='word_1_156' title='bbox 255 2486 381 2534; x_wconf 84' lang='lat' dir='ltr'>catenas</span> <span class='ocrx_word' id='word_1_157' title='bbox 410 2479 559 2553; x_wconf 87' lang='lat' dir='ltr'>poposcit,</span> <span class='ocrx_word' id='word_1_158' title='bbox 597 2481 710 2536; x_wconf 83' lang='lat' dir='ltr'>vinctos</span> <span class='ocrx_word' id='word_1_159' title='bbox 744 2497 776 2535; x_wconf 88' lang='lat' dir='ltr'>se</span> <span class='ocrx_word' id='word_1_160' title='bbox 811 2480 926 2536; x_wconf 91' lang='lat' dir='ltr'>Iunium</span> <span class='ocrx_word' id='word_1_161' title='bbox 960 2477 1326 2552; x_wconf 84' lang='lat' dir='ltr'>Manliumque‘minitans</span> 
     </span>
     <span class='ocr_line' id='line_1_20' title="bbox 255 2579 1367 2658; baseline -0.004 -20"><span class='ocrx_word' id='word_1_162' title='bbox 255 2583 385 2639; x_wconf 86' lang='lat' dir='ltr'>Romam</span> <span class='ocrx_word' id='word_1_163' title='bbox 409 2586 571 2644; x_wconf 88' lang='lat' dir='ltr'>missurum.</span> <span class='ocrx_word' id='word_1_164' title='bbox 610 2586 660 2641; x_wconf 85' lang='lat' dir='ltr'>Ab</span> <span class='ocrx_word' id='word_1_165' title='bbox 682 2603 717 2640; x_wconf 92' lang='lat' dir='ltr'>eo</span> <span class='ocrx_word' id='word_1_166' title='bbox 739 2603 856 2658; x_wconf 90' lang='lat' dir='ltr'>quoque</span> <span class='ocrx_word' id='word_1_167' title='bbox 878 2593 1006 2658; x_wconf 86' lang='lat' dir='ltr'>spretum</span> <span class='ocrx_word' id='word_1_168' title='bbox 1028 2583 1154 2640; x_wconf 91' lang='lat' dir='ltr'>consulis</span> <span class='ocrx_word' id='word_1_169' title='bbox 1173 2581 1326 2654; x_wconf 89' lang='lat' dir='ltr'>imperium</span> <span class='ocrx_word' id='word_1_170' title='bbox 1349 2579 1367 2634; x_wconf 85' lang='grc'>9</span> 
     </span>
     <span class='ocr_line' id='line_1_21' title="bbox 256 2688 1327 2763; baseline -0.007 -18"><span class='ocrx_word' id='word_1_171' title='bbox 256 2698 316 2758; x_wconf 81' lang='lat' dir='ltr'>est3</span> <span class='ocrx_word' id='word_1_172' title='bbox 346 2698 377 2745; x_wconf 89' lang='lat' dir='ltr'>et</span> <span class='ocrx_word' id='word_1_173' title='bbox 407 2688 597 2746; x_wconf 82' lang='lat' dir='ltr'>circumfusus</span> <span class='ocrx_word' id='word_1_174' title='bbox 619 2690 781 2758; x_wconf 88' lang='lat' dir='ltr'>exercitus,</span> <span class='ocrx_word' id='word_1_175' title='bbox 813 2689 917 2746; x_wconf 86' lang='lat' dir='ltr'>favens</span> <span class='ocrx_word' id='word_1_176' title='bbox 940 2689 1148 2763; x_wconf 88' lang='lat' dir='ltr'>imperatorum</span> <span class='ocrx_word' id='word_1_177' title='bbox 1171 2703 1266 2742; x_wconf 75' lang='lat' dir='ltr'>causae</span> <span class='ocrx_word' id='word_1_178' title='bbox 1298 2691 1327 2739; x_wconf 90' lang='lat' dir='ltr'>et</span> 
     </span>
     <span class='ocr_line' id='line_1_22' title="bbox 256 2791 1387 2869; baseline -0.001 -20"><span class='ocrx_word' id='word_1_179' title='bbox 256 2793 372 2849; x_wconf 85' lang='lat' dir='ltr'>consuli</span> <span class='ocrx_word' id='word_1_180' title='bbox 393 2791 524 2862; x_wconf 85' lang='lat' dir='ltr'>infestus,</span> <span class='ocrx_word' id='word_1_181' title='bbox 545 2795 658 2851; x_wconf 89' lang='lat' dir='ltr'>animos</span> <span class='ocrx_word' id='word_1_182' title='bbox 682 2796 720 2852; x_wconf 88' lang='lat' dir='ltr'>ad</span> <span class='ocrx_word' id='word_1_183' title='bbox 742 2815 800 2851; x_wconf 91' lang='lat' dir='ltr'>non</span> <span class='ocrx_word' id='word_1_184' title='bbox 816 2795 975 2869; x_wconf 87' lang='lat' dir='ltr'>parendum</span> <span class='ocrx_word' id='word_1_185' title='bbox 993 2794 1128 2852; x_wconf 88' lang='lat' dir='ltr'>addebat.</span> <span class='ocrx_word' id='word_1_186' title='bbox 1171 2793 1325 2848; x_wconf 86' lang='lat' dir='ltr'>Postremo</span> <span class='ocrx_word' id='word_1_187' title='bbox 1352 2795 1387 2848; x_wconf 91' lang='lat' dir='ltr'>l0</span> 
     </span>
     <span class='ocr_line' id='line_1_23' title="bbox 193 2896 1324 2975; baseline -0.004 -20"><span class='ocrx_word' id='word_1_188' title='bbox 193 2896 196 2898; x_wconf 57' lang='grc'>’</span> <span class='ocrx_word' id='word_1_189' title='bbox 255 2896 401 2972; x_wconf 84' lang='lat' dir='ltr'>fatigatus</span> <span class='ocrx_word' id='word_1_190' title='bbox 424 2898 525 2954; x_wconf 90' lang='lat' dir='ltr'>consul</span> <span class='ocrx_word' id='word_1_191' title='bbox 546 2909 574 2954; x_wconf 90' lang='lat' dir='ltr'>et</span> <span class='ocrx_word' id='word_1_192' title='bbox 590 2899 771 2956; x_wconf 88' lang='lat' dir='ltr'>contumeliis</span> <span class='ocrx_word' id='word_1_193' title='bbox 793 2901 972 2975; x_wconf 83' lang='lat' dir='ltr'>singulorum</span> <span class='ocrx_word' id='word_1_194' title='bbox 996 2909 1025 2955; x_wconf 92' lang='lat' dir='ltr'>et</span> <span class='ocrx_word' id='word_1_195' title='bbox 1039 2897 1228 2954; x_wconf 88' lang='lat' dir='ltr'>multitudinis</span> <span class='ocrx_word' id='word_1_196' title='bbox 1246 2897 1324 2968; x_wconf 87' lang='lat' dir='ltr'>(nam</span> 
     </span>
     <span class='ocr_line' id='line_1_24' title="bbox 255 3002 1326 3078; baseline -0.002 -18"><span class='ocrx_word' id='word_1_197' title='bbox 255 3002 379 3078; x_wconf 86' lang='lat' dir='ltr'>insuper</span> <span class='ocrx_word' id='word_1_198' title='bbox 398 3004 574 3076; x_wconf 85' lang='lat' dir='ltr'>inridebant)</span> <span class='ocrx_word' id='word_1_199' title='bbox 595 3004 742 3076; x_wconf 87' lang='lat' dir='ltr'>ludibriis,</span> <span class='ocrx_word' id='word_1_200' title='bbox 765 3025 841 3062; x_wconf 89' lang='lat' dir='ltr'>nave</span> <span class='ocrx_word' id='word_1_201' title='bbox 862 3006 975 3072; x_wconf 90' lang='lat' dir='ltr'>eadem,</span> <span class='ocrx_word' id='word_1_202' title='bbox 997 3023 1055 3078; x_wconf 84' lang='lat' dir='ltr'>que</span> <span class='ocrx_word' id='word_1_203' title='bbox 1077 3014 1209 3072; x_wconf 83' lang='lat' dir='ltr'>venerat,</span> <span class='ocrx_word' id='word_1_204' title='bbox 1232 3002 1326 3076; x_wconf 88' lang='lat' dir='ltr'>Aqui·</span> 
     </span>
     <span class='ocr_line' id='line_1_25' title="bbox 255 3101 1384 3183; baseline -0.007 -18"><span class='ocrx_word' id='word_1_205' title='bbox 255 3109 344 3166; x_wconf 89' lang='lat' dir='ltr'>leiam</span> <span class='ocrx_word' id='word_1_206' title='bbox 367 3108 463 3168; x_wconf 86' lang='lat' dir='ltr'>rediit.</span> <span class='ocrx_word' id='word_1_207' title='bbox 519 3109 591 3165; x_wconf 91' lang='lat' dir='ltr'>Inde</span> <span class='ocrx_word' id='word_1_208' title='bbox 617 3109 736 3183; x_wconf 82' lang='lat' dir='ltr'>collegae</span> <span class='ocrx_word' id='word_1_209' title='bbox 764 3109 895 3183; x_wconf 91' lang='lat' dir='ltr'>scripsit,</span> <span class='ocrx_word' id='word_1_210' title='bbox 924 3119 956 3165; x_wconf 89' lang='lat' dir='ltr'>ut</span> <span class='ocrx_word' id='word_1_211' title='bbox 984 3109 1105 3166; x_wconf 87' lang='lat' dir='ltr'>militum</span> <span class='ocrx_word' id='word_1_212' title='bbox 1128 3127 1269 3165; x_wconf 91' lang='lat' dir='ltr'>novorum</span> <span class='ocrx_word' id='word_1_213' title='bbox 1300 3105 1326 3161; x_wconf 85' lang='lat' dir='ltr'>ei</span> <span class='ocrx_word' id='word_1_214' title='bbox 1353 3101 1384 3156; x_wconf 92' lang='lat' dir='ltr'>ll</span> 
     </span>
     <span class='ocr_line' id='line_1_26' title="bbox 256 3211 1326 3289; baseline -0.005 -19"><span class='ocrx_word' id='word_1_215' title='bbox 256 3213 351 3288; x_wconf 81' lang='lat' dir='ltr'>parti,</span> <span class='ocrx_word' id='word_1_216' title='bbox 383 3231 448 3288; x_wconf 79' lang='lat' dir='ltr'>quse</span> <span class='ocrx_word' id='word_1_217' title='bbox 474 3212 582 3288; x_wconf 83' lang='lat' dir='ltr'>scripte</span> <span class='ocrx_word' id='word_1_218' title='bbox 612 3214 642 3270; x_wconf 89' lang='lat' dir='ltr'>in</span> <span class='ocrx_word' id='word_1_219' title='bbox 676 3215 818 3270; x_wconf 83' lang='lat' dir='ltr'>Histriam</span> <span class='ocrx_word' id='word_1_220' title='bbox 852 3215 1030 3289; x_wconf 88' lang='lat' dir='ltr'>provinciam</span> <span class='ocrx_word' id='word_1_221' title='bbox 1062 3223 1155 3282; x_wconf 88' lang='lat' dir='ltr'>esset,</span> <span class='ocrx_word' id='word_1_222' title='bbox 1193 3211 1326 3279; x_wconf 86' lang='lat' dir='ltr'>ediceret,</span> 
     </span>
    </p>
   </div>
   <div class='ocr_carea' id='block_1_5' title="bbox 258 3378 463 3387">
    <p class='ocr_par' dir='ltr' id='par_1_5' title="bbox 258 3378 463 3387">
     <span class='ocr_line' id='line_1_27' title="bbox 258 3378 463 3387; baseline -0.005 0"><span class='ocrx_word' id='word_1_223' title='bbox 258 3378 463 3387; x_wconf 54' lang='grc'>*-</span> 
     </span>
    </p>
   </div>
   <div class='ocr_carea' id='block_1_6' title="bbox 252 3497 1328 4254">
    <p class='ocr_par' dir='ltr' id='par_1_6' title="bbox 252 3497 1328 4254">
     <span class='ocr_line' id='line_1_28' title="bbox 256 3497 1326 3565; baseline -0.008 -11"><span class='ocrx_word' id='word_1_224' title='bbox 256 3501 309 3561; x_wconf 77' lang='grc'>3,3</span> <span class='ocrx_word' id='word_1_225' title='bbox 323 3517 418 3554; x_wconf 75' lang='lat' dir='ltr'>scaros</span> <span class='ocrx_word' id='word_1_226' title='bbox 433 3502 438 3563; x_wconf 84' lang='grc' dir='ltr'>Ι</span> <span class='ocrx_word' id='word_1_227' title='bbox 454 3513 680 3564; x_wconf 66' lang='lat' dir='ltr'>perseveraremus</span> <span class='ocrx_word' id='word_1_228' title='bbox 690 3501 815 3551; x_wconf 77' lang='lat' dir='ltr'>eoeneuit</span> <span class='ocrx_word' id='word_1_229' title='bbox 838 3499 864 3559; x_wconf 86' lang='lat'>4,</span> <span class='ocrx_word' id='word_1_230' title='bbox 874 3506 888 3547; x_wconf 84' lang='lat'>2</span> <span class='ocrx_word' id='word_1_231' title='bbox 900 3517 990 3553; x_wconf 80' lang='lat' dir='ltr'>aenou</span> <span class='ocrx_word' id='word_1_232' title='bbox 1008 3518 1037 3553; x_wconf 85' lang='lat' dir='ltr'>m</span> <span class='ocrx_word' id='word_1_233' title='bbox 1056 3517 1113 3552; x_wconf 78' lang='lat' dir='ltr'>tots</span> <span class='ocrx_word' id='word_1_234' title='bbox 1123 3499 1127 3565; x_wconf 87' lang='grc'>1</span> <span class='ocrx_word' id='word_1_235' title='bbox 1138 3515 1229 3550; x_wconf 81' lang='lat' dir='ltr'>ontsso</span> <span class='ocrx_word' id='word_1_236' title='bbox 1248 3497 1326 3548; x_wconf 79' lang='lat' dir='ltr'>saulo</span> 
     </span>
     <span class='ocr_line' id='line_1_29' title="bbox 257 3585 1328 3650; baseline -0.004 -14"><span class='ocrx_word' id='word_1_237' title='bbox 257 3586 470 3650; x_wconf 73' lang='lat' dir='ltr'>bdiffugsams&#39;r</span> <span class='ocrx_word' id='word_1_238' title='bbox 506 3585 603 3634; x_wconf 80' lang='lat' dir='ltr'>4Post</span> <span class='ocrx_word' id='word_1_239' title='bbox 619 3586 743 3634; x_wconf 86' lang='lat' dir='ltr'>miseruut</span> <span class='ocrx_word' id='word_1_240' title='bbox 763 3586 867 3650; x_wconf 79' lang='lat' dir='ltr'>spatium</span> <span class='ocrx_word' id='word_1_241' title='bbox 882 3590 940 3650; x_wconf 78' lang='lat' dir='ltr'>scre</span> <span class='ocrx_word' id='word_1_242' title='bbox 966 3587 984 3636; x_wconf 83' lang='lat'><strong><em>6</em></strong></span> <span class='ocrx_word' id='word_1_243' title='bbox 1010 3585 1139 3635; x_wconf 84' lang='lat' dir='ltr'>litterarum</span> <span class='ocrx_word' id='word_1_244' title='bbox 1168 3600 1268 3633; x_wconf 84' lang='lat' dir='ltr'>vacuum</span> <span class='ocrx_word' id='word_1_245' title='bbox 1293 3592 1328 3632; x_wconf 81' lang='lat' dir='ltr'>est</span> 
     </span>
     <span class='ocr_line' id='line_1_30' title="bbox 256 3669 1325 3733; baseline -0.005 -10"><span class='ocrx_word' id='word_1_246' title='bbox 256 3674 282 3723; x_wconf 80' lang='lat' dir='ltr'>ia</span> <span class='ocrx_word' id='word_1_247' title='bbox 311 3673 392 3723; x_wconf 80' lang='lat' dir='ltr'>medio</span> <span class='ocrx_word' id='word_1_248' title='bbox 419 3690 496 3722; x_wconf 78' lang='lat' dir='ltr'>versu.</span> <span class='ocrx_word' id='word_1_249' title='bbox 542 3671 730 3733; x_wconf 83' lang='lat' dir='ltr'>5,ttcognitis</span> <span class='ocrx_word' id='word_1_250' title='bbox 769 3678 785 3720; x_wconf 79' lang='lat'><strong>8</strong></span> <span class='ocrx_word' id='word_1_251' title='bbox 815 3673 955 3722; x_wconf 86' lang='lat' dir='ltr'>exereitum</span> <span class='ocrx_word' id='word_1_252' title='bbox 974 3673 1022 3721; x_wconf 90' lang='lat' dir='ltr'>sibi</span> <span class='ocrx_word' id='word_1_253' title='bbox 1042 3674 1197 3730; x_wconf 89' lang='lat' dir='ltr'>adimerent;</span> <span class='ocrx_word' id='word_1_254' title='bbox 1233 3669 1325 3719; x_wconf 76' lang='lat' dir='ltr'>Valles</span> 
     </span>
     <span class='ocr_line' id='line_1_31' title="bbox 257 3757 1324 3822; baseline -0.005 -13"><span class='ocrx_word' id='word_1_255' title='bbox 257 3759 351 3809; x_wconf 79' lang='lat' dir='ltr'>mavult</span> <span class='ocrx_word' id='word_1_256' title='bbox 376 3773 414 3808; x_wconf 78' lang='lat' dir='ltr'>ese</span> <span class='ocrx_word' id='word_1_257' title='bbox 441 3775 482 3808; x_wconf 85' lang='lat' dir='ltr'>res</span> <span class='ocrx_word' id='word_1_258' title='bbox 509 3759 667 3822; x_wconf 84' lang='lat' dir='ltr'>provinciam</span> <span class='ocrx_word' id='word_1_259' title='bbox 691 3765 717 3806; x_wconf 89' lang='lat' dir='ltr'>et</span> <span class='ocrx_word' id='word_1_260' title='bbox 739 3759 880 3807; x_wconf 86' lang='lat' dir='ltr'>exercitum</span> <span class='ocrx_word' id='word_1_261' title='bbox 904 3761 951 3808; x_wconf 89' lang='lat' dir='ltr'>sibi</span> <span class='ocrx_word' id='word_1_262' title='bbox 977 3760 1118 3808; x_wconf 86' lang='lat' dir='ltr'>adimerent</span> <span class='ocrx_word' id='word_1_263' title='bbox 1158 3764 1174 3805; x_wconf 85' lang='grc'><strong>4</strong></span> <span class='ocrx_word' id='word_1_264' title='bbox 1196 3757 1324 3821; x_wconf 78' lang='lat' dir='ltr'>pabulosis</span> 
     </span>
     <span class='ocr_line' id='line_1_32' title="bbox 257 3843 1323 3909; baseline -0.007 -12"><span class='ocrx_word' id='word_1_265' title='bbox 257 3846 354 3909; x_wconf 76' lang='lat' dir='ltr'>(Gran.</span> <span class='ocrx_word' id='word_1_266' title='bbox 373 3861 425 3894; x_wconf 88' lang='lat' dir='ltr'>non</span> <span class='ocrx_word' id='word_1_267' title='bbox 448 3844 600 3909; x_wconf 85' lang='lat' dir='ltr'>paludatus,</span> <span class='ocrx_word' id='word_1_268' title='bbox 629 3843 686 3892; x_wconf 86' lang='lat' dir='ltr'>siue</span> <span class='ocrx_word' id='word_1_269' title='bbox 707 3844 777 3906; x_wconf 85' lang='lat' dir='ltr'>liet.)</span> <span class='ocrx_word' id='word_1_270' title='bbox 826 3845 851 3902; x_wconf 83' lang='lat'>6,</span> <span class='ocrx_word' id='word_1_271' title='bbox 874 3851 884 3892; x_wconf 87' lang='grc'>1</span> <span class='ocrx_word' id='word_1_272' title='bbox 911 3846 1007 3894; x_wconf 79' lang='lat' dir='ltr'>manlio</span> <span class='ocrx_word' id='word_1_273' title='bbox 1025 3843 1094 3893; x_wconf 78' lang='lat' dir='ltr'>Fert.</span> <span class='ocrx_word' id='word_1_274' title='bbox 1117 3847 1149 3892; x_wconf 83' lang='lat' dir='ltr'>A.</span> <span class='ocrx_word' id='word_1_275' title='bbox 1168 3844 1323 3892; x_wconf 86' lang='lat' dir='ltr'>Manlio...</span> 
     </span>
     <span class='ocr_line' id='line_1_33' title="bbox 257 3927 1325 3994; baseline -0.002 -12"><span class='ocrx_word' id='word_1_276' title='bbox 257 3933 418 3982; x_wconf 78' lang='lat' dir='ltr'>obiectasset</span> <span class='ocrx_word' id='word_1_277' title='bbox 458 3937 473 3980; x_wconf 79' lang='lat'><em>2</em></span> <span class='ocrx_word' id='word_1_278' title='bbox 499 3933 621 3980; x_wconf 85' lang='lat' dir='ltr'>adversus</span> <span class='ocrx_word' id='word_1_279' title='bbox 637 3930 641 3989; x_wconf 95' lang='grc' dir='ltr'>Ι</span> <span class='ocrx_word' id='word_1_280' title='bbox 657 3930 778 3979; x_wconf 84' lang='lat' dir='ltr'>iactasset</span> <span class='ocrx_word' id='word_1_281' title='bbox 794 3931 902 3993; x_wconf 79' lang='lat' dir='ltr'>ingessit</span> <span class='ocrx_word' id='word_1_282' title='bbox 925 3933 968 3980; x_wconf 83' lang='lat' dir='ltr'>sed</span> <span class='ocrx_word' id='word_1_283' title='bbox 990 3933 1085 3994; x_wconf 80' lang='lat' dir='ltr'>probru</span> <span class='ocrx_word' id='word_1_284' title='bbox 1107 3929 1207 3994; x_wconf 75' lang='lat' dir='ltr'>Kreyss.</span> <span class='ocrx_word' id='word_1_285' title='bbox 1234 3927 1325 3993; x_wconf 79' lang='lat' dir='ltr'>(Gryn.</span> 
     </span>
     <span class='ocr_line' id='line_1_34' title="bbox 256 4014 1324 4082; baseline -0.005 -16"><span class='ocrx_word' id='word_1_286' title='bbox 256 4019 474 4082; x_wconf 77' lang='lat' dir='ltr'>ingessissetque)</span> <span class='ocrx_word' id='word_1_287' title='bbox 510 4017 535 4075; x_wconf 81' lang='grc'>7,</span> <span class='ocrx_word' id='word_1_288' title='bbox 556 4023 567 4065; x_wconf 87' lang='grc'>1</span> <span class='ocrx_word' id='word_1_289' title='bbox 588 4017 658 4079; x_wconf 89' lang='lat' dir='ltr'>quod</span> <span class='ocrx_word' id='word_1_290' title='bbox 677 4030 735 4064; x_wconf 87' lang='lat' dir='ltr'>cum</span> <span class='ocrx_word' id='word_1_291' title='bbox 754 4016 845 4064; x_wconf 86' lang='lat' dir='ltr'>illitum</span> <span class='ocrx_word' id='word_1_292' title='bbox 853 4015 1040 4081; x_wconf 54' lang='lat' dir='ltr'>Musaeus.</span> <span class='ocrx_word' id='word_1_293' title='bbox 1061 4015 1151 4082; x_wconf 70' lang='lat' dir='ltr'>(thn.</span> <span class='ocrx_word' id='word_1_294' title='bbox 1174 4014 1248 4074; x_wconf 83' lang='lat' dir='ltr'>Quod</span> <span class='ocrx_word' id='word_1_295' title='bbox 1266 4031 1324 4068; x_wconf 83' lang='lat' dir='ltr'>cum</span> 
     </span>
     <span class='ocr_line' id='line_1_35' title="bbox 252 4102 1326 4168; baseline -0.006 -14"><span class='ocrx_word' id='word_1_296' title='bbox 252 4106 369 4168; x_wconf 75' lang='lat' dir='ltr'>milites)</span> <span class='ocrx_word' id='word_1_297' title='bbox 407 4109 500 4152; x_wconf 62' lang='lat' dir='ltr'>tcum</span> <span class='ocrx_word' id='word_1_298' title='bbox 519 4104 560 4152; x_wconf 85' lang='lat' dir='ltr'>his</span> <span class='ocrx_word' id='word_1_299' title='bbox 595 4103 621 4161; x_wconf 88' lang='grc'>8,</span> <span class='ocrx_word' id='word_1_300' title='bbox 642 4108 654 4151; x_wconf 92' lang='lat' dir='ltr'>l</span> <span class='ocrx_word' id='word_1_301' title='bbox 675 4103 756 4153; x_wconf 84' lang='lat' dir='ltr'>manli</span> <span class='ocrx_word' id='word_1_302' title='bbox 775 4102 893 4167; x_wconf 66' lang='lat' dir='ltr'>Moldm.</span> <span class='ocrx_word' id='word_1_303' title='bbox 914 4102 976 4156; x_wconf 72' lang='lat'><strong><em>498.</em></strong></span> <span class='ocrx_word' id='word_1_304' title='bbox 1013 4109 1139 4152; x_wconf 67' lang='lat' dir='ltr'>testona</span> <span class='ocrx_word' id='word_1_305' title='bbox 1156 4103 1160 4162; x_wconf 83' lang='grc' dir='ltr'>Ι</span> <span class='ocrx_word' id='word_1_306' title='bbox 1176 4103 1326 4164; x_wconf 82' lang='lat' dir='ltr'>vinctosque</span> 
     </span>
     <span class='ocr_line' id='line_1_36' title="bbox 258 4186 1325 4254; baseline -0.003 -15"><span class='ocrx_word' id='word_1_307' title='bbox 258 4205 286 4239; x_wconf 85' lang='lat' dir='ltr'>ss</span> <span class='ocrx_word' id='word_1_308' title='bbox 301 4192 306 4254; x_wconf 88' lang='grc' dir='ltr'>Ι</span> <span class='ocrx_word' id='word_1_309' title='bbox 321 4191 505 4253; x_wconf 83' lang='lat' dir='ltr'>manliumquas</span> <span class='ocrx_word' id='word_1_310' title='bbox 523 4190 684 4238; x_wconf 74' lang='lat' dir='ltr'>micuistrans</span> <span class='ocrx_word' id='word_1_311' title='bbox 714 4187 738 4248; x_wconf 87' lang='grc'>9,</span> <span class='ocrx_word' id='word_1_312' title='bbox 758 4193 773 4236; x_wconf 79' lang='lat'>2</span> <span class='ocrx_word' id='word_1_313' title='bbox 792 4187 883 4240; x_wconf 73' lang='lat' dir='ltr'>fabem</span> <span class='ocrx_word' id='word_1_314' title='bbox 903 4196 919 4239; x_wconf 85' lang='grc'>3</span> <span class='ocrx_word' id='word_1_315' title='bbox 938 4191 971 4239; x_wconf 85' lang='lat' dir='ltr'>ad</span> <span class='ocrx_word' id='word_1_316' title='bbox 989 4204 1036 4238; x_wconf 88' lang='lat' dir='ltr'>nos</span> <span class='ocrx_word' id='word_1_317' title='bbox 1072 4188 1116 4246; x_wconf 84' lang='lat'>10,</span> <span class='ocrx_word' id='word_1_318' title='bbox 1137 4193 1152 4235; x_wconf 73' lang='lat'>2</span> <span class='ocrx_word' id='word_1_319' title='bbox 1172 4186 1325 4236; x_wconf 74' lang='lat' dir='ltr'>contumelia</span> 
     </span>
    </p>
   </div>
   <div class='ocr_carea' id='block_1_7' title="bbox 260 4269 620 4342">
    <p class='ocr_par' dir='ltr' id='par_1_7' title="bbox 260 4269 620 4342">
     <span class='ocr_line' id='line_1_37' title="bbox 260 4269 620 4342; baseline -0.006 0"><span class='ocrx_word' id='word_1_320' title='bbox 260 4299 276 4342; x_wconf 78' lang='grc'><strong>8</strong></span> <span class='ocrx_word' id='word_1_321' title='bbox 303 4294 481 4342; x_wconf 84' lang='lat' dir='ltr'>inluridebsnt</span> <span class='ocrx_word' id='word_1_322' title='bbox 515 4298 532 4340; x_wconf 84' lang='grc'><strong>4</strong></span> <span class='ocrx_word' id='word_1_323' title='bbox 553 4269 620 4341; x_wconf 75' lang='lat' dir='ltr'>redit</span> 
     </span>
    </p>
   </div>
   <div class='ocr_carea' id='block_1_8' title="bbox 0 0 1747 5084">
    <p class='ocr_par' dir='ltr' id='par_1_8' title="bbox 0 0 1747 5084">
     <span class='ocr_line' id='line_1_38' title="bbox 0 0 1747 5084; baseline 0 0"><span class='ocrx_word' id='word_1_324' title='bbox 0 0 1747 5084; x_wconf 95' lang='lat' dir='ltr'> </span> 
     </span>
    </p>
   </div>
  </div>
 </body>
</html>
