3475 5084
462 546 501 603 82
577 508 580 515 Ι
733 542 812 593 Liber
828 541 914 594 XLII.
953 542 1001 605 (A.
1016 556 1041 591 o.
1055 557 1078 591 c.
1099 540 1174 604 583.)

419 744 518 783 menes
539 725 610 783 milri
634 726 756 797 obiciat,
784 705 820 783 ut
847 745 985 784 accusare
1008 727 1105 802 potius
1126 744 1196 783 vare
1218 742 1305 799 quam
1330 723 1491 781 conviciari

379 829 595 889 l'videantur?
627 830 742 889 Scilicet
761 850 815 889 nec
831 833 987 902 Eumenes,
1012 850 1075 888 cum
1096 840 1157 887 tam
1180 829 1277 887 multis
1292 828 1392 903 gravis
1414 830 1489 902 pob-

418 935 473 993 lice
497 954 537 992 ac
555 936 690 1011 privatim
717 937 770 1005 sit,
792 937 880 995 ulium
905 956 992 1011 qoam
1017 955 1064 993 me
1085 935 1230 993 inimicum
1253 934 1371 1003 habuit3
1394 952 1491 1007 oeque

419 1060 474 1117 ego
497 1042 640 1116 potiorem
664 1060 838 1116 quemquam
862 1043 900 1099 ad
924 1043 1083 1099 ministeria
1104 1040 1265 1097 facinorum
1289 1057 1378 1112 quam
1396 1040 1491 1095 Ram·

418 1147 525 1216 mium,
556 1164 641 1220 quam
669 1164 764 1220 oeque
792 1166 930 1221 umquam
956 1157 1023 1204 ante
1052 1145 1182 1203 videram
1204 1161 1257 1200 nec
1282 1162 1361 1200 eram
1384 1152 1492 1217 postes

379 1255 396 1308 5
418 1251 542 1320 visurus,
563 1250 802 1349 invenireqpotui3
825 1262 853 1308 et
869 1253 1089 1321 Thebanorum,
1110 1267 1183 1323 quos
1201 1248 1356 1322 naufragio
1375 1248 1489 1321 perisse

418 1364 549 1425 constat,
578 1366 606 1412 et
628 1356 799 1413 Arthetauri
821 1356 907 1413 caedis
929 1355 998 1412 mihi
1017 1356 1166 1412 reddenda
1186 1354 1262 1411 ratio
1285 1362 1344 1422 est3
1376 1353 1405 1408 in
1429 1372 1491 1427 qua

418 1469 515 1517 tamen
542 1460 613 1517 nihil
643 1460 719 1517 ultra
741 1462 881 1532 obicitur,
911 1480 997 1535 quam
1027 1459 1226 1517 interfectores
1257 1458 1319 1515 eius
1345 1458 1376 1515 iu
1397 1476 1492 1532 regno

378 1570 395 1623 6
419 1564 568 1621 exsulasse
596 1582 671 1623 oreo.
726 1564 816 1622 Cuius
846 1566 1023 1623 condicionis
1053 1566 1233 1640 iniquitatem
1264 1564 1306 1620 ita
1336 1582 1395 1619 non
1425 1580 1491 1619 sum

418 1679 619 1738 recusaturus,
643 1670 667 1725 si
689 1687 743 1726 vos
766 1688 883 1744 quoque
908 1669 1047 1744 accipitis,
1069 1682 1109 1740 ut,
1137 1670 1312 1745 quicumque
1336 1668 1438 1725 exules
1460 1669 1490 1724 in

417 1774 534 1831 Italiam
554 1783 605 1829 aut
620 1775 746 1831 Romam
765 1792 797 1830 se
809 1774 1000 1843 contulerunt,
1022 1774 1067 1831 his
1084 1774 1256 1845 facinorum,
1280 1780 1401 1848 propter
1425 1792 1492 1847 quae

379 1887 395 1940 7
419 1878 548 1936 damnati
569 1878 651 1947 sunt,
684 1886 818 1933 auctores
847 1857 902 1934 ros
928 1877 1018 1936 fuisse
1046 1879 1207 1937 fateamini.
1252 1879 1284 1937 Si
1305 1879 1362 1934 hoc
1384 1886 1412 1933 et
1436 1896 1491 1935 vos

417 1983 588 2041 recusabitis
611 1991 640 2038 et
661 2001 762 2039 omnes
785 1982 849 2039 aliie
866 1992 977 2057 gentes,
999 2002 1053 2058 ego
1073 2005 1189 2060 qnoque
1205 1986 1280 2041 inter
1297 1990 1410 2039 ceteros
1429 2002 1490 2039 ero.

417 2090 467 2156 Et,
488 2086 620 2158 hercule,
642 2087 711 2161 quid
733 2089 836 2145 attinet
859 2090 994 2163 cuiquam
1017 2089 1133 2145 exilium
1158 2098 1274 2164 patere,
1296 2088 1321 2143 si
1343 2105 1490 2161 nusquam

378 2195 396 2252 8
419 2191 497 2250 exoli
519 2192 593 2248 locus
614 2191 674 2248 est?
725 2195 790 2267 Ego
820 2202 918 2249 tamen
941 2192 1027 2263 istos,
1060 2202 1091 2250 ut
1113 2194 1236 2268 primum
1258 2192 1288 2248 in
1311 2191 1492 2248 Macedonia

419 2314 484 2354 esse
516 2298 681 2354 admonitos
714 2317 733 2355 a
760 2299 845 2355 vobis
879 2299 1013 2372 cooperi,
1044 2299 1198 2372 requisitos
1220 2298 1302 2355 abira
1330 2316 1367 2353 ex
1397 2316 1492 2372 regno

378 2406 395 2462 9
418 2402 488 2459 iussi
512 2411 542 2458 et
563 2401 593 2458 in
618 2414 789 2479 perpetuum
814 2403 950 2461 interdixi
972 2404 1077 2460 finibus
1099 2402 1180 2463 meis.
1226 2402 1266 2459 Et
1286 2403 1348 2458 haec
1372 2401 1491 2476 quidem

420 2508 488 2564 mihi
510 2518 659 2582 tamquam
684 2527 801 2566 causam
824 2510 929 2567 dicenti
951 2528 1002 2566 reo
1024 2494 1240 2576 obiect‘a'suot3
1263 2506 1314 2563 illa
1336 2516 1489 2582 tamquam

418 2613 490 2687 regi,
512 2630 576 2687 quae
598 2613 634 2669 de
655 2615 779 2686 foedare,
799 2616 878 2690 quod
903 2615 971 2671 mihi
994 2623 1038 2671 est
1059 2615 1226 2684 vobiscum,
1246 2613 1490 2687 disceptationem

361 2725 397 2780 10
418 2717 575 2774 habebant.
608 2718 686 2774 Nam
710 2720 735 2775 si
757 2729 800 2776 est
819 2720 848 2775 in
870 2718 978 2775 foedere
995 2720 1036 2774 ita
1051 2718 1200 2793 scriptum,
1222 2726 1254 2773 ut
1274 2735 1311 2773 ne
1333 2717 1358 2774 si
1380 2719 1491 2776 bellum

420 2822 535 2896 quidem
558 2822 623 2895 quis
643 2820 766 2890 inferat,
798 2823 872 2878 tueri
901 2842 948 2879 me
976 2842 1156 2899 regnumque
1178 2840 1273 2879 meum
1295 2821 1392 2893 liceat,
1417 2825 1490 2881 mihi

420 2926 568 2985 fatendum
588 2937 656 2996 est,
689 2926 766 3000 quod
793 2945 840 2982 me
869 2929 958 2985 armis
987 2930 1127 2985 adversus
1149 2927 1344 3002 Abrupolim,
1376 2930 1496 2999 socium

362 3040 394 3095 ll
419 3033 520 3109 populi
542 3032 677 3100 Romani,
698 3031 891 3104 defenderim,
918 3033 1012 3091 fcedos
1034 3033 1174 3091 violatum
1197 3012 1269 3090 esse.
1315 3032 1367 3091 Sin
1391 3042 1490 3091 autem

419 3141 476 3197 hoc
496 3149 525 3197 et
555 3158 592 3196 ex
613 3138 722 3196 foedere
743 3138 823 3194 licuit
850 3149 878 3196 at
907 3139 969 3197 iure
996 3140 1125 3215 gentium
1153 3140 1196 3196 ita
1217 3147 1412 3212 conparatum
1436 3150 1490 3210 est,

386 3266 397 3285 *-
420 3254 453 3303 ut
473 3265 555 3303 arma
576 3245 664 3302 armis
683 3243 904 3319 propulsentur,
937 3243 1006 3317 quid
1035 3246 1152 3301 tandem
1183 3262 1230 3301 me
1260 3242 1359 3300 facere
1381 3244 1490 3315 decuit,

384 3356 387 3361 '
421 3368 485 3408 cum
509 3350 670 3425 Abrupolis
698 3349 770 3404 fines
799 3350 855 3405 mei
873 3350 1072 3425 ‘regni'usquc
1096 3351 1134 3407 ad
1155 3348 1357 3425 Amphipolim
1379 3368 1490 3424 perva-
1563 3388 1564 3427 ,

419 3462 534 3525 stasset,
556 3455 647 3510 multa
667 3455 760 3511 libera
781 3456 887 3529 capita,
913 3474 1047 3530 magnam
1070 3456 1128 3511 vim
1154 3455 1374 3529 mancipiorum,
1397 3456 1491 3513 multa

361 3556 397 3613 12
419 3558 500 3615 milia
520 3578 657 3652 pecorum
675 3558 838 3633 abegisset?
871 3558 1056 3632 Quiescereru
1076 3569 1105 3617 et
1122 3570 1247 3634 paterer,
1264 3559 1358 3618 donec
1372 3561 1489 3619 Pellam

420 3801 446 3862 3,
465 3808 480 3851 3
500 3800 676 3850 conuiciaotur
694 3797 754 3860 (cfr.
773 3796 829 3847 Em.
849 3798 916 3861 534)
963 3798 989 3859 4,
1011 3805 1021 3848 1
1044 3801 1158 3862 grauida
1178 3800 1289 3863 publicae
1326 3806 1340 3847 3
1361 3816 1487 3851 remmom

421 3886 446 3947 ὅ,
468 3894 479 3936 t
499 3887 668 3935 thebanorum
716 3875 875 3932 tarcetaori
913 3886 1077 3936 tcxsolasse
1119 3887 1487 3945 eramusmaerore

421 3978 437 4023 8
456 3974 595 4021 iocinerum
632 3969 686 4027 7,2
707 3971 790 4032 gentis
809 3970 858 4032 (H.
876 3985 964 4021 omnes
982 3980 1007 4020 et
1026 3973 1083 4020 aliae
1102 3988 1136 4035 g„
1157 3972 1488 4038 uadeuomn.1teliaeg.)

421 4058 524 4107 texuli
544 4071 592 4117 ago
611 4057 707 4124 tamin
726 4057 775 4104 isto
795 4065 823 4104 nt
843 4055 935 4121 (Gryn.
951 4059 1018 4105 exuli
1038 4058 1137 4108 futurus
1156 4060 1229 4107 locus
1251 4040 1318 4120 esti)
1354 4060 1380 4120 8,
1404 4066 1488 4111 lma-

421 4143 554 4193 ccdooiam
584 4141 638 4201 9,³
656 4142 712 4203 regi
732 4150 757 4190 et
775 4157 831 4205 quae
845 4142 900 4207 My.
916 4143 971 4193 Em.
985 4144 1041 4194 533
1067 4129 1215 4195 Ahabcant
1233 4146 1288 4209 Mp.
1311 4143 1327 4194 l.
1348 4163 1369 4195 c.
1409 4146 1487 4207 10‚s

420 4228 564 4291 sbrypotim
630 4227 672 4286 11,
692 4235 706 4276 2
724 4228 774 4277 hoc
793 4236 882 4277 estex
900 4229 995 4279 loederc
1047 4233 1262 4297 Spropulsautor
1307 4233 1489 4297 taorypotim'

419 4313 496 4377 fluis!
512 4312 686 4377 amphypolim
723 4312 765 4375 12,
789 4320 800 4363 l
822 4323 935 4381 peterem

739 4420 747 4458 l
