3475 5084
532 517 610 567 urse
626 517 724 566 xnus.
765 517 814 580 (s.
834 514 896 565 cnr.
915 516 988 578 171.)
1193 520 1246 575 121

233 700 269 757 ad
288 698 440 757 Oceanum
463 701 565 757 deduci
586 702 710 776 placere.
764 701 821 773 Qui
842 699 1051 758 Carteiensium
1074 699 1154 756 domi
1174 717 1291 756 manere
1314 703 1330 757 4

231 805 351 875 vellem,
380 807 655 879 potestatemfie1i‚
682 808 725 864 uti
746 826 866 864 numero
889 806 1058 864 colonorum
1081 814 1190 873 essent,
1220 822 1291 878 agro

233 911 392 984 adsignata.
426 910 561 966 Latinam
582 930 645 967 eam
667 910 811 968 coloniam
832 928 895 968 esse
916 910 1173 983 libertinorumque
1193 906 1291 983 appel·

230 1014 288 1070 lari.
332 1015 448 1071 Eodem
479 1022 611 1090 tempore
639 1036 676 1072 ex
699 1016 803 1073 Africa
834 1026 863 1073 et
891 1002 1021 1075 Gulussa
1041 1012 1290 1089 regulus,'Masi·
1315 1017 1331 1071 5

229 1120 310 1175 nissae
331 1120 420 1190 iilius,
441 1119 554 1193 legatus
575 1121 681 1195 patris,
711 1130 740 1178 et
761 1120 1015 1196 Carthaginienses
1037 1127 1185 1176 venerunt.
1228 1118 1291 1176 Gn·
1314 1122 1332 1177 6

229 1222 303 1279 lussa
326 1224 411 1298 prior
431 1225 461 1280 in
482 1234 613 1281 senatum
635 1227 823 1296 introductus,
845 1236 875 1283 et
896 1228 930 1283 de
950 1228 993 1297 lis,
1016 1244 1076 1300 quoe
1097 1225 1189 1281 missa
1210 1232 1293 1280 erant

229 1327 263 1382 ad
284 1326 396 1385 bellum
420 1328 653 1386 blacedonieum-
669 1349 688 1387 a
714 1340 798 1405 patre
826 1348 895 1402 suo,
929 1331 1078 1404 exposuit,
1111 1338 1154 1399 et,
1188 1328 1211 1384 si
1234 1308 1291 1401 qua

226 1441 369 1505 praterea
389 1433 497 1489 vellent
514 1434 667 1509 imperare,
692 1444 894 1509 prestaturum
922 1433 1024 1489 merito
1046 1433 1146 1508 populi
1167 1434 1293 1489 Romani

227 1545 268 1592 est
288 1538 453 1611 pollicitus,
478 1546 507 1594 et
528 1539 639 1595 monuit
660 1550 759 1613 patres
780 1540 974 1613 conscriptos,
1002 1545 1034 1593 nt
1055 1558 1073 1625 a
1093 1524 1197 1595 fraude
1219 1534 1292 1593 Car·

225 1642 451 1716 thaginiensium
474 1653 617 1699 caverent.
650 1642 760 1700 Classis
776 1662 826 1701 eos
847 1662 961 1718 magum
982 1644 1119 1717 parandae
1141 1640 1290 1698 consilium
1315 1639 1329 1691 7

226 1746 354 1819 cepisse,
387 1747 483 1821 specie
504 1766 557 1821 pro
580 1728 719 1804 Romanis
748 1757 778 1805 et
799 1750 939 1806 adversus
961 1748 1153 1813 Macedonns;
1183 1745 1233 1801 ubi
1255 1762 1291 1800 ea

225 1861 330 1924 parata
351 1852 553 1925 instructaque
572 1838 656 1921 esset,
678 1852 806 1925 ipsorum
821 1852 885 1909 fore
899 1852 1061 1928 potestatis,
1077 1870 1161 1925 quem
1177 1851 1289 1906 bostem

227 1963 275 2011 ant
295 1956 410 2011 socium
432 1936 569 2014 habeant.
613 1957 699 2013 Hanc
719 1957 793 2014 iniec
814 1960 832 1994 't
853 1959 871 1993 *

307 2061 326 2096 ⁵
349 2062 367 2095 '¹
390 2060 428 2115 tis
451 2068 562 2145 tentum
594 2079 733 2135 pavorem
757 2062 880 2136 ingressi
904 2070 1016 2132 eastra,
1045 2067 1222 2117 ostentantes
1243 2074 1291 2114 ca·
1313 2054 1330 2109 2
1353 2046 1375 2116 4

224 2163 300 2237 pita,
322 2163 471 2234 fecerunt,
500 2173 546 2245 ut,
573 2165 599 2221 si
620 2166 754 2222 admotus
776 2167 923 2242 externplo
946 2166 1087 2223 exercitus
1111 2164 1202 2233 foret,
1225 2162 1290 2235 oapi
1307 2152 1390 2269 2311
1386 2164 1407 2199 ⁰·
1417 2154 1476 2268 ⁵123

225 2278 324 2325 castra
345 2268 501 2343 potuerint.
542 2270 618 2325 Tum
639 2289 755 2344 quoque
772 2270 844 2344 iuga
858 2271 960 2346 iugens
977 2271 1057 2327 iacta
1073 2278 1131 2335 est3
1153 2278 1182 2324 et
1200 2276 1291 2336 erant,
1311 2291 1358 2351 (Α
1376 2236 1490 2337 dignust,

226 2373 273 2445 qui
292 2374 412 2447 legatos
436 2374 590 2430 mittendos
613 2374 651 2431 ad
672 2394 773 2449 pacem
796 2376 930 2449 precibus
954 2372 1107 2448 petendam
1131 2380 1292 2439 censerent3
1311 2358 1487 2476 ἕῗῖἶθῑέθιΑ·

227 2476 421 2551 civitatesque
443 2479 615 2553 complures,
636 2498 671 2535 eo
692 2480 793 2537 nuntio
815 2480 929 2549 audito,
959 2478 987 2535 in
1012 2478 1186 2533 deditionem
1208 2494 1294 2532 vene·
1312 2442 1489 2559 „siggim

226 2592 300 2642 runt.
348 2582 462 2654 Quibus
489 2585 679 2658 purgantibus
702 2602 765 2641 sese
794 2585 968 2658 culpamque
995 2583 1026 2639 in
1048 2583 1169 2640 duorum
1193 2600 1291 2637 amen·
1315 2584 1331 2640 3

227 2685 294 2742 tium
326 2686 557 2757 conferentibus,
586 2689 636 2762 qui
665 2706 697 2745 se
720 2689 796 2745 ultro
823 2688 861 2744 ad
889 2708 1005 2763 poenam
1029 2687 1084 2761 ipsi
1113 2684 1292 2760 optulissent,

227 2808 290 2847 cum
315 2791 432 2847 veniam
454 2792 580 2849 dedisset
597 2803 713 2868 praetor,
735 2793 882 2868 proiectus
901 2793 1046 2867 extemplo
1067 2791 1104 2849 ad
1127 2786 1199 2848 alias
1222 2787 1291 2845 civi·
1314 2789 1332 2842 t

227 2900 318 2963 tates,
339 2895 474 2952 omnibns
504 2896 648 2973 imperata
668 2898 855 2969 iacientibus,
887 2898 984 2972 quieto
1006 2898 1133 2954 exercitu
1155 2903 1290 2971 pacatum

227 3179 275 3250 4,ss
285 3199 441 3255 potestatem
451 3191 515 3251 loro,
523 3191 569 3241 ced
577 3194 646 3241 verbo
656 3195 752 3243 obscene
760 3194 862 3257 scripto‚·
873 3195 928 3258 My.
939 3193 995 3243 En.
1006 3192 1022 3243 l.
1034 3209 1054 3242 c.
1063 3194 1073 3256 (
1081 3190 1172 3241 Vallen
1181 3190 1292 3253 affirmat

228 3279 334 3328 selternfi
348 3278 397 3327 etri
410 3277 522 3326 innodius
532 3296 658 3343 apparere.
670 3280 783 3328 Dodrens
794 3281 859 3329 utin
870 3280 990 3343 numero)
1002 3276 1005 3341 l
1015 3278 1049 3328 H.
1059 3282 1155 3333 essetss
1164 3275 1292 3323 coloniam

228 3380 306 3431 luisse
320 3360 403 3431 Grons
423 3380 448 3439 5,
463 3386 472 3428 t
486 3383 593 3441 gulussa
602 3368 754 3432 maisinissa
769 3384 873 3445 regulus
885 3384 952 3431 tilius
963 3382 1063 3447 Kreyss.
1076 3379 1168 3445 (Gryn.
1180 3378 1292 3428 Gulussa

227 3468 373 3517 Masinissa
389 3468 456 3527 regis
471 3468 552 3528 filius)
571 3468 596 3524 6,
608 3475 622 3515 2
633 3471 792 3519 introductus
808 3479 834 3517 et
848 3471 927 3518 missa
942 3467 1100 3532 rl19.(Gryn.
1115 3469 1172 3516 intr.
1187 3475 1219 3524 et,
1233 3478 1291 3528 qua

228 3571 319 3633 missa)
357 3575 372 3617 3
393 3551 522 3632 explosuit
563 3576 578 3618 4
598 3572 752 3633 imperarent
767 3573 772 3634 Ι
788 3573 879 3620 merito
897 3554 929 3635 pi
969 3577 982 3620 5
1004 3581 1029 3619 ct
1048 3571 1146 3619 monuit
1165 3578 1189 3619 et
1207 3577 1291 3631 patres

229 3656 369 3718 consgripti
405 3653 429 3717 7,
452 3661 462 3703 l
485 3656 620 3704 consilium
646 3658 870 3721 coepissusspecie‚
888 3656 932 3706 sed
949 3656 1032 3706 litteroe
1051 3673 1093 3706 sus
1112 3666 1159 3705 tan
1179 3656 1291 3714 obscnroe,

228 3752 253 3791 nt
272 3742 321 3806 leyi
337 3741 380 3789 nix
395 3741 494 3803 ponant
526 3748 541 3789 2
561 3744 793 3792 macedoniasubea
810 3751 902 3806 parata
932 3742 995 3792 tIn
1013 3760 1036 3792 e.
1056 3742 1123 3791 iniec
1142 3740 1228 3790 desinit
1238 3738 1290 3803 sol.

230 3826 263 3876 82
281 3826 386 3885 codices,
413 3826 493 3890 quales
516 3844 578 3876 nune
599 3836 640 3877 est.
682 3827 780 3878 Deinde
804 3827 889 3878 desunt
911 3830 1076 3892 quaterniones
1095 3837 1207 3892 qunttttor
1226 3825 1291 3885 XV,

230 3912 314 3973 XVI,
335 3911 437 3972 XVII,
457 3913 573 3982 XVIII,
596 3915 723 3977 inquibus
740 3925 792 3963 erat
803 3916 865 3978 finis
884 3916 1030 3965 novationis
1047 3932 1125 3964 rernm
1143 3914 1175 3964 P.
1195 3913 1291 3962 Licinio

229 4008 250 4049 et
269 3999 296 4049 C.
319 3998 405 4049 Cassio
422 4015 482 4049 coss.
502 4009 611 4049 semron
628 4010 652 4050 et
669 4003 747 4050 maior
761 4018 823 4064 pers
840 4002 987 4051 mannonis
1004 4018 1081 4050 rernm
1100 4002 1131 4050 A.
1146 3998 1251 4049 Hostilio
1269 4007 1292 4047 et

228 4085 259 4136 Δ.
277 4085 356 4135 Atilio
375 4086 413 4148 (a.
431 4084 489 4135 170
505 4103 530 4135 a.
553 4084 623 4147 Clo.)
641 4096 758 4136 netarum.
812 4087 861 4146 IV,
881 4088 905 4146 2,
929 4094 939 4137 l
966 4089 999 4136 tis
1018 4094 1117 4135 tantum
1137 4086 1221 4137 extitit
1244 4099 1290 4147 pa-

229 4185 274 4223 uor
290 4172 404 4235 ingressi
449 4170 550 4235 Kreyss.
569 4174 705 4237 suspicatur
713 4174 808 4237 fnisse:
826 4173 938 4222 Tantum
957 4174 1050 4223 exinde
1066 4170 1194 4237 pavorem]
1213 4176 1228 4217 t
1248 4184 1290 4219 aa·

229 4276 282 4338 pita
299 4284 386 4324 eastra
456 4282 472 4323 3
494 4260 665 4340 sugadingens
719 4277 880 4340 tpraeeibus
