3475 5084
533 532 611 581 uuo
628 508 736 581 ων(
764 530 811 592 (a.
827 530 887 579 cor.
902 530 974 593 rae.)
1178 534 1235 591 sss

228 711 376 786 quindecim
390 713 501 771 milium
516 733 655 790 passuum
671 733 748 789 tagre
761 714 863 773 itinere
877 713 1010 773 confecto
1021 722 1118 771 eastre
1132 714 1280 788 posuerint

227 818 444 891 quieverintque;
472 819 608 890 Dictum,
630 839 716 894 quem
738 836 856 895 cepere,
877 820 972 878 locum
1002 818 1158 895 appellant.
1206 819 1318 877 Indoi

225 933 329 995 postero
350 924 399 979 die
420 925 484 981 VII
507 925 587 982 milia
614 926 775 1001 progressi,
798 925 908 983 tumulo
930 924 1009 982 haud
1030 922 1132 999 procul
1153 922 1278 981 hostium

225 1027 315 1083 ossuis
336 1038 438 1103 capto,
467 1030 598 1087 nuntium
623 1031 662 1087 ad
683 1030 831 1087 consulem
853 1030 1018 1097 remittunt,
1048 1036 1218 1103 perventum
1241 1028 1279 1085 ad

224 1131 323 1187 hostem
345 1150 424 1203 esse3
450 1133 516 1191 loco
545 1153 577 1191 se
597 1144 661 1193 tuto
682 1146 711 1191 et
733 1134 771 1191 ad
793 1133 892 1191 omnis
914 1142 1078 1208 opportuno
1101 1133 1280 1199 consediss03

223 1247 260 1303 ut,
288 1247 429 1309 quantum
457 1240 613 1299 extendere
639 1240 695 1297 iter
724 1248 837 1315 posset,
864 1247 1098 1313 consequeretur.
1147 1237 1278 1297 Sollicito
1302 1243 1318 1297 5

222 1340 321 1397 consuli
344 1353 374 1397 et
392 1352 513 1418 propter
533 1343 643 1402 itineris
657 1344 867 1415 difficultatem,
890 1343 969 1419 quod
989 1343 1137 1417 ingressus
1156 1350 1229 1411 erut,
1250 1351 1279 1399 et

221 1462 310 1502 eorum
331 1446 437 1516 vicem,
459 1465 534 1520 quos
547 1467 659 1523 paucos
672 1450 749 1507 inter
763 1448 859 1506 media
874 1447 1010 1523 prasidio
1024 1448 1150 1505 hostium
1165 1447 1279 1522 praemi·

221 1560 298 1620 serat,
318 1552 439 1607 nuntius
460 1553 499 1608 od
520 1554 695 1611 Ascuridem
717 1554 852 1628 paludem
878 1554 1010 1611 occurrit
1056 1553 1168 1611 Addita
1191 1552 1279 1627 igitur
1302 1558 1319 1612 6

221 1655 315 1728 stipsi
341 1655 451 1713 fidncia
479 1666 538 1727 est,
568 1658 786 1734 coniunctisque
813 1658 920 1733 copiis,
949 1670 1046 1716 cestra
1075 1658 1200 1728 tumulo,
1230 1657 1279 1731 qui

221 1760 372 1830 tenebatur,
395 1779 455 1834 qua
469 1761 652 1835 aptissimum
667 1764 706 1820 ad
719 1763 777 1821 loci
794 1773 929 1822 naturam
945 1774 1018 1834 arat,
1038 1770 1105 1821 sunt
1126 1762 1278 1819 adclinata.

221 1862 280 1919 Non
308 1865 438 1922 hostium
473 1867 562 1923 modo
591 1879 703 1937 castra,
737 1886 803 1941 quse
828 1868 927 1943 paullo
948 1868 1014 1943 plus
1036 1866 1114 1925 mille
1140 1885 1277 1943 passuum
1302 1876 1325 1929 7·

222 1968 342 2039 aberant,
363 1970 417 2027 sed
438 1971 533 2027 omnis
553 1972 636 2045 regio
664 1973 703 2029 ad
724 1972 814 2029 Dium
842 1983 872 2030 et
900 1972 1016 2053 ljhilam
1049 1990 1159 2045 oraque
1182 1971 1279 2039 maris,

220 2069 270 2127 lete
290 2083 410 2147 patente
431 2093 469 2132 ax
489 2086 550 2132 tam
573 2076 634 2134 alto
650 2077 720 2152 iugo
734 2088 901 2153 prospectu,
919 2076 1010 2135 oculis
1027 2076 1175 2134 subicitur.
1208 2075 1280 2147 Quas
1303 2082 1320 2139 8

222 2194 260 2231 res
280 2180 413 2237 accendit
433 2179 517 2237 militi
538 2181 666 2250 animos,
689 2191 845 2256 postquam
868 2201 1013 2239 summum
1036 2181 1103 2239 belli
1126 2199 1161 2237 sc
1182 2180 1279 2254 regias

222 2298 311 2339 omnes
334 2285 438 2359 copias
463 2297 630 2361 terramque
652 2287 785 2345 hostilem
811 2298 871 2343 tam
894 2306 910 2343 e
932 2286 1097 2361 propinquo
1121 2302 1279 2359 conspexe-

223 2397 286 2444 runt.
322 2390 430 2463 Itaque
451 2409 516 2447 cum
539 2391 662 2464 alacres,
682 2392 815 2467 protinus
828 2392 947 2449 ducaret
966 2391 1004 2447 ad
1025 2400 1121 2448 castra
1142 2389 1278 2457 hostium,
1301 2398 1319 2452 9

223 2493 359 2551 consulem
381 2491 578 2564 hortarentur,
599 2496 661 2552 dias
684 2514 759 2553 nnus
780 2495 865 2553 fessis
887 2495 991 2553 labore
1014 2494 1068 2551 viss
1093 2495 1131 2551 ad
1153 2494 1278 2568 quietem
1545 2526 1546 2569 p

222 2595 297 2653 dotus
317 2610 371 2655 est
404 2600 506 2657 Tertio
528 2600 585 2669 die,
606 2609 691 2674 parte
708 2600 857 2675 copiarum
877 2601 915 2657 ad
931 2599 1096 2676 praesidium
1117 2608 1277 2656 castrorum
1304 2608 1339 2663 10
1374 2673 1376 2679 J
1545 2578 1546 2645 i

222 2699 321 2771 relicta,
342 2702 445 2760 consul
467 2705 504 2761 sd
525 2705 639 2761 hostem
660 2705 752 2784 ducitK

296 2807 423 2883 Hippius
449 2828 543 2884 nuper
571 2810 610 2866 ed
633 2810 770 2867 tuendum
793 2810 898 2867 saltum
927 2809 966 2866 ab
986 2826 1055 2883 rege
1077 2808 1181 2866 missus
1203 2818 1278 2878 erat3
1340 2810 1363 2881 4

224 2908 279 2979 qui,
306 2928 344 2969 ex
372 2929 432 2985 quo
453 2923 551 2970 castra
571 2915 758 2972 Romanam
779 2913 891 2973 tumulo
913 2914 1080 2989 conspexit,
1107 2914 1278 2988 preparatis

223 3011 255 3066 ad
273 3023 420 3071 certamen
441 3018 546 3076 animis
574 3038 710 3090 suorum,
738 3019 863 3077 venienti
891 3018 999 3093 agmini
1027 3016 1153 3075 consulis
1175 3018 1278 3074 obrius

224 3112 277 3173 fuit.
308 3120 349 3177 Et
369 3122 496 3179 Romani
517 3124 646 3199 expediti
666 3123 705 3180 ad
726 3141 854 3198 pugnam
877 3123 1017 3190 exierant,
1038 3129 1067 3177 et
1087 3122 1185 3178 hostes
1206 3122 1279 3178 levis
1301 3126 1318 3181 2

225 3232 362 3279 armatura
380 3235 452 3293 erat,
475 3227 722 3302 promptissimum
740 3246 833 3302 genus
848 3228 887 3285 ad
905 3225 1104 3283 lacessendum
1123 3236 1277 3282 certamem

224 3323 369 3400 Congressi
393 3329 482 3403 igitur
503 3333 666 3407 extemplo,
697 3332 757 3390 tela
783 3332 976 3390 coniecerunt.
1017 3329 1112 3387 Mults
1134 3330 1277 3403 utrimque
1300 3337 1316 3391 3

224 3643 350 3704 ipassum
366 3658 426 3707 egre
441 3646 445 3711 Ι
461 3646 593 3707 posuerint
607 3639 849 3707 tussimquedierum
862 3643 917 3708 My.
938 3642 1033 3693 Nomen
1047 3642 1095 3693 loci
1108 3643 1219 3693 incertam
1235 3652 1276 3692 est.

226 3725 304 3793 (Grpe.
311 3732 454 3794 posuerint:
464 3730 681 3780 turrimEudieru.
689 3730 764 3780 Narro
777 3729 918 3780 Vestorium
930 3746 1022 3794 quoque
1029 3730 1201 3794 requieverint
1206 3730 1280 3779 sortiri

224 3828 416 3896 rumorido.)
449 3834 637 3897 tappeilantur
669 3832 720 3893 m
734 3850 777 3883 urs.
789 3835 919 3897 progressi
953 3818 1130 3883 sconsulema
1146 3835 1279 3883 remittunt

225 3912 405 3972 &theasium
419 3920 568 3983 presideret
608 3920 780 3983 tascyrideru
822 3920 1106 3983 &scouiunctiisque
1142 3921 1280 3972 utebatur

225 4013 246 4073 7,
263 4025 277 4067 2
295 4022 328 4071 ad
345 4024 413 4071 diem
431 4031 459 4071 et
472 4023 552 4087 pilam
596 4028 731 4087 Spetcnte
747 4025 751 4086 Ι
767 4024 894 4085 subigitur
927 4022 953 4083 8,
973 4028 988 4071 2
1009 4032 1144 4088 postquam
1164 4006 1188 4073 nr
1207 4040 1278 4073 sum·

226 4120 296 4184 man!
305 4140 350 4175 aec
360 4127 445 4187 regias
462 4128 571 4176 somnis
588 4126 637 4187 9,2
649 4126 739 4175 labore
755 4118 824 4175 nita*
849 4111 1278 4190 1v‚1‚sagmiinieonsu10nuius

225 4202 247 4260 2,
265 4213 275 4255 l
294 4209 361 4271 (Iam
382 4210 458 4277 Grya.
476 4222 539 4261 recte
557 4213 748 4277 interpunsamn
763 4221 848 4275 posteo
857 4214 956 4277 sactum
969 4221 995 4261 et
1012 4214 1107 4263 hostes.
1128 4212 1278 4263 Lusissrm.

226 4289 275 4341 Em.
293 4296 358 4360 559)
