3475 5084
430 510 448 532 ·
471 512 526 568 tea
737 508 815 559 naun
832 507 931 559 xmv.
957 462 1169 573 'mansan

424 692 629 752 summovisset
648 692 816 763 hmanas,
842 692 1059 751 Demetriadem
1082 692 1162 769 prius
1184 693 1300 751 occulto
1321 692 1431 751 itinere
1453 692 1500 749 in-

423 808 531 869 traret,
562 814 651 872 quam
683 796 722 853 ab
744 796 825 855 lolcu
853 798 893 856 ad
922 798 1022 856 urbem
1052 808 1149 857 cestra
1177 808 1330 855 moverent
1357 797 1499 857 Romani.

383 904 463 963 6Et
491 903 529 961 ab
558 902 810 978 oppugnatoribus
831 902 991 973 Meliboea,
1027 920 1091 961 cum
1128 903 1158 961 in
1191 901 1391 979 superioribus
1425 898 1500 957 locis

422 1019 542 1084 repente
564 983 765 1083 apparuisset,
778 1026 844 1064 cum
865 1006 1060 1083 trepidatione
1081 1007 1173 1065 multa
1193 1007 1296 1065 relicta
1311 1026 1404 1083 opera
1421 1014 1501 1071 sunt,

384 1114 547 1189 liquitque
567 1113 698 1170 iniectos.
748 1114 797 1171 Ita
818 1132 838 1171 a
860 1113 998 1172 Meliboea
1019 1113 1185 1172 abscessum
1209 1122 1261 1171 est.
1304 1113 1500 1189 Euphranor.

422 1218 519 1277 soluts
549 1217 635 1276 unius
665 1217 746 1277 urbis
774 1217 941 1286 obsidione,
974 1219 1191 1277 Demetriadem
1223 1217 1370 1294 extemplo
1405 1216 1498 1273 ducit.

421 1326 519 1383 Nocte
540 1322 647 1381 muenia
666 1325 685 1361 ³
699 1325 718 1361 ³
739 1324 840 1392 modo,
860 1323 913 1381 sed
935 1342 1023 1399 agros
1043 1324 1131 1383 etiam
1154 1324 1332 1383 confiderent
1352 1340 1384 1379 se
1409 1341 1432 1379 a
1445 1340 1500 1397 po-

421 1430 619 1507 pulationibus
645 1428 719 1487 tueri
744 1447 846 1505 posse;
878 1438 907 1486 et
936 1429 1104 1504 eruptiones
1128 1430 1158 1488 in
1188 1448 1282 1505 vagos
1303 1427 1501 1505 populatores

384 1542 402 1597 8
423 1554 482 1593 nou
503 1535 566 1593 eine
586 1534 754 1592 volneribus
775 1533 902 1591 bostium
926 1532 1011 1592 iactae
1032 1542 1109 1595 sunt.
1168 1533 1362 1593 Circumvectl
1392 1542 1499 1590 tamen

422 1640 529 1699 moeuiu
550 1648 617 1696 sunt
638 1650 746 1714 praetor
767 1648 797 1696 et
816 1657 890 1709 rex,
908 1639 994 1698 situm
1017 1639 1098 1697 urbis
1119 1640 1364 1716 contemplantes,
1384 1638 1413 1695 si
1439 1656 1499 1713 qua

381 1752 506 1823 9parte
537 1752 681 1819 temptare
713 1752 764 1801 aut
796 1762 885 1819 opera
916 1753 968 1803 aut
998 1744 1028 1801 vi
1049 1756 1174 1819 possent..
1223 1746 1319 1803 Fama
1339 1743 1413 1811 luit,
1445 1761 1500 1817 per

424 1850 587 1926 Cydantem
611 1847 779 1906 Cretensem
803 1858 833 1905 et
845 1848 1063 1921 Antimachum,
1087 1850 1138 1924 qui
1153 1848 1335 1907 Demetriadi
1356 1856 1498 1922 praeerat,

421 1964 562 2013 tractatas
583 1954 660 2011 inter
683 1954 834 2011 Eumenen
855 1962 885 2009 et
909 1954 1019 2013 Persea
1042 1955 1227 2013 condiciones
1248 1952 1392 2012 amicitiae.
1444 1953 1497 2011 Ab

364 2070 400 2126 10
423 2060 613 2118 Demetriade
637 2069 716 2117 certe
738 2060 905 2116 abscessum
928 2066 981 2117 est.
1023 2060 1170 2117 Eumenes
1199 2060 1236 2117 ud
1266 2058 1416 2117 consulem
1441 2076 1496 2115 ua·
1569 2084 1570 2127 3

422 2166 518 2241 vigat;
546 2164 726 2241 gratulatus,
749 2162 828 2237 quod
850 2180 990 2237 prospere
1014 2164 1219 2223 Macedoniam
1241 2164 1393 2233 intrasset,
1417 2164 1496 2221 Per-

363 2280 396 2337 tt
422 2290 541 2348 gamem
562 2270 593 2328 in
614 2287 737 2344 regnum
762 2268 833 2325 abit.
870 2267 1000 2325 Marcius
1021 2267 1145 2345 Figulus
1166 2279 1284 2344 praetor,
1307 2276 1390 2344 parte
1414 2268 1493 2325 claa-

421 2378 461 2435 sie
482 2377 512 2434 in
535 2376 658 2433 hiberus
678 2372 828 2433 Sciathum
850 2372 957 2442 missa,
990 2390 1056 2431 cum
1085 2371 1205 2447 reliquis
1230 2372 1357 2429 navibus
1378 2370 1491 2429 Oreum

420 2482 541 2541 Euboeoe
566 2479 646 2555 petit,
668 2496 732 2535 eam
758 2477 858 2535 urbem
882 2477 1062 2552 aptissimam
1084 2486 1183 2549 ratus,
1205 2478 1281 2535 unde
1303 2476 1490 2547 exercitibus,

422 2588 471 2663 qui
492 2587 522 2643 in
544 2582 720 2642 Macedonia
741 2582 849 2656 quique
870 2582 899 2639 in
921 2580 1076 2641 Thessalia
1096 2590 1189 2651 erant,
1212 2582 1287 2639 mitti
1308 2590 1490 2639 commeatus

362 2700 398 2757 12
421 2699 550 2769 possent.
607 2687 655 2744 De
676 2686 807 2743 Eumene
833 2704 904 2761 rege
931 2686 1018 2761 longe
1044 2684 1161 2743 diversa
1191 2688 1244 2743 ulii
1268 2687 1396 2745 madunt.
1456 2686 1488 2745 Si

421 2795 542 2853 Valerio
564 2789 678 2851 Antiati
707 2790 827 2861 credas,
857 2808 911 2849 nec
938 2790 1032 2849 classe
1060 2790 1189 2850 adiutum
1213 2792 1252 2848 ab
1274 2810 1309 2849 eo
1333 2801 1487 2867 pratos-em

421 2918 493 2968 esse,
515 2917 580 2957 cum
603 2914 681 2971 saepe
702 2915 766 2953 eum
789 2895 893 2952 litteris
907 2896 1087 2967 accersisset,
1109 2896 1208 2964 tradit,
1228 2913 1282 2953 nec
1303 2914 1370 2953 cum
1391 2896 1488 2971 gratia
1568 2872 1569 2887 ἶ

421 3007 460 3063 ab
481 3004 599 3063 consule
620 3000 783 3079 proiectum
804 3002 835 3058 iu
858 3000 972 3071 Asiam,
994 3001 1193 3077 indignatum,
1214 3001 1312 3075 quod,
1332 3010 1366 3059 ut
1385 3000 1486 3057 iisdem

365 3113 399 3170 ta
422 3109 525 3168 castris
545 3106 685 3177 tenderet,
706 3106 878 3182 permissum
908 3124 967 3163 non
988 3105 1091 3175 fuerit;
1117 3123 1155 3185 ue
1183 3113 1215 3162 ut
1236 3105 1349 3179 equites
1370 3104 1485 3181 quidem

422 3216 545 3282 Gallos,
566 3229 640 3288 quos
662 3228 759 3269 secum
782 3210 961 3282 adduxerat,
985 3210 1176 3285 relinqueret,
1202 3210 1355 3285 impetrari
1382 3211 1421 3268 ab
1451 3228 1485 3267 eo

420 3467 446 3524 6,
468 3473 479 3515 l
500 3464 630 3515 moeliboea
653 3461 738 3510 locum
756 3460 783 3508 in
826 3464 921 3511 tsnnt
938 3459 1047 3509 iniectus
1083 3459 1153 3509 Fieri
1170 3467 1261 3525 potest,
1280 3467 1308 3507 at
1320 3457 1396 3523 pluro
1414 3460 1485 3507 verto
1567 3472 1568 3515 ἢ

420 3568 551 3620 aaran
569 3572 585 3617 8
604 3549 767 3615 alsmoeltboea
819 3562 874 3623 7,1
897 3563 1029 3627 euphauor
1064 3567 1080 3612 8
1099 3562 1277 3612 noctemuenia
1295 3564 1376 3611 modo
1394 3559 1482 3627 (Gryu.

421 3671 469 3707 uec
488 3664 543 3704 tum
561 3653 660 3703 sumnia
668 3650 759 3713 modo)
772 3649 899 3701 Lucanam
912 3648 1005 3699 notauit
1013 3647 1198 3699 Forcltlommcr
1215 3658 1238 3698 st
1253 3648 1290 3697 sic
1299 3650 1360 3713 sere
1376 3646 1484 3712 mppleu·
1567 3658 1568 3711 ξ

421 3742 480 3791 dam
496 3737 626 3789 intellexit:
644 3736 727 3787 Nocte
740 3736 835 3785 moenia
851 3736 931 3784 intrat
948 3743 1098 3801 tantamque
1116 3737 1228 3785 adventu
1246 3749 1293 3785 suo
1311 3735 1405 3785 incolis
1421 3734 1483 3784 fidu·

421 3847 488 3895 ciam
515 3842 588 3901 lecit,
616 3848 646 3891 ut
663 3854 714 3889 uon
742 3838 838 3888 misnia
855 3837 934 3886 modo
951 3836 1008 3889 Em.
1027 3838 1085 3889 567
1101 3840 1105 3901 Ι
1121 3819 1305 3903 ιοᾱὲοέςτοεΙ
1327 3839 1485 3889 consuerunt

422 3928 527 3980 Forcll.
579 3934 595 3980 ,4
621 3934 648 3977 et
668 3924 852 3976 eruditionibus
875 3923 902 3971 iu
928 3938 1010 3985 uagus
1056 3929 1071 3975 t
1095 3925 1151 3977 uoti
1175 3926 1230 3975 sine
1279 3924 1310 3983 8,
1340 3930 1352 3975 l
1379 3926 1483 3975 circum·

421 4014 597 4083 uecti'siumen
633 4009 805 4080 emeritum
821 4025 827 4086 Ι
842 4007 929 4076 urbeis
976 4032 1083 4091 aposto
1130 4028 1160 4089 9,
1187 4034 1202 4077 2
1230 4007 1361 4093 optantem
1383 4009 1485 4091 raptat

420 4120 509 4185 scripto
526 4120 542 4168 d
557 4117 564 4182 Ι
578 4116 712 4166 demetridi
759 4119 886 4177 sparsae
931 4112 1016 4171 11‚a
1040 4114 1272 4178 sciatumtoreum
1297 4114 1483 4165 tostinum
1566 4160 1567 4169 ,

422 4212 438 4255 ³
461 4204 649 4270 urbemlurbem
697 4200 794 4264 tquia
810 4199 838 4247 iu
853 4200 858 4260 Ι
875 4198 980 4249 wasalia
1014 4198 1057 4257 la,
1081 4205 1091 4249 l
1116 4201 1219 4251 diuersa
1234 4201 1339 4251 tradunt
1358 4198 1414 4265 My.
1428 4199 1484 4250 Es.

419 4290 480 4340 5⁶7
515 4288 643 4338 tantiaci
681 4286 796 4335 eisdem
835 4286 986 4335 clauderet
1019 4284 1062 4342 13,
1081 4291 1096 4335 t
1116 4287 1259 4335 adduxerat
1276 4286 1417 4350 reliqueret
