3475 5084
536 510 614 559 Liber
630 509 713 559 XLV.
764 512 811 573 (Δ.
832 510 891 562 Chr.
914 511 985 575 rot.)
1188 515 1246 571 233

232 695 280 751 Ita
301 693 440 753 destituta
454 715 554 755 eorum
570 716 631 774 spe,
653 699 712 774 qui‚
733 697 823 757 fratre
837 706 983 769 accusato,
1004 696 1189 774 partitionem
1210 699 1291 775 regni
1314 701 1330 797 ζ

232 799 390 873 petiturum
411 803 609 876 crediderant,
640 804 721 863 curia
750 803 882 861 excessit
933 805 1013 861 Raro
1044 803 1117 861 alias
1139 802 1289 877 quisquam

231 924 286 963 rex
315 916 366 963 aut
392 908 525 982 privatus
555 917 637 966 tanto
666 910 769 969 favore
792 919 932 983 tantoque
954 908 1080 966 omnium
1103 907 1226 965 adsensu
1248 918 1291 967 eat

231 1012 363 1083 auditus3
393 1014 527 1071 omnibus
548 1016 705 1073 honoribus
726 1016 951 1089 muneribusque
972 1024 1000 1072 et
1020 1030 1146 1090 praesens
1167 1022 1210 1091 est
1231 1015 1290 1071 cnl-

231 1126 280 1173 tus
302 1126 332 1175 et
352 1120 578 1191 proficiscentem
600 1121 745 1196 prosecuti
766 1131 841 1179 sunt.
882 1114 962 1178 Inter
980 1120 1085 1177 multas
1107 1118 1186 1177 Asiae
1207 1117 1291 1176 Gra·
1314 1126 1331 1179 4

231 1223 344 1299 ciarqne
364 1224 524 1299 legationes
545 1227 724 1285 Rhodiorum
746 1225 874 1283 maxime
894 1226 983 1301 legati
1005 1226 1148 1284 civitatem
1171 1242 1291 1281 conver-

231 1306 338 1387 terunt.
382 1331 462 1388 Nam
484 1350 548 1389 cum
570 1333 664 1407 primo
688 1332 718 1389 in
738 1339 820 1389 veste
847 1332 971 1389 candida
994 1331 1049 1388 visi
1078 1338 1188 1401 essent,
1214 1329 1292 1405 quod
1315 1339 1331 1391 5

231 1443 261 1491 et
282 1436 463 1510 gratulantes
482 1437 619 1509 decebat,
640 1447 682 1508 et,
704 1438 737 1510 si
750 1437 898 1495 sordidam
920 1444 1029 1494 vestem
1050 1436 1226 1505 habuissent,
1248 1435 1291 1492 ln-

231 1541 361 1615 gentium
386 1542 488 1600 Persei
519 1561 617 1601 casum
649 1544 778 1619 praebere
805 1545 930 1619 speciem
957 1550 1105 1618 poterant,
1137 1552 1290 1617 postquam
1315 1548 1332 1601 o

231 1645 357 1703 consulti
380 1648 418 1704 ab
440 1650 483 1708 Μ.
505 1650 590 1707 Iunio
612 1650 730 1708 consule
750 1659 867 1725 patres,
899 1648 1040 1707 stantibus
1061 1648 1091 1704 in
1115 1648 1230 1706 comitio
1251 1648 1292 1704 le·

232 1752 330 1825 gatis,
351 1771 389 1809 an
410 1752 522 1825 locum,
543 1755 650 1826 lautia,
671 1764 861 1829 senatumque
882 1755 999 1824 darent,
1020 1752 1128 1809 nullum
1151 1754 1294 1828 hospitale

232 1857 279 1913 ius
300 1857 330 1913 in
353 1857 388 1914 iis
409 1860 583 1917 servandum
606 1869 786 1933 censuerunt,
808 1878 975 1936 egressus-e
996 1860 1076 1917 ouria
1097 1860 1206 1929 consul,
1229 1878 1292 1917 cum
1317 1853 1358 1917 7*

231 1962 351 2034 Rhodii,
377 1965 554 2038 gratulatum
584 1984 616 2023 se
644 1968 680 2025 de
709 1967 832 2025 victoria
859 1976 1073 2041 purgatumque
1094 1965 1218 2022 civitatis
1240 1967 1293 2023 ori·

231 2066 315 2123 mina
335 2068 463 2154 dicentes
481 2070 608 2140 venisse,
630 2073 782 2146 petissent,
806 2080 838 2129 ut
858 2080 975 2129 senatus
1000 2072 1055 2129 sibi
1077 2052 1202 2141 daretur,
1223 2090 1293 2146 pro-

230 2173 362 2244 nuntiat,
393 2175 480 2232 sociis
519 2187 547 2234 et
578 2178 677 2235 amicis
709 2187 738 2235 et
763 2177 821 2235 alia
849 2178 969 2235 comiter
998 2176 1093 2250 adque
1113 2176 1334 2252 hospitaliter8

230 2287 372 2353 praestare
395 2281 544 2338 Romanos
569 2290 599 2339 et
627 2293 757 2341 senatum
788 2284 859 2340 dare
881 2300 1051 2351 consuesse;
1083 2283 1214 2340 Rhodios
1235 2301 1294 2339 non

230 2384 276 2440 ita
297 2385 415 2442 meritos
430 2404 464 2442 eo
479 2386 564 2459 bello,
585 2398 617 2445 nt
632 2390 789 2447 amicorum
811 2389 1009 2462 sociorumque
1030 2406 1149 2445 numero
1169 2389 1293 2445 habendi

232 2491 300 2546 sint.
343 2490 401 2548 His
421 2493 539 2564 auditis,
561 2502 780 2569 prostraverunt
801 2512 832 2551 se
853 2512 953 2552 omnes
974 2492 1068 2562 humi,
1091 2493 1294 2567 consulemque
1317 2500 1333 2553 9

232 2605 264 2652 et
284 2605 420 2668 cunctos,
453 2598 659 2672 quindenam,
691 2609 825 2672 orantes,
857 2618 894 2656 ne
921 2617 999 2655 nova
1020 2596 1153 2671 falsaque
1175 2596 1296 2654 crimina

232 2700 300 2776 plus
328 2704 431 2760 obesse
460 2705 581 2761 Rhodiis
612 2725 702 2765 oecum
738 2714 889 2765 censerent
920 2724 1006 2779 quam
1035 2702 1154 2776 antiqua
1183 2701 1295 2772 merita,

184 2837 188 2843 ·
235 2826 359 2880 quorum
388 2809 443 2883 ipsi
470 2818 558 2882 testes
585 2823 695 2882 essent,
727 2812 888 2889 extemplo,
920 2820 1001 2868 veste
1031 2808 1149 2867 sordida
1170 2816 1294 2883 sumpta,
1321 2819 1354 2869 to

234 2914 340 2969 domos
360 2915 523 2990 principum
545 2935 609 2974 cum
626 2921 760 2993 precibus
781 2938 816 2977 ac
839 2917 966 2976 lacrimis
988 2915 1184 2982 circumibant,
1207 2932 1294 2970 oran-

234 3029 289 3090 tes,
311 3030 344 3076 nt
363 3020 443 3094 prins
465 3039 670 3096 cognoscerent
690 3044 809 3083 causam
833 3044 921 3101 quam
943 3022 1174 3080 condemnarent

320 3126 370 3181 Μ’.
394 3125 542 3184 Iuventius
564 3129 681 3189 Thalna
702 3141 823 3209 praetor,
853 3130 934 3187 cuius
960 3129 1035 3186 inter
1063 3126 1140 3183 cives
1162 3134 1190 3182 et
1212 3143 1295 3200 pere·
1337 3120 1375 3194 21

234 3230 336 3304 grinos
364 3231 521 3289 iurisdictio
551 3244 630 3307 erat,
661 3237 800 3312 populum
829 3236 968 3291 adversus
989 3232 1119 3291 Rhodios
1147 3230 1294 3321 incitabat,

234 3335 477 3412 rogationemque
503 3342 752 3422 promulgaverat,
782 3350 814 3398 ut
834 3340 957 3398 Rhodiis
986 3339 1092 3396 bellum
1123 3335 1334 3395 indiceretur2

235 3600 262 3660 3,
283 3607 298 3649 2
317 3603 468 3664 partiturum
487 3600 646 3668 crediderat!
666 3603 761 3652 curiam
781 3600 864 3668 Sigon
888 3602 970 3659 tacite,
994 3600 1049 3665 Mp.
1077 3596 1129 3649 Vid.
1151 3599 1224 3662 proes.
1248 3594 1294 3646 vol.

236 3686 275 3748 Π,
295 3688 311 3738 1
329 3687 365 3737 ad
384 3688 496 3748 ΧΧῙΠ,
514 3690 579 3750 1‚1,·
603 3691 647 3755 cfr.
667 3708 743 3755 capra
759 3708 780 3739 c.
800 3689 842 3767 23,
860 3688 930 3748 1201
950 3689 1058 3737 excessit
1083 3695 1112 3734 ut
1136 3700 1193 3734 raro
1220 3684 1294 3734 Gron.

237 3792 329 3858 (crya.
343 3796 462 3843 excessit.
482 3793 518 3841 Ut
528 3794 598 3857 raro)
621 3801 637 3841 4
651 3795 770 3843 omuibus
783 3794 901 3843 oneribus
914 3774 1137 3858 pmuneribnsqnae
1150 3771 1175 3840 et
1185 3804 1296 3855 praseno

237 3879 262 3940 5,
283 3887 298 3929 2
318 3882 469 3943 gratulantis
505 3881 530 3941 6,
543 3887 558 3930 3
571 3881 677 3930 lantiam
690 3881 765 3930 Frob.
782 3879 819 3930 11.
857 3882 967 3930 tinisse
978 3879 1131 3928 seruandum
1143 3876 1253 3943 (Kragas.
1269 3876 1295 3924 in

238 3968 270 4017 iia
289 3982 345 4017 esse
364 3969 524 4033 servandum)
548 3967 598 4028 7st
615 3970 671 4017 rodi
690 3968 852 4031 3pronuntia
879 3967 928 4026 8,l
949 3967 1047 4015 amiciis
1069 3972 1084 4014 3
1104 3966 1230 4015 sociorum
1249 3978 1297 4011 nu·
1344 3979 1347 3985 ’

237 4069 310 4102 mero
328 4054 379 4105 Ed.
402 4053 510 4105 Curionis
525 4058 529 4118 Ι
544 4056 654 4104 habendi
679 4062 738 4103 suut
783 4055 808 4110 9,
834 4060 843 4102 l
877 4056 978 4104 auditiis
1014 4052 1056 4112 10,
1079 4058 1089 4100 1
1112 4051 1298 4115 (interponantur

237 4140 311 4206 culpo
325 4142 394 4206 plane
412 4152 468 4192 anta
485 4142 634 4206 extemplo.)
670 4148 763 4189 2enm
781 4142 906 4205 praecibus
942 4142 1205 4190 scondemnarentur
1228 4136 1295 4189 Creu.

236 4229 314 4289 XXI,
334 4230 358 4288 1,
379 4236 390 4278 l
421 4237 438 4278 t.
457 4230 584 4279 inuentius
602 4230 673 4278 talua
691 4225 775 4291 saon.
795 4228 882 4295 (Gryn.
902 4230 938 4279 M.
958 4229 1011 4278 Iuv.
1031 4225 1125 4289 Talna)
