3475 5084
513 532 591 582 nin
607 531 703 581 XLIV.
749 534 796 595 (ι.
817 531 877 582 cir.
899 531 969 594 iss.)
1173 534 1227 589 193

226 718 371 787 Nasicam,
404 716 440 789 Q.
462 718 586 775 Fabium
618 717 778 774 Maximum
811 716 899 773 lilium
932 734 1013 773 suum
1047 734 1110 773 cum
1144 715 1270 790 quinque

224 824 323 879 milibus
343 822 461 881 delectis
492 824 612 881 militum
635 822 809 879 Heracleum
831 822 930 891 mittit,
960 822 1038 879 velut
1058 819 1179 878 classem
1202 840 1269 879 cou-

223 946 365 985 sceusuros
388 929 426 985 ad
451 928 633 986 maritumam
658 946 739 984 oram
761 927 905 985 interioris
927 926 1115 995 Macedoniae,
1141 927 1220 1000 quod
1241 927 1269 984 iu

224 1034 333 1091 consilio
356 1035 497 1109 agitatum
520 1045 591 1103 erat,
614 1034 794 1093 vastandam.
837 1033 954 1093 Secreto
972 1032 1138 1103 indicatum,
1161 1033 1269 1089 cibaria
1295 1033 1330 1087 15

224 1141 252 1196 iis
271 1154 437 1215 praeparata
457 1140 495 1197 ad
518 1140 639 1197 classem
662 1157 734 1212 esse,
762 1158 798 1195 ne
820 1138 889 1213 quid
910 1156 960 1195 eos
980 1148 1150 1194 moraretur.
1198 1139 1270 1195 Inde

223 1246 284 1302 inssi
307 1247 396 1303 duces
416 1245 526 1302 itineris
547 1245 588 1302 ita
612 1244 741 1301 dividere
761 1246 855 1312 viam,
883 1254 913 1299 ut
940 1254 1044 1317 quarta
1064 1241 1164 1317 vigilia
1185 1244 1269 1301 tertio

222 1352 261 1407 die
280 1352 428 1428 Pythoum
452 1351 560 1409 adoriri
581 1361 707 1425 possent.
754 1350 824 1425 Ipsa
845 1358 962 1424 postero
984 1347 1047 1417 die,
1080 1360 1111 1405 ut
1131 1349 1269 1407 detineret
1295 1352 1330 1407 16

222 1476 309 1531 regem
332 1458 371 1514 ab
394 1458 600 1531 circumspectu
623 1474 719 1555 rerum
739 1455 877 1525 aliarum,
909 1453 1003 1528 prima
1030 1454 1094 1511 luce
1124 1455 1218 1512 medio
1240 1456 1269 1512 in

223 1562 296 1619 alveo
318 1581 385 1619 cum
408 1562 580 1620 stationibus
603 1562 728 1619 hostium
750 1559 881 1635 praelium
910 1559 1064 1629 commisit;
1096 1570 1268 1635 pugnatum·

223 1686 271 1741 que
300 1669 447 1741 utrimque
479 1679 523 1725 est
549 1668 607 1725 levi
630 1680 791 1735 armatum
821 1682 875 1721 nac
906 1664 1088 1739 gravioribus
1120 1666 1207 1723 armis
1239 1667 1268 1725 iu
1357 1690 1359 1695 ·

224 1784 272 1829 tam
294 1774 433 1847 inaequali
456 1774 540 1832 alveo
562 1772 686 1857 pugnari
706 1782 830 1847 poterat.
886 1771 1050 1829 Descensus
1073 1771 1143 1847 ripae
1164 1774 1267 1829 utrius·
1295 1778 1328 1829 17

225 1898 271 1952 qua
303 1880 333 1936 in
366 1881 483 1937 alveum
517 1891 708 1937 trecentorum
739 1877 830 1934 ferme
861 1894 997 1951 passuum
1030 1889 1105 1945 erat;
1144 1878 1268 1935 medium

223 1986 335 2059 spatium
359 1986 511 2056 torrentis,
544 1984 613 2041 alibi
634 1983 717 2041 aliter
738 1983 849 2053 cavati,
888 1981 975 2059 paulo
997 1981 1061 2057 plus
1084 2001 1170 2057 quam
1192 1985 1268 2042 mille

223 2108 314 2163 passus
332 2094 464 2168 patebat.
512 2090 558 2147 lbi
579 2090 609 2145 iu
630 2090 734 2160 medio,
758 2090 953 2164 spectantibus
969 2089 1111 2163 utrimque
1132 2108 1169 2147 ex
1189 2091 1266 2147 vallo
1294 2092 1329 2148 18

223 2207 372 2256 castrorum
395 2197 461 2254 hinc
484 2214 554 2269 nepe,
577 2196 637 2253 laiac
658 2195 775 2253 consule
796 2214 860 2252 cum
885 2194 944 2255 suia
965 2194 1135 2269 legionibus,
1157 2214 1267 2271 pugna·

222 2313 271 2357 tum
290 2316 343 2363 est.
392 2302 551 2361 Missilibus
580 2301 681 2376 procul
708 2302 789 2375 regia
819 2300 928 2357 auxilia
955 2300 1055 2357 melius
1083 2304 1267 2376 pugnabant3
1293 2306 1327 2361 19
1423 2329 1426 2335 ·

225 2409 370 2466 autminus
393 2408 525 2465 stabilior
558 2419 587 2463 et
619 2406 708 2462 tutior
734 2416 785 2462 aut
814 2422 917 2479 parma
945 2415 995 2463 aut
1015 2418 1096 2464 scuto
1116 2408 1266 2483 Ligustino

223 2512 360 2572 Romanus
382 2526 454 2576 erat.
500 2514 623 2571 Meridie
647 2509 708 2566 iere
733 2508 859 2585 receptui
887 2508 951 2566 cani
972 2510 1031 2565 auis
1053 2514 1152 2587 consul
1174 2514 1264 2575 iussit.
1288 2517 1325 2573 20

222 2616 260 2672 lta
279 2638 312 2675 eo
333 2620 383 2678 die
403 2620 574 2694 diremptum
597 2614 728 2693 praelium
750 2626 812 2685 est,
844 2616 916 2671 baut
937 2615 1037 2689 paucis
1058 2618 1201 2693 utrimque
1221 2621 1264 2677 in·

223 2722 345 2783 terfectia
396 2726 465 2785 Sole
486 2739 552 2782 orto
578 2735 695 2800 postero
727 2720 790 2790 die,
819 2720 941 2777 inritatis
969 2722 1123 2781 certamine
1152 2726 1264 2798 animis,
1287 2730 1322 2786 21

223 2828 298 2886 cnam
320 2831 416 2889 acrius
439 2849 607 2889 concursum
630 2838 689 2896 est3
711 2827 762 2883 sed
782 2825 907 2884 Rumam
936 2846 994 2884 nou
1022 2830 1060 2885 ab
1088 2828 1123 2887 iis
1145 2842 1264 2905 tantum,

224 2951 278 2991 eum
300 2938 405 3011 quibus
427 2946 605 2993 contractum
627 2943 771 2990 certamen
793 2943 871 3003 crat,
906 2933 957 2990 sed
988 2933 1078 3025 multo
1109 2938 1200 3013 magis
1227 2941 1264 2995 ab

224 3056 253 3094 ea
271 3043 469 3111 multitudine,
492 3060 556 3115 quae
576 3037 717 3114 disposita
736 3038 766 3094 in
787 3037 913 3095 turribus
935 3041 1040 3110 stabat,
1061 3043 1139 3099 omui
1160 3062 1265 3118 genere

225 3143 361 3206 missilium
384 3147 506 3205 telorum
529 3164 564 3203 ac
582 3144 661 3203 saxis
683 3144 808 3201 maxime
829 3144 1061 3202 volnerabantur.
1118 3148 1176 3207 Ubi
1196 3169 1263 3224 pro·
1287 3155 1324 3210 ‘22

224 3248 279 3319 pius
298 3254 391 3330 ripam
414 3252 539 3310 hostium
560 3250 716 3322 subissent,
744 3250 892 3308 tormentis
922 3250 1012 3308 missa
1032 3252 1119 3308 ctiam
1141 3254 1178 3309 ad
1201 3254 1263 3310 ulti·

225 3370 279 3411 mos
298 3359 513 3434 perveniebant.
546 3356 639 3421 Multa
660 3356 790 3431 pluribus
806 3375 842 3413 co
860 3356 907 3413 dis
925 3356 1047 3428 amissis,
1064 3359 1163 3415 consul
1176 3358 1264 3434 paulo

225 3572 444 3589 Ἣ

226 3725 360 3793 lquinque
384 3731 487 3781 dilectis
509 3732 617 3779 militum
637 3728 691 3793 My.
715 3730 804 3796 [Gryn.
829 3731 941 3795 quinque
960 3732 1064 3781 delectis
1083 3733 1210 3794 millibus)
1247 3740 1262 3783 3

226 3822 381 3868 concessuros
417 3823 432 3867 5
452 3820 577 3867 uastanda
601 3816 643 3876 15,
662 3823 677 3865 2
695 3816 801 3882 bisMp.
818 3818 823 3881 Ι
839 3819 900 3880 quid
919 3828 974 3867 ctus
993 3832 1133 3869 moraretur
1146 3806 1279 3870 Laieutae¹

225 3894 308 3960 “liquid
325 3905 433 3969 (iteri),
457 3906 541 3955 nasein
579 3903 686 3953 aducis
707 3899 711 3966 Ι
732 3905 845 3965 duiderc,
862 3922 938 3969 supra
960 3906 1047 3970 scriptu
1071 3906 1189 3955 iintcrd
1208 3916 1264 3956 ctu

226 3980 261 4043 16,
280 3993 290 4036 l
312 3990 386 4058 (ἧφι.
408 3994 540 4042 distinam
580 3996 596 4039 3
613 3999 754 4055 pugnatum
773 3993 855 4055 adque
879 3990 989 4057 (Kreyss.
1008 3994 1090 4057 adque
1107 3996 1262 4058 pugnatum)

227 4073 240 4113 4
266 4074 295 4122 sit
348 4078 396 4139 17,
417 4086 432 4128 s
460 4093 563 4143 passum
591 4074 595 4140 Ι
627 4078 767 4127 medidiem
807 4085 823 4127 8
850 4079 902 4128 albi
946 4078 993 4140 18,
1012 4086 1027 4129 2
1048 4090 1186 4130 castrorum
1204 4082 1263 4130 hinc

227 4164 319 4213 consula
362 4165 465 4217 Videtur
479 4166 591 4229 scriptum
602 4165 700 4229 suase:
717 4165 776 4214 hinc
798 4179 859 4227 rege
877 4180 933 4215 cnm
952 4166 1122 4217 Macedonum
1142 4169 1263 4227 exercitu,

226 4240 278 4296 binc
294 4262 335 4303 cut
349 4253 463 4303 sieailiter.
505 4251 548 4311 19,
568 4258 583 4299 2
602 4247 699 4314 ligustil
730 4251 773 4312 20,
794 4258 805 4301 l
826 4255 926 4317 coeptui
946 4259 960 4301 2
977 4255 1109 4321 direpltum
1130 4251 1133 4318 l
1152 4266 1196 4305 aut
1222 4256 1267 4315 214

227 4332 290 4384 lhis
306 4338 404 4407 Kreyss.
437 4346 452 4389 4
471 4355 523 4404 qua
552 4338 595 4398 22,
614 4344 630 4387 ³
648 4340 771 4403 plurimus
790 4355 820 4388 eo
837 4342 905 4389 dicto
923 4341 1023 4390 amissis

248 4433 401 4485 Uvimmrec.
414 4444 522 4491 Madvigii.
550 4442 596 4481 Vll.
1037 4434 1067 4477 13
