3475 5084
502 498 560 553 222
764 494 842 544 Liber
859 494 943 543 XLV.
984 496 1031 556 (Δ.
1052 509 1076 544 n.
1097 510 1118 544 o.
1139 494 1211 559 586.)

419 684 436 736 5
458 680 536 736 nium
558 680 681 755 primum
704 682 734 738 id
755 682 850 755 legere
872 682 958 739 iubet.
1009 682 1120 755 Quibus
1143 682 1286 758 perlectis,
1305 700 1372 739 oum
1395 696 1424 735 se
1443 697 1490 735 con·

458 786 659 856 ridereturum,
675 786 810 843 adhibitis
825 788 935 858 amicis,
951 762 1020 862 qnid
1034 787 1197 847 faciendum
1213 787 1268 844 sibi
1283 798 1367 857 esset,
1387 786 1492 853 dixisset,

457 893 599 968 Popilius,
628 911 682 967 pro
704 902 799 949 cetera
821 896 976 968 asperitate
999 895 1103 963 animi,
1138 896 1236 969 virga,
1268 912 1356 968 quam
1377 893 1406 950 in
1427 910 1493 947 manu

457 1000 585 1075 gerebat,
607 999 829 1073 circumscripsit
849 1018 945 1074 regem
970 1020 1003 1057 ac
1034 1002 1227 1075 „Priusquam
1251 1001 1308 1057 hoc
1336 997 1439 1055 circulo
1459 1016 1494 1053 ex·

418 1108 435 1163 6
457 1107 561 1163 cedas“
578 1105 679 1180 inquit,
703 1106 809 1173 „redde
823 1124 1003 1179 responsum,
1017 1108 1128 1163 senatui
1144 1106 1221 1181 qnod
1236 1105 1390 1162 referam.“
1407 1102 1496 1161 Obstu-

456 1212 588 1289 pefactus
609 1222 668 1268 tam
691 1210 817 1266 violento
838 1211 961 1287 imperio
983 1232 1140 1288 parumper
1161 1230 1226 1269 cum
1247 1212 1417 1278 hesitasset,
1434 1208 1497 1277 ,Fa-

457 1320 549 1376 ciam“
562 1318 664 1392 inquit,
683 1317 779 1391 „quod
792 1328 889 1374 censet
900 1324 1044 1375 senatus.“
1075 1320 1150 1376 Tum
1166 1319 1280 1375 demum
1293 1316 1423 1391 Popilius
1442 1316 1498 1370 dex·

417 1422 431 1472 7
455 1435 530 1481 tram
552 1423 623 1497 regi,
644 1432 793 1496 tamquam
815 1423 894 1479 socio
917 1423 1012 1498 adque
1033 1425 1137 1495 amico,
1159 1425 1298 1500 porrexit.
1335 1423 1394 1479 Die
1414 1420 1499 1475 deinde

455 1531 537 1587 finite
552 1547 614 1586 cum
635 1527 804 1585 excessisset
814 1528 948 1604 AEgypto
960 1532 1132 1601 Antiochus,
1143 1531 1241 1606 legati,
1257 1528 1412 1587 concordia
1427 1528 1498 1583 etiem

455 1636 627 1693 anctoritate
649 1652 702 1691 sua
728 1634 802 1689 inter
827 1632 932 1691 fratres
956 1636 1087 1706 firmata,
1114 1638 1190 1695 inter
1212 1654 1285 1711 quos
1304 1634 1424 1690 vixdum
1446 1651 1500 1688 con·

455 1750 575 1797 venerat
595 1760 664 1815 pax,
683 1737 809 1813 Cyprum
832 1740 980 1814 navigant,
1003 1751 1032 1799 et
1045 1743 1120 1812 inde,
1137 1761 1200 1817 qnae
1214 1742 1272 1797 iam
1287 1741 1396 1798 vicerat
1411 1738 1500 1814 proelio

416 1844 614 1921 8AEgyptias
641 1863 748 1913 naves,
779 1844 901 1902 classem
925 1849 1062 1905 Antiochi
1088 1848 1242 1904 dimittunt.
1291 1846 1380 1904 Clara
1406 1864 1441 1901 ea
1462 1862 1521 1918 per,

455 1963 555 2027 gentes
570 1951 677 2025 legatio
691 1950 754 2019 fuit,
767 1951 843 2025 quod
859 1952 936 2008 haud
951 1952 1037 2009 dubie
1053 1953 1188 2028 adempta
1203 1952 1351 2009 Antiocho
1366 1952 1502 2026 AEgyptus

454 2057 571 2114 habenti
585 2058 643 2113 iam
659 2057 860 2131 redditumque
875 2058 999 2133 patrium
1014 2078 1134 2134 regnum
1150 2057 1232 2132 stirpi
1243 2057 1394 2114 Ptolemaei
1410 2057 1501 2113 iuerat.

414 2153 431 2207 9
541 2160 698 2219 Consulum
730 2163 791 2218 eius
823 2164 906 2233 anni,
947 2164 1020 2220 sicut
1057 2164 1174 2221 alterins
1215 2163 1308 2219 clarus
1347 2163 1521 2221 consulatust

455 2268 559 2343 insigni
581 2269 716 2337 victorie,
740 2268 782 2324 ita
803 2268 921 2325 alterius
943 2270 1066 2326 obscura
1087 2269 1181 2339 ferna,
1205 2270 1273 2343 quia
1296 2269 1446 2326 materiam
1466 2287 1502 2324 res

398 2369 431 2421 1⁰
453 2374 572 2448 gerendi
600 2394 658 2430 non
685 2375 794 2431 habuit.
838 2375 902 2431 Iam
927 2375 1050 2449 primum
1078 2393 1143 2432 oum
1165 2375 1326 2449 legionibus
1349 2375 1387 2431 ad
1409 2393 1502 2431 conve·

454 2478 588 2534 niendum
617 2479 687 2535 diora
708 2480 796 2549 dixit,
824 2498 882 2536 non
914 2480 1062 2554 auspicato
1090 2480 1228 2555 templum
1257 2481 1383 2539 intrarit.
1433 2480 1502 2535 Vitio

453 2584 527 2641 diem
551 2584 656 2641 dictam
679 2603 741 2641 esse
763 2604 901 2660 augureS,
931 2604 994 2641 oum
1026 2587 1064 2642 ad
1086 2604 1135 2642 eos
1164 2587 1285 2642 relatum
1308 2598 1393 2656 esset,
1416 2587 1503 2642 decre-

396 2688 427 2739 tt
453 2701 564 2747 verunt.
608 2688 761 2748 Profectus
784 2693 814 2748 in
835 2691 973 2771 Galliam·
987 2692 1064 2749 circa
1079 2694 1196 2748 Macros
1212 2709 1330 2767 campos
1346 2692 1385 2748 ad
1402 2702 1503 2748 montes

454 2794 620 2852 Siciminam
647 2805 676 2852 et
705 2797 849 2871 Papinum
887 2796 994 2853 stativa
1026 2797 1141 2867 habuit;
1177 2798 1278 2854 deinde
1305 2797 1384 2854 circe
1412 2799 1520 2891 eadem,

395 2892 430 2947 ¹2
452 2900 518 2956 loca
540 2919 603 2957 cnm
627 2902 712 2958 sociis
733 2902 857 2958 nominis
879 2902 975 2958 Latini
996 2903 1181 2972 hibernabat;
1212 2903 1340 2977 legiones
1361 2904 1502 2960 Romane.

454 3006 532 3081 quod
553 3006 624 3063 vitio
646 3006 706 3063 dies
729 3006 867 3063 exercitui
889 3007 927 3063 ad
949 3008 1175 3066 conveniendum
1200 3009 1277 3065 dicta
1299 3018 1376 3079 erat,
1411 3010 1503 3066 Rome

395 3104 430 3160 13
453 3123 628 3169 manserant.
687 3114 727 3170 Et
758 3125 911 3189 pretores,
944 3123 1048 3186 praeter
1080 3111 1113 3171 C.
1146 3115 1296 3189 Papirium
1329 3112 1502 3178 Carbonem,

453 3219 498 3275 cui
527 3219 662 3277 Sardinia
690 3229 840 3288 evenerat,
878 3220 907 3276 in
939 3220 1103 3293 provincias
1130 3220 1198 3277 iere.
1251 3220 1325 3277 Eum
1348 3219 1393 3276 ius
1416 3219 1502 3275 dicere

451 3326 554 3383 Romoe
575 3326 654 3398 (narn
678 3345 740 3381 earn
764 3344 879 3400 quoque
900 3334 1007 3381 sortem
1022 3326 1160 3399 habebat)
1181 3326 1256 3383 inter
1276 3325 1353 3381 cives
1376 3336 1406 3380 et
1428 3341 1501 3398 pere·

451 3433 549 3507 grinos
572 3443 668 3507 patres
691 3442 868 3486 censuerant.

600 3551 682 3558 -ν-

452 3604 580 3651 4inbetnr
615 3603 639 3662 5,
654 3608 664 3650 l
681 3604 908 3652 consideratnirum
937 3604 1060 3667 5inqnid
1095 3604 1292 3663 6,2baesitassis
1319 3602 1501 3668 sinquidppo·

451 3691 527 3755 pilius
537 3702 652 3738 senatum
664 3693 778 3739 dextram
811 3690 836 3749 7,
848 3696 862 3738 2
883 3699 976 3754 egypto
989 3688 1134 3753 anthiocnsl
1145 3690 1306 3737 concordiam
1326 3694 1341 3736 3
1352 3696 1501 3736 conuenerat

450 3793 510 3841 pars
523 3792 626 3840 cyprum
637 3776 775 3826 Perizonius
807 3778 986 3839 tnauigantnr
1013 3772 1501 3842 5aegyptiaelantbiocoFroh.II.{di·

451 3864 583 3912 mittuntur
612 3863 658 3920 8,l
674 3864 758 3912 clarea
766 3878 811 3927 per
821 3865 903 3925 gentis
931 3871 945 3912 2
962 3864 1046 3913 dubiae
1059 3861 1320 3927 ademptafanthiocns
1331 3872 1449 3925 [egyptus
1463 3860 1500 3907 ha·

450 3950 527 3999 bente
563 3949 643 4012 affl.
663 3952 750 4014 stirpe)
766 3954 771 4012 Ι
786 3951 910 4014 ptolemei
957 3950 982 4009 9,
1004 3956 1015 3999 1
1037 3950 1125 3999 consul
1144 3950 1197 3997 eius
1213 3952 1217 4007 t
1233 3950 1269 3998 sic
1288 3949 1390 3997 alterins
1430 3947 1498 4005 10‚1

449 4037 621 4099 legationibus
635 4042 639 4094 Ι
656 4039 688 4085 ad
701 4038 904 4087 conueniendum
920 4038 986 4085 dixit
1005 4043 1019 4085 2
1040 4037 1263 4100 templnmiutuitio
1276 4038 1342 4085 diem
1361 4040 1377 4083 8
1397 4034 1500 4082 relatum
1517 4004 1518 4095 l

451 4134 490 4173 est
508 4124 562 4187 My.
582 4122 637 4172 Em.
656 4123 712 4173 597
758 4124 799 4183 11,
821 4130 832 4173 l
854 4138 959 4187 campus
985 4124 1104 4187 {montis
1164 4124 1316 4171 thabuitur
1334 4121 1447 4169 deninde
1489 4096 1518 4165 3l

451 4209 532 4258 Drak.
543 4210 685 4258 hibernavit
707 4210 748 4268 12,
762 4216 772 4258 l
795 4225 906 4259 romanae
918 4223 942 4271 q.
954 4210 1018 4258 nitio
1043 4216 1058 4257 8
1075 4214 1226 4271 manserem}
1243 4209 1285 4269 13,
1296 4216 1310 4257 2
1321 4210 1372 4256 iere
1382 4208 1499 4256 eumdum

449 4295 489 4343 ins
507 4294 577 4343 Fieri
588 4303 673 4357 potest,
691 4304 718 4345 ut
733 4295 828 4361 aliquid
843 4294 959 4346 excidoit
974 4305 1029 4360 poet
1044 4298 1105 4346 dum
1137 4302 1241 4346 ssorte
