3475 5084
470 527 508 582 64
737 526 817 576 Liber
833 527 919 578 XLII.
958 528 1005 593 (Δ.
1025 543 1050 578 u.
1071 543 1094 578 c.
1114 529 1187 588 582.)

426 708 534 766 bellum
556 718 769 784 expectaretur.
798 710 938 770 Gentium
961 729 1087 787 quoqne,
1108 709 1274 787 lllyriorum
1295 727 1415 784 regem,
1449 725 1497 764 sn·

426 825 556 890 spectum
573 816 653 874 lsstei
677 817 765 892 legati
786 816 926 887 iecerunt,
947 817 1033 876 simul
1053 816 1157 892 questi,
1177 817 1249 873 fines
1268 833 1337 872 snos
1360 833 1425 871 eum
1447 813 1496 870 de·

430 921 619 995 populatum,
652 922 738 978 simul
758 924 938 995 nuntiantes,
972 942 1030 981 nno
1060 923 1157 980 animo
1180 922 1279 978 vivere
1300 920 1495 978 Macedonum

426 1027 523 1100 adque
552 1027 716 1102 lllyriorum
749 1047 867 1104 regem
900 1029 1046 1087 communi
1075 1027 1195 1084 oonsilio
1228 1044 1334 1101 parare
1355 1025 1497 1083 Romanis

386 1127 550 1201 3beltnm3
579 1143 608 1189 et
628 1133 725 1207 specie
755 1134 918 1208 legatorum
942 1134 1060 1211 Illyrios
1081 1133 1279 1209 speculatores
1300 1132 1404 1188 Romae
1425 1149 1497 1199 esse,

385 1235 404 1288 4
427 1237 519 1293 Perse
540 1248 660 1295 auctore
679 1239 793 1308 missos,
815 1250 855 1311 nt,
879 1241 948 1315 quid
961 1253 1105 1316 ageretur,
1127 1239 1241 1298 scirent.
1285 1237 1378 1312 Illyrii
1399 1236 1497 1294 vocati
1560 1217 1561 1248 ³

425 1342 456 1399 in
477 1353 619 1400 senatum.
672 1344 816 1418 Quicum
838 1345 952 1421 legatos
982 1365 1014 1404 se
1041 1363 1105 1403 esse
1134 1345 1240 1402 missos
1267 1343 1305 1400 ab
1329 1360 1399 1417 rege
1421 1343 1497 1399 dice·

425 1459 490 1506 rent
513 1449 550 1504 ad
575 1450 727 1524 purganda
749 1451 880 1521 erimina,
913 1453 938 1509 si
971 1469 1030 1528 qua
1062 1452 1099 1509 dc
1130 1469 1199 1525 rege
1231 1449 1312 1506 Issaei
1342 1446 1498 1518 deferrent,

385 1549 577 1629 5qnaesitum
603 1565 663 1625 ast,
696 1554 765 1630 quid
789 1556 832 1614 ita
852 1576 911 1614 non
935 1558 1063 1615 adissent
1084 1557 1303 1632 magistratum,
1338 1564 1371 1611 ut
1392 1572 1430 1611 ex
1453 1554 1498 1611 iu·

425 1662 526 1717 stituto
548 1662 631 1730 loca,
659 1660 750 1718 lautia
778 1663 958 1737 acciperent,
980 1662 1102 1720 sciretur
1126 1661 1265 1736 denique,
1292 1659 1409 1716 venisse
1437 1677 1497 1730 eos,

425 1774 454 1823 ot
475 1784 564 1841 super
585 1785 644 1840 qua
666 1785 699 1822 re
719 1767 885 1825 venissent?
917 1769 1127 1826 Haesitantibus
1151 1767 1181 1823 in
1196 1783 1348 1840 responso,
1371 1775 1403 1822 ut
1417 1765 1499 1822 curia

384 1863 615 1940 lleuoedcrent,
649 1872 767 1929 dictum.
830 1876 1015 1949 Responsum
1047 1885 1196 1948 tamquam
1225 1871 1348 1946 legatis,
1381 1870 1441 1946 qni,
1464 1879 1496 1928 ut

425 1977 540 2032 adirent
561 1986 712 2046 senatum,
736 1996 795 2034 non
817 1980 1028 2053 postulassent,
1054 1979 1118 2037 dari
1140 1997 1199 2036 non
1221 1976 1346 2052 placuit,
1379 1976 1496 2032 mitten-

425 2083 537 2155 dosque
559 2082 597 2137 ad
617 2101 715 2157 regem
734 2083 1042 2158 legatoseeusuernnt,
1065 2085 1114 2159 qui
1135 2083 1310 2151 nuntiarent,
1332 2081 1402 2156 qnid
1426 2081 1499 2138 socii

425 2198 630 2261 quererentur3
667 2198 799 2245 senatum
832 2191 1029 2260 existumare,
1060 2209 1119 2247 non
1161 2207 1251 2246 tecum
1285 2206 1349 2244 eum
1388 2185 1499 2258 iacere,

384 2283 401 2339 7
425 2293 475 2367 qui
497 2293 534 2348 ab
556 2293 643 2349 sociis
664 2294 724 2350 suis
746 2312 803 2350 non
826 2296 985 2352 abstineret
1005 2295 1150 2353 iniuriam.
1204 2295 1239 2351 ln
1268 2295 1344 2350 hano
1372 2292 1498 2367 legatio·
1561 2277 1562 2302 ¹

423 2417 489 2455 nem
520 2398 600 2454 missi
628 2400 668 2455 A.
690 2399 846 2457 Terentius
867 2401 983 2469 Varro,
1018 2399 1053 2461 O.
1076 2400 1246 2469 Platorius,
1279 2396 1314 2455 (l.
1337 2396 1499 2460 Cicereius.
1561 2471 1562 2476 η

423 2505 472 2562 Ex
494 2503 584 2573 Asia,
607 2504 657 2577 qui
679 2504 755 2562 circa
779 2506 874 2562 socios
897 2523 980 2581 reges
1001 2506 1082 2564 missi
1105 2515 1202 2574 erant,
1224 2504 1373 2562 redierunt
1393 2503 1496 2579 legati,
1561 2495 1562 2546 ἓ

424 2609 473 2684 qui
497 2608 713 2679 renuntiarunt,
735 2611 886 2668 Eumenen
908 2611 938 2667 in
960 2631 1005 2682 ea,
1026 2611 1205 2669 Antiochum
1227 2610 1256 2666 in
1274 2608 1370 2685 Syria,
1394 2610 1496 2666 Ptole·

382 2703 400 2760 ⁸
423 2733 526 2772 marum
549 2714 737 2772 Alexandria
759 2733 823 2772 sese
843 2716 1024 2778 convenisse.
1082 2717 1191 2776 Omnes
1219 2715 1392 2772 sollicitatos
1412 2715 1496 2790 lega·

422 2818 549 2876 tionibus
572 2820 691 2892 Persei,
724 2821 775 2878 sed
798 2821 914 2897 egregie
936 2824 965 2878 iu
985 2823 1043 2879 flde
1064 2839 1253 2898 permanere,
1287 2819 1497 2895 pollicitosque

421 3149 436 3192 2
455 3117 465 3192 i
483 3156 571 3204 regem
581 3148 725 3204 susceptum
745 3155 802 3190 esse
819 3141 900 3204 legati
911 3141 966 3207 My.
977 3140 1033 3191 Em.
1045 3141 1098 3192 521
1108 3141 1201 3208 (Grau.
1220 3141 1354 3204 Issenses)
1391 3148 1496 3206 aquae·

420 3220 663 3298 stionesnoseonndo
697 3245 848 3309 populatum
881 3245 935 3311 My.
968 3244 1024 3296 Em.
1048 3245 1102 3296 521
1134 3246 1194 3312 (cfr.
1223 3246 1379 3310 secundique
1404 3262 1435 3294 ex
1465 3261 1495 3296 se

419 3337 532 3397 undique
551 3334 575 3383 iu
594 3333 633 3382 Μ.
652 3329 692 3392 ΙΙ,
717 3331 763 3390 23,
784 3333 808 3392 8,
840 3334 1062 3397 secundaeporture
1083 3330 1160 3392 XLI,
1183 3330 1227 3390 17,
1248 3331 1274 3382 3,
1322 3331 1398 3398 Gryu.
1424 3334 1495 3384 fines

419 3453 480 3489 suos
500 3437 612 3486 secundo
631 3436 706 3500 pop.)
742 3435 767 3494 3,
789 3441 800 3484 l
821 3439 931 3500 speeiem
969 3435 995 3496 4,
1017 3443 1028 3486 l
1049 3437 1117 3500 illyri
1154 3413 1336 3485 tidioerent
1363 3438 1433 3484 3de
1452 3452 1495 3486 re-

419 3526 528 3588 gessisse
546 3523 678 3572 differrent
697 3522 782 3584 (Issaei
795 3521 860 3586 Μφ,
879 3521 953 3587 Gryn.
973 3523 1103 3586 Issenses)
1140 3523 1292 3586 tquesitum
1312 3529 1337 3570 et
1356 3524 1417 3584 qnid
1433 3523 1493 3588 Mq.
1562 3571 1563 3588 ,

417 3610 473 3662 Em.
493 3610 546 3661 521
583 3608 647 3672 (Ed.
676 3608 773 3661 Voeeos.
799 3610 944 3671 quaesitum,
964 3611 1070 3673 ecquid)
1122 3607 1147 3668 5,
1168 3614 1183 3657 2
1204 3617 1337 3672 acceperet
1377 3615 1495 3674 asuper
1562 3589 1563 3608 χ

418 3699 450 3746 de
469 3713 495 3746 re
516 3698 616 3746 uenisse
632 3695 802 3743 hesitantibus
820 3697 846 3743 in
865 3695 1025 3757 rebusponso
1070 3696 1095 3755 6,
1117 3701 1127 3744 l
1149 3695 1241 3758 legatis
1261 3703 1289 3744 ut
1307 3694 1492 3761 qniM9.Em.

417 3784 470 3835 521
490 3783 581 3848 (Gryu.
602 3782 705 3843 legatis,
725 3781 816 3843 utqui
841 3781 912 3829 adire
931 3782 1060 3845 senatum)
1089 3783 1156 3830 sad
1175 3782 1246 3848 reml
1267 3783 1323 3845 quis
1341 3783 1404 3831 socii
1425 3797 1493 3845 que-

416 3881 534 3920 rerentur
551 3877 666 3917 senatum
687 3876 851 3916 exustnmare
870 3880 923 3916 uon
942 3867 1092 3933 aecnm'Mq.
1111 3866 1167 3918 Em.
1184 3867 1237 3917 521
1256 3867 1348 3934 (Gryn.
1369 3870 1413 3930 qui
1434 3883 1492 3922 soc.

416 3981 585 4036 quererentur
605 3973 673 4034 apud
692 3979 808 4020 senatum
819 3979 939 4021 exustum
951 3989 967 4021 a
977 3987 1037 4036 rege
1046 3987 1144 4034 agrum.
1155 3987 1209 4020 non
1219 3975 1332 4035 aequum)
1363 3970 1388 4032 7,
1402 3977 1416 4020 2
1438 3989 1453 4021 c
1472 3955 1492 4038 p

415 4055 521 4108 letorius
538 4075 614 4121 supra
631 4058 718 4121 scripto
737 4073 753 4105 a
768 4059 850 4122 posti
886 4065 902 4107 ³
922 4074 1008 4122 regem
1024 4061 1028 4120 Ι
1045 4059 1173 4108 redierunt
1193 4059 1271 4122 legati
1296 4059 1339 4121 qni
1355 4059 1492 4110 redierunt

416 4159 541 4195 eumenen
557 4143 639 4206 (Fort.
659 4154 739 4204 crunt,
753 4145 832 4208 legati
851 4148 994 4196 redierunts
1013 4147 1147 4196 Eumenen
1166 4155 1208 4196 cet.
1227 4145 1368 4208 Em.522.)
1405 4153 1421 4194 4
1442 4162 1490 4196 en·

415 4245 506 4280 menen
523 4231 713 4280 ineanthiooum
730 4232 734 4296 Ι
749 4233 906 4296 ptolemeum
922 4233 950 4283 in
967 4234 1119 4284 alexandris
1131 4231 1206 4284 Gron.
1228 4231 1297 4299 (Gsr.
1310 4231 1367 4284 Em.
1379 4232 1437 4283 522
1449 4233 1492 4298 u.)

414 4316 440 4378 8,
456 4323 476 4406 ,2
494 4318 540 4367 sed
559 4332 573 4367 e
591 4319 758 4382 grucioflde
