3475 5084
540 523 619 573 Liber
636 523 720 579 xnn.
758 525 803 586 (A.
824 525 890 578 chr.
908 529 978 588 173.)
1082 487 1094 500 Ι
1213 533 1250 586 47

235 729 317 784 quam
340 715 477 778 voverat,
509 707 670 776 dedicavit,
703 715 733 763 et
753 708 891 766 scaenioos
913 709 997 768 ludos
1019 730 1071 785 per
1092 710 1296 785 quadriduum,

236 834 319 872 uuum
342 814 418 872 diem
440 813 470 870 in
492 813 570 870 circo
593 811 672 871 fecit.
728 813 764 873 L.
787 812 939 872 Cornelius
961 815 1116 886 Lentulus,
1150 815 1335 874 decemvir-6

236 937 396 989 sacrorum,
418 937 454 975 eo
475 923 553 975 anno
578 925 709 974 mortuus
731 928 783 976 ast.
841 919 877 976 In
899 919 993 976 locum
1017 919 1078 977 eius
1099 917 1236 978 suffactus
1257 923 1294 980 A.

236 1024 399 1082 Postumius
412 1023 548 1082 Albinus.
595 1023 787 1080 Lucustarum
816 1032 904 1080 tantm
931 1024 1022 1081 nubes
1044 1043 1062 1080 a
1085 1024 1157 1080 mari
1179 1033 1296 1098 repente
1320 1031 1334 1082 7

236 1129 261 1185 in
282 1129 422 1203 Apuliam
446 1128 543 1185 inlatae
564 1137 645 1199 sunt,
678 1136 710 1184 ut
731 1127 912 1186 examinibus
931 1128 991 1186 suis
1013 1147 1101 1204 agros
1122 1129 1180 1187 late
1201 1129 1296 1204 operi-

236 1243 302 1292 rent.
350 1233 403 1292 Ad
424 1251 511 1306 quam
533 1241 645 1307 pestem
666 1231 783 1307 frugum
805 1233 962 1290 tollendam
987 1232 1040 1291 Cn.
1065 1233 1201 1305 Sicinius,
1223 1253 1296 1309 prar-
1320 1239 1337 1292 8

236 1349 278 1394 tor
297 1338 484 1414 designatus,
515 1357 579 1394 cum
601 1337 723 1412 imperio
745 1340 773 1394 in
795 1338 934 1413 Apuliam
958 1339 1076 1409 missus,
1109 1329 1217 1414 ingenti
1245 1357 1297 1413 ag·

237 1444 307 1500 mine
328 1443 479 1501 hominnm
502 1443 540 1500 ad
562 1441 740 1516 colligendas
756 1461 806 1499 cas
823 1453 935 1513 coacto,
958 1443 1135 1518 aliquantum
1159 1443 1297 1516 temporis

237 1548 403 1624 absumpsit.
456 1547 635 1622 Principium
658 1547 834 1622 insequentis
863 1548 961 1622 anni„
979 1567 1036 1622 quo
1059 1548 1092 1606 C.
1115 1547 1247 1622 Popilius
1269 1557 1298 1606 et
1320 1551 1337 1602 9

237 1657 268 1714 P.
288 1654 390 1712 AElius
421 1652 539 1712 fuerunt
571 1652 719 1724 consules,
752 1653 884 1710 residuas
907 1653 1103 1710 contentiones
1132 1672 1169 1710 ex
1204 1653 1302 1727 priore
1319 1647 1467 1740 A·¹¹·⁰·⁵⁸²;

238 1778 309 1816 anno
331 1758 446 1818 babuit.
484 1759 590 1816 Patres
611 1757 713 1815 referri
735 1758 771 1814 de
791 1757 948 1832 Liguribus
969 1758 1162 1832 renovarique
1183 1769 1301 1816 senatus
1324 1713 1485 1860 :jobum

238 1865 396 1922 consultum
418 1863 572 1933 volebant,
606 1874 634 1920 et
662 1862 763 1921 consul
783 1863 884 1919 AElius
912 1862 1067 1926 referebat.
1120 1864 1251 1938 Popilius
1273 1873 1302 1920 et

238 1969 377 2044 collegam
399 1979 429 2024 et
448 1977 581 2025 senatum
605 1987 659 2042 pro
680 1966 771 2025 fratre
793 1968 1021 2042 deprecabatur,
1053 1987 1114 2044 prae
1143 1988 1175 2028 se
1193 1968 1298 2040 ferens,

238 2074 349 2149 siquid
373 2074 569 2143 decernerent,
591 2072 823 2158 intercessurum.
867 2072 1181 2148 Collegamdetarruit;
1205 2085 1302 2150 patres
1330 2080 1358 2132 tt

240 2198 272 2236 eo
294 2179 400 2253 magis,
422 2178 537 2252 utrique
556 2177 666 2252 pariter
687 2178 797 2235 consuli
817 2177 932 2249 infensi,
954 2180 983 2235 in
994 2178 1109 2252 incepto
1123 2181 1302 2253 perstabant.

238 2285 354 2357 Itaque,
392 2302 456 2340 oum
480 2284 516 2340 de
544 2283 700 2357 provinciis
728 2292 863 2358 ageretur
891 2294 920 2341 et
947 2283 1140 2354 Macedonia,
1177 2284 1236 2342 iam
1261 2286 1304 2342 in-

241 2388 362 2446 minente
384 2388 486 2446 Persei
515 2387 607 2456 bello,
635 2396 799 2462 peteretur,
829 2388 953 2462 Ligures
975 2388 1117 2444 ambobus
1139 2389 1304 2446 oonsulibus

242 2492 411 2562 decernunm
442 2492 647 2550 Macedoniam
671 2492 837 2549 decreturos
859 2501 981 2566 negant,
1013 2494 1043 2547 ni
1063 2492 1099 2548 de
1123 2493 1165 2550 M.
1188 2493 1304 2567 Popilio
1331 2498 1366 2553 12

242 2597 405 2657 referretur.
453 2596 674 2654 Postulantibns
695 2597 814 2667 deinde,
847 2606 879 2652 ut
900 2613 993 2652 novos
1015 2596 1158 2654 exercitus
1179 2598 1306 2655 scribere

244 2713 290 2758 aut
313 2701 551 2777 supplementum
580 2702 726 2758 veteribus
752 2701 866 2770 liceret,
904 2710 1059 2774 utrumque
1085 2711 1221 2775 negatum
1252 2712 1305 2762 est.

245 2807 422 2864 Praetoribus
454 2825 571 2880 quoque
606 2807 636 2863 in
669 2806 842 2880 Hispaniam
876 2806 1105 2882 supplementum
1144 2808 1307 2882 petentibus
1335 2813 1368 2866 13

245 2923 392 2986 negatum,
413 2913 454 2973 M.
471 2912 557 2969 Iunio
578 2915 607 2968 r'n
630 2911 802 2981 citeriorem,
835 2911 888 2986 Sp.
910 2910 1046 2968 Lucretio
1074 2911 1103 2968 in
1133 2912 1308 2970 ulteriorem.

246 3016 277 3076 C.
299 3016 429 3074 Licinius
452 3015 576 3074 Crassus
598 3019 741 3074 urbanam
763 3017 998 3088 iurisdietionem,
1024 3016 1077 3076 Cn.
1100 3017 1223 3076 Sicinius
1234 3018 1309 3074 inter
1334 3020 1368 3072 14

247 3122 414 3198 peregrinos
437 3131 500 3178 erat
526 3122 662 3191 sortitus,
695 3121 729 3181 O.
751 3121 906 3178 Memmius
935 3121 1081 3190 Siciliam,
1115 3121 1166 3196 Sp.
1189 3121 1308 3180 Cluvius

248 3225 422 3289 Sardiniam.
459 3226 610 3298 Consules,
636 3229 674 3285 ob
696 3245 732 3282 ea
746 3226 813 3282 irati
827 3226 950 3298 senatui,
972 3226 1084 3283 Latinis
1100 3224 1179 3282 feriis
1201 3225 1230 3280 in
1251 3226 1309 3300 pri·
1336 3227 1370 3282 15

250 3351 324 3388 mam
348 3350 496 3406 quamque
517 3332 593 3388 diem
615 3332 748 3403 indictis,
769 3331 799 3388 in
821 3329 999 3405 provinciam
1023 3330 1153 3387 abituros
1176 3348 1239 3386 esse
1260 3331 1310 3386 de-

250 3438 431 3507 nuntiarunt,
462 3456 516 3494 nec
549 3437 705 3511 quicquam
735 3436 778 3493 rei
798 3435 921 3510 publicae
953 3444 1086 3504 acturos,
1118 3443 1309 3509 prrcterquam

252 3543 326 3613 qnod
349 3542 386 3598 ad
409 3543 624 3617 provinciarum
647 3541 925 3599 administrationem
949 3540 1099 3596 adtineret.
1226 3519 1231 3528 ’

250 3678 480 3689 ·———-—-—-

253 3770 268 3810 4
286 3773 313 3813 ut
332 3766 454 3814 scenicos
479 3765 528 3823 6‚1
546 3764 605 3812 xuir
631 3761 679 3821 7,1
699 3770 768 3810 tante
782 3758 885 3823 lamam
902 3759 1103 3824 repentc(Gryn.
1123 3776 1138 3808 a
1156 3759 1218 3808 mari
1236 3767 1312 3808 vento

253 3855 363 3916 repente)
390 3852 582 3916 toperirentur
616 3849 673 3908 8,1
696 3863 772 3910 quem
802 3853 881 3898 tom.
900 3849 927 3894 in
961 3843 1098 3907 submisit
1134 3847 1159 3905 9.
1185 3852 1267 3908 lquo
1287 3859 1311 3908 q.

254 3972 275 4004 c.
291 3933 401 4020 popilius
442 3956 514 4015 10,2
534 3935 618 4002 conss.
636 3953 708 4000 salius
738 3951 852 4000 SProva
874 3950 944 4014 uulgo
963 3951 1094 4014 interpuny.
1115 3949 1312 4012 deprecabatur3

255 4058 303 4104 prae
321 4058 349 4093 se
371 4069 402 4080 -
421 4043 626 4099 intercessurum,
658 4039 783 4100 collegam
800 4038 856 4088 Em.
877 4037 936 4086 513.
985 4037 1061 4096 11,s
1088 4035 1163 4101 Gryn.
1184 4050 1249 4083 coss.
1267 4051 1312 4098 pro

257 4143 333 4191 cona,
358 4128 414 4178 inde
430 4127 477 4177 olii
494 4127 629 4176 consulum
645 4124 650 4190 Ι
669 4125 744 4190 Gryn.
765 4126 792 4173 in
811 4133 897 4188 coepto
943 4125 1073 4172 obellum
1111 4124 1314 4170 odecornuntur

258 4215 387 4266 Belclcerus.
434 4216 476 4274 12,
507 4221 517 4262 t
543 4222 640 4275 negant
657 4215 689 4261 de
742 4219 757 4261 2
783 4227 866 4260 nouus
918 4210 959 4270 13,
981 4216 991 4258 l
1012 4210 1112 4274 Kreyss.
1132 4210 1157 4255 iu
1176 4207 1315 4269 Hispanias

259 4309 323 4353 tm.
342 4305 414 4352 iunio
432 4302 575 4351 citeriorem
613 4299 655 4358 15,
678 4305 688 4346 l
708 4299 769 4348 teris
806 4298 972 4346 ahabitmos
1009 4304 1092 4358 orep.
