3475 5084
454 470 491 524 56
875 466 1008 515 Periocha

409 662 505 727 populo
531 662 649 711 Romano
682 671 707 712 ot
737 664 912 726 expeditiones
938 664 965 713 in
982 665 1064 713 vicem
1093 666 1345 729 expugnationesque
1372 666 1460 715 urbium

410 753 559 805 referuntur.

492 822 495 832 '
800 828 850 877 EX
869 828 936 878 LIB.
957 826 1080 875 LXXIII.

479 942 509 990 L.
534 941 616 991 lulius
644 940 732 991 Ooesar
756 959 806 993 cos.
833 943 901 991 male
928 944 1048 992 adversus
1077 941 1203 992 Samnites
1228 944 1361 1005 pugnavit.
1404 944 1464 993 Nola

410 1034 556 1083 colonicio
574 1042 728 1099 potestatem
746 1036 900 1085 Samnitium
919 1036 988 1083 venit
1008 1049 1066 1082 cnm
1085 1034 1115 1082 L.
1136 1034 1269 1083 Postumio
1288 1045 1407 1100 praetore,
1428 1040 1465 1101 qui

410 1127 497 1175 abeis
516 1127 664 1177 interfectus
684 1137 729 1177 est.
768 1128 918 1193 Complures
937 1127 1025 1191 populi
1044 1126 1075 1174 ad
1093 1126 1182 1175 hostes
1195 1126 1350 1178 defecerunt.
1391 1128 1466 1189 Quum

409 1219 438 1269 P.
459 1221 570 1270 Rutilius
590 1236 642 1270 cos.
665 1236 756 1283 parum
779 1234 900 1285 prospere
924 1220 1044 1268 adversus
1063 1218 1165 1267 Mersus
1188 1232 1330 1283 pugnasset
1356 1232 1382 1271 et
1399 1225 1424 1272 iu
1441 1238 1466 1273 eo

409 1313 652 1375 prosliocecidisset,
676 1310 706 1361 0.
717 1312 825 1371 Marius,
844 1312 943 1374 legatus
963 1312 1024 1369 eius,
1044 1311 1150 1360 meliore
1170 1322 1262 1362 aventu
1280 1330 1341 1363 cum
1357 1317 1468 1365 hostibus

409 1406 464 1454 acio
499 1405 620 1453 conflixit.
676 1404 729 1454 Ser.
754 1404 881 1468 Sulpicius
908 1403 1029 1467 Pelignos
1066 1404 1156 1467 proelio
1187 1403 1262 1455 fudit.
1317 1406 1349 1466 Q.
1379 1409 1467 1472 CaepIo,

408 1497 509 1559 legatus
522 1497 621 1556 Rutilii,
640 1511 718 1560 quum
732 1498 851 1546 obsessus
869 1510 989 1561 prospere
1008 1497 1034 1543 in
1053 1497 1140 1546 hostes
1159 1498 1293 1561 erupisset,
1318 1507 1345 1549 ot
1364 1501 1397 1549 ob
1416 1515 1468 1549 eum

410 1605 554 1640 successum
573 1597 701 1653 aquatum
721 1591 744 1637 ei
764 1604 822 1638 cum
836 1589 863 1638 0.
876 1590 959 1637 Mario
973 1597 1040 1638 asset
1058 1589 1199 1652 imperinm,
1219 1594 1372 1642 temerarius
1392 1594 1469 1643 laetus

410 1689 436 1731 et
455 1683 640 1732 circumventus
666 1682 765 1731 insidiis
789 1681 846 1732 fuso
871 1682 984 1729 exercitu
1011 1682 1110 1730 cecidit.
1153 1681 1183 1730 L.
1204 1682 1284 1732 Iulius
1307 1684 1397 1735 Gaesar
1422 1702 1467 1736 cos.

409 1776 518 1825 feliciter
542 1776 661 1825 adversus
681 1775 810 1825 Samnites
833 1775 966 1838 pugnavit.
1004 1773 1043 1823 Ob
1070 1790 1126 1823 eam
1151 1776 1282 1824 victoriam
1302 1777 1393 1826 Romae
1414 1794 1469 1840 saga

408 1870 494 1931 posita
517 1876 583 1917 suut.
629 1869 664 1917 Et
686 1876 716 1916 ut
738 1869 807 1916 varia
831 1868 892 1916 belli
915 1867 1017 1915 fortuna
1036 1874 1115 1927 osset,
1145 1868 1265 1917 AEseruia
1285 1869 1391 1919 colonia
1416 1886 1469 1919 cum

408 1961 446 2009 M.
466 1960 590 2009 Marcello
608 1960 634 2007 in
652 1966 802 2023 potestatem
822 1959 975 2009 Samnitium
994 1962 1077 2018 venit,
1105 1962 1149 2008 sed
1168 1969 1194 2009 et
1212 1958 1241 2010 C.
1263 1961 1365 2011 Marius
1384 1964 1469 2027 proelio

409 2053 511 2102 Marsos
529 2051 604 2111 ludit,
623 2052 700 2101 HerIo
719 2052 810 2102 Asinio
829 2062 936 2116 praetore
951 2053 1153 2101 MarrucInorum
1173 2054 1265 2103 occiso.
1308 2052 1338 2104 Ο.
1357 2055 1470 2104 cecilius

409 2141 436 2194 in
455 2142 541 2194 Gallia
558 2145 729 2208 Transalpina
747 2145 875 2194 Salluvios
895 2144 1048 2195 rebellantes
1067 2146 1137 2194 vicit.

795 2306 845 2355 EX
865 2307 931 2355 LIB.
952 2306 1074 2355 LXXIV.

480 2417 528 2469 Cn.
548 2391 684 2491 Pompeius
707 2420 826 2470 Picentes
853 2423 944 2485 proelio
969 2420 1047 2481 fudit,
1073 2442 1086 2465 a
1111 2419 1218 2468 obsedit.
1261 2419 1375 2483 Propter
1399 2434 1470 2483 quarn

409 2514 539 2561 victoriam
558 2513 646 2561 Roma
670 2521 799 2576 praetexta
825 2522 851 2562 et
873 2514 924 2563 aba
942 2515 1136 2575 magistratuum
1156 2512 1267 2574 insignia
1285 2520 1390 2575 sumpta
1409 2519 1470 2561 sunt.

411 2606 439 2655 G.
459 2606 556 2654 Marius
575 2620 631 2653 cum
650 2605 744 2654 Marsis
763 2607 840 2655 dubio
859 2614 951 2655 eventu
970 2606 1100 2670 pugnavit.
1142 2604 1266 2652 LibertIui
1285 2612 1347 2652 tunc
1367 2606 1472 2667 primum

409 2698 519 2746 militaro
546 2706 684 2760 coeperunt.
730 2698 764 2747 A.
789 2698 890 2748 Plotius
918 2700 1018 2761 legatus
1037 2698 1161 2755 Umbros,
1193 2698 1223 2745 L.
1243 2695 1353 2745 Porcius
1382 2704 1472 2761 prator

408 2790 540 2848 Etruscos,
560 2804 637 2851 quum
653 2799 758 2853 uterque
773 2792 883 2855 populus
895 2788 1038 2847 defecisset,
1054 2790 1144 2859 ppoelio
1158 2790 1282 2837 vicerunt.
1320 2788 1471 2839 Nicomedes

409 2882 434 2930 in
454 2882 591 2946 Bithynia,
616 2883 804 2933 Ariobarzanes
829 2885 856 2931 in
877 2881 1045 2946 Cappadociae
1064 2896 1172 2944 regnum
1195 2882 1293 2930 reducti
1317 2890 1387 2932 suut.
1426 2880 1470 2930 Cn.

407 2976 546 3039 Pompeius
573 2991 624 3024 cos.
649 2975 751 3025 Marsos
776 2977 830 3025 acic
852 2974 920 3024 vicit.
966 2972 1049 3032 Quum
1075 2989 1123 3023 aare
1149 2974 1233 3022 alieno
1258 2990 1383 3038 oppressa
1409 2984 1472 3025 esset

409 3069 512 3128 civitas,
539 3068 573 3117 A.
594 3067 761 3133 Sempronius
782 3068 880 3117 Asellio
902 3076 1007 3131 praetor,
1036 3068 1155 3131 quoniam
1179 3067 1317 3116 secuudum
1343 3068 1470 3117 debitores

408 3162 447 3210 ius
466 3161 582 3220 dicebat,
611 3162 643 3210 ab
670 3162 719 3220 eis,
744 3160 787 3222 qui
812 3160 977 3223 fenerabunt,
1013 3161 1039 3208 iu
1065 3160 1121 3210 soro
1141 3162 1240 3210 occisus
1259 3169 1306 3209 est.
1344 3159 1470 3209 Praeterea

408 3255 567 3304 incursiones
586 3253 715 3303 Thracum
734 3254 760 3301 in
779 3252 958 3302 Macedoniam
978 3254 1206 3318 populationesque
1226 3253 1348 3301 continet.

805 3414 852 3463 nx
872 3413 939 3464 nra.
961 3414 1070 3463 cxxv.
1109 3382 1114 3389 ’

476 3530 506 3575 A.
535 3527 681 3577 Postumius
705 3528 817 3577 Albinus
848 3530 947 3591 legatus
981 3543 1059 3590 quum
1093 3527 1169 3577 classi
1196 3536 1329 3590 praesset,
1368 3528 1469 3613 infamis

408 3620 512 3669 crimino
530 3620 681 3682 proditionis
700 3620 732 3669 ab
752 3622 865 3669 exercitu
885 3637 931 3670 suo
950 3620 1100 3669 interiectus
1120 3627 1165 3669 est.
1204 3620 1233 3669 L.
1249 3619 1385 3669 Cornelius
1399 3619 1468 3669 Sulla

406 3712 507 3773 legatus
528 3712 654 3761 Samnites
673 3711 764 3775 proelio
782 3713 842 3760 vicit
868 3722 893 3762 et
916 3714 977 3761 bina
996 3722 1079 3763 castra
1102 3727 1190 3761 eorum
1215 3714 1382 3776 expugnavit.
1423 3711 1466 3761 (lu.

406 3804 543 3868 Pompeius
571 3805 693 3854 Vestinos
724 3807 751 3853 in
781 3806 934 3854 deditionem
963 3807 1067 3868 accepit.
1112 3807 1142 3855 L.
1173 3806 1279 3854 Porcius
1309 3820 1362 3853 cos.
1394 3806 1467 3854 rebus

405 3912 525 3961 prospere
544 3897 624 3960 gestis
643 3896 755 3961 fusisque
768 3897 901 3961 aliquoties
918 3898 1019 3958 Marsis,
1039 3898 1098 3945 dum
1119 3906 1203 3946 castra
1221 3912 1309 3945 corum
1328 3906 1466 3961 expugnat,

338 4039 352 4057 Α
407 3991 511 4048 cecidit3
538 4005 569 4038 ea
595 4004 636 4038 rcs
663 3989 778 4037 hostibus
803 3990 936 4038 victoriam
961 3990 1015 4038 elus
1044 3990 1127 4053 proelii
1156 3991 1233 4038 dedit.
1279 3987 1420 4039 Cosconius
1443 4000 1465 4038 et

405 4081 532 4130 Lucceius
557 4080 684 4132 Samnites
709 4082 764 4129 acie
790 4083 919 4142 vicerunt,
952 4082 1064 4130 Marium
1092 4083 1245 4145 Egnatium,
1278 4083 1465 4133 nobilissimum

405 4172 518 4221 hostium
540 4174 647 4237 ducem,
673 4173 835 4232 occiderunt,
862 4174 1043 4239 compluraque
1062 4176 1156 4239 oppida
1174 4176 1200 4223 iu
1219 4174 1375 4223 deditionem
1393 4189 1464 4224 acce·

405 4273 504 4329 perunt.
550 4265 580 4316 L.
600 4264 673 4316 Sulla
690 4265 813 4329 Hirpinos
838 4266 950 4327 domuit,
982 4266 1110 4317 Samnites
1132 4267 1248 4331 pluribus
1273 4267 1369 4331 proeliis
1392 4267 1464 4325 fudit,
