3475 5084
915 560 966 603 XII

410 742 428 797 2
451 737 537 813 (Num
558 737 682 813 Capua?
711 735 835 812 Sr'esbye)
859 734 977 805 XCVI,
1013 742 1030 793 1
1053 731 1105 797 Μ’.
1142 737 1272 795 Antonio
1297 738 1388 810 (codd.
1409 758 1456 795 om·

409 825 467 896 nes)
491 828 505 879 t
530 824 567 880 ad
585 824 716 879 Marcum
739 815 908 877 translatum
933 819 1047 894 (Caels,
1066 820 1137 879 Lou.
1163 821 1193 888 2,
1217 821 1318 892 Perit.)
1343 819 1458 889 XCVII,

412 911 428 965 t
452 906 531 963 milia
556 905 596 981 (r)
620 908 636 962 ὃ
662 904 741 972 facti,
772 904 842 973 †sic
879 916 909 959 ut
937 904 1093 979 Pompeius
1208 905 1353 973 Romano,
1375 945 1399 960 ..
1419 924 1459 961 re·

410 989 562 1047 stituerunt
586 989 673 1062 (Mp.)
697 986 840 1053 XCVIII,
873 989 907 1043 12
934 986 964 1043 id
985 998 1028 1044 est
1119 986 1295 1061 reliquerunt
1316 990 1373 1043 siae
1394 990 1461 1043 unos

410 1075 471 1148 (cfr.
494 1069 697 1128 LXXXVIII
714 1078 796 1135 eutr.)
833 1068 921 1139 CIII,
944 1073 960 1126 3
982 1075 1077 1144 'scum
1100 1070 1235 1127 intrasset
1256 1080 1286 1126 ct
1310 1089 1424 1127 uxorem
1445 1090 1462 1124 s

409 1156 527 1222 maxImi
537 1153 650 1227 (Gran.)
662 1154 701 1229 (p.
712 1152 763 1229 66)
780 1158 788 1209 1
802 1158 811 1211 1
830 1153 988 1229 Pompeius
999 1154 1036 1209 de
1046 1153 1143 1211 liberis
1153 1153 1332 1210 Mithridatis
1344 1155 1462 1229 Tigrane

409 1249 438 1297 st
451 1238 588 1314 Tigranis
609 1237 668 1294 filio
680 1235 794 1311 (oron.)
818 1235 898 1306 CIV,
920 1240 937 1293 6
955 1236 1028 1294 inter
1050 1237 1123 1294 alios
1144 1255 1189 1293 res
1208 1246 1327 1310 gerente
1348 1234 1421 1312 (My.
1435 1256 1464 1293 er

409 1322 472 1379 Nr:
494 1322 566 1380 alios
579 1331 728 1390 exerente;
749 1321 800 1376 atti
819 1339 835 1373 r
855 1330 1015 1378 exercente.
1057 1322 1116 1379 Res
1137 1338 1238 1395 gerere
1262 1320 1297 1377 de
1318 1322 1370 1377 toli
1389 1339 1464 1395 opera

409 1425 484 1463 neom
505 1405 597 1480 dtur.)
624 1409 653 1462 tt
677 1422 763 1460 unam
787 1422 823 1459 ex
845 1403 890 1459 his
912 1402 1075 1461 civitatibus
1097 1402 1169 1471 (Nr,
1191 1403 1291 1460 idest:
1315 1404 1366 1478 qui
1386 1423 1463 1460 unam

409 1508 446 1546 ex
458 1490 503 1546 his
518 1487 662 1546 civitatem
675 1486 813 1556 efficiunt)
841 1486 1050 1560 tdputiebatur
1071 1506 1089 1544 a
1114 1487 1173 1543 suis
1194 1504 1284 1561 regno
1304 1506 1324 1541 a
1349 1488 1464 1545 Romam

409 1572 498 1645 (Dqu.
517 1589 635 1646 rregno
651 1569 762 1645 pulsus)
786 1566 862 1635 CVI,
887 1574 904 1625 6
927 1569 987 1626 eius
1010 1570 1058 1645 qui
1083 1571 1111 1627 in
1122 1570 1258 1628 Treveris
1280 1576 1414 1645 praeerat,
1433 1569 1465 1641 Q.

409 1654 556 1713 Ciceronis
587 1654 660 1727 (My.
682 1672 696 1709 e
717 1653 817 1712 codd:
848 1652 910 1709 eius
941 1653 989 1727 qui
1089 1654 1211 1728 qcicero.
1267 1652 1314 1710 De
1342 1654 1392 1728 qui
1418 1672 1468 1727 pru

410 1740 479 1813 quoi
513 1741 614 1813 serapte
648 1737 705 1793 ur‘d.
736 1736 800 1792 Em.
829 1735 910 1792 Lice.
948 1755 979 1810 p.
1007 1737 1075 1797 286.
1134 1735 1298 1793 Necessum
1336 1738 1378 1793 ud
1413 1736 1468 1791 eius

408 1823 522 1879 auditur
542 1820 686 1895 legionis.)
710 1818 805 1887 CVII,
819 1822 844 1875 ·3
868 1838 918 1877 om.
940 1818 1050 1877 frustra
1070 1820 1170 1891 (Dolo.)
1198 1824 1213 1876 7
1239 1818 1293 1879 Cn.
1316 1820 1469 1894 Pompeius

409 1905 551 1980 †legatus
573 1916 601 1959 et
623 1922 642 1959 a
664 1914 765 1959 senatu
787 1901 888 1958 consul
910 1902 984 1975 (My.
1003 1912 1096 1961 eueut.
1115 1904 1253 1960 codicum:
1275 1904 1413 1979 pompeio
1432 1903 1467 1958 le·

409 1999 479 2063 gato
489 1999 517 2045 et
531 2008 548 2045 a
561 1997 660 2044 senatu
675 1985 787 2057 consul)
803 1988 968 2059 9umquam
992 2004 1026 2045 a.
1042 1987 1200 2061 quaestione
1214 1986 1253 2060 (ν)
1277 1986 1364 2057 CIX,
1382 1992 1397 2042 5
1411 1985 1470 2042 mit-

410 2082 532 2140 teretur,
554 2071 595 2127 M.
617 2069 763 2126 Antonius
788 2069 874 2140 611).
898 2067 1078 2127 Cassius...
1095 2071 1165 2127 urbe
1187 2069 1262 2145 pulsi
1284 2081 1369 2139 sunt,¹
1394 2088 1468 2125 man·

410 2155 567 2228 datumque
580 2197 587 2212 .
601 2197 609 2212 .
622 2197 630 2212 .
642 2161 767 2226 caperet.
815 2150 848 2208 C.
860 2150 960 2209 Caesar
983 2154 1076 2221 (codd.
1089 2172 1187 2221 omnes,
1209 2172 1325 2228 quorum
1343 2155 1373 2210 in
1388 2154 1469 2226 scrip-

410 2246 474 2294 tura
496 2236 629 2311 quomodo
652 2237 788 2292 sententie
803 2236 975 2302 uobaerereat,
998 2239 1054 2292 iam
1064 2236 1289 2293 Drakenborcbio
1312 2238 1342 2291 in
1364 2245 1469 2292 mentera

409 2321 540 2392 emeat.)
585 2318 650 2387 CX,
677 2322 710 2374 tu
736 2320 773 2375 ab
788 2319 919 2375 hostibus
941 2319 1064 2377 navibus
1086 2318 1141 2394 (ed.
1153 2317 1213 2393 pr.)
1237 2318 1319 2387 CXI,
1338 2318 1468 2377 'IVaria-

409 2404 454 2460 nis
469 2402 539 2478 (Iac.
553 2401 649 2468 Gran.»
662 2400 760 2470 CXII,
773 2404 790 2457 8
802 2400 929 2458 infensus
942 2411 985 2459 est
996 2400 1108 2476 (Gran.)
1129 2405 1134 2479 )
1152 2401 1358 2463 inlacrimavit.
1383 2422 1402 2458 a
1416 2402 1471 2459 sine

411 2484 646 2561 (ornarcxlv,
661 2492 673 2543 l
686 2485 930 2559 Pompeianorum
943 2503 1035 2543 errore
1048 2482 1051 2563 )
1068 2492 1082 2541 7
1093 2488 1220 2542 honestae
1233 2485 1317 2547 morti
1329 2504 1432 2543 vocem
1454 2504 1471 2538 s

410 2570 515 2626 adiecit
526 2568 632 2644 (Iuba.)
650 2567 762 2638 CXVI,
788 2573 803 2625 4
820 2568 986 2642 praestitere,
1008 2580 1036 2625 et
1050 2569 1126 2643 quod
1140 2569 1244 2641 (codd.)
1261 2571 1301 2643 (p
1316 2572 1371 2641 71)
1393 2574 1408 2626 5
1425 2568 1469 2625 ad·

411 2652 531 2710 sectanti
553 2671 572 2707 a
594 2662 722 2726 potestas
757 2652 812 2711 ted.
830 2669 879 2725 pr.
901 2651 1015 2709 Poterat
1035 2655 1115 2709 etium
1137 2654 1261 2727 suppleri
1278 2650 1470 2719 facientibus.)

298 2761 301 2768 ¹
415 2740 450 2792 11
474 2735 657 2801 †Chamutes
682 2733 848 2791 humillimoe
879 2733 999 2807 (Siqua.)
1022 2734 1141 2792 CXVII
1168 2737 1204 2791 22
1228 2754 1247 2790 a
1271 2735 1471 2809 ominibusque

410 2819 558 2893 prosperis
581 2829 717 2891 exceptus
739 2835 758 2871 a
789 2828 817 2873 et
838 2836 944 2874 nomen
966 2818 1047 2889 (unus
1065 2838 1098 2875 ea·
1119 2838 1142 2878 r,
1153 2819 1267 2875 Poterat
1288 2820 1373 2875 etiam
1395 2819 1475 2875 sorabi

411 2912 549 2976 exceptus
581 2911 624 2957 est
655 2908 708 2967 et.)
742 2900 835 2969 CXX,
875 2904 891 2957 2
918 2901 1028 2958 occisus
1059 2919 1122 2958 esse
1141 2920 1233 2958 errore
1257 2905 1273 2959 6
1296 2900 1471 2978 profugisset

412 2977 455 3065 [et
484 2977 589 3065 caesus]
621 2983 700 3040 iussu
728 2984 802 3057 (My.
826 2982 902 3051 Quia
923 2985 1007 3040 lateat
1034 2987 1062 3041 io
1091 2976 1195 3054 caesus,
1229 2985 1304 3059 quod
1323 2988 1354 3041 ia
1377 3006 1393 3042 r
1415 2993 1473 3060 post

411 3078 531 3125 venerat
548 3070 671 3144 ponitur,
694 3068 803 3139 nescio.)
844 3065 961 3136 CXXII,
987 3071 995 3123 1
1024 3087 1125 3142 parurn
1148 3071 1302 3125 cinerosis
1324 3068 1471 3145 (Xyload.)

412 3150 544 3219 CXXIV,
567 3157 584 3207 6
601 3151 693 3206 altera
714 3151 780 3206 dein
802 3150 849 3206 die
871 3150 963 3206 victus
986 3151 1057 3224 (My.
1073 3151 1177 3208 Altera
1192 3152 1238 3208 die
1254 3162 1325 3207 esset
1346 3162 1473 3227 postera,

410 3237 461 3291 etsi
479 3226 606 3291 inusitate
628 3234 779 3298 diceretur5
817 3234 867 3289 sed
884 3234 981 3307 plures
1002 3234 1060 3291 dies
1081 3236 1214 3291 interiecti
1229 3235 1313 3309 aaut)
1358 3234 1471 3300 CXXV,

415 3322 423 3373 1
452 3317 582 3375 Antonio
609 3347 650 3359 -
679 3316 835 3392 provinciae
926 3317 1028 3391 positae
1055 3317 1080 3373 ei
1108 3310 1254 3374 cesserant
1279 3350 1316 3359 -
1338 3336 1472 3375 reversus

412 3400 487 3473 (My.
500 3398 546 3455 Nr
557 3441 564 3456 .
577 3440 603 3455 ..
619 3419 655 3455 ex
681 3410 763 3474 parte
783 3400 886 3475 positae
907 3400 1077 3473 recesserat)
1099 3398 1246 3470 CXXVII,
1274 3404 1309 3456 111
1322 3400 1472 3476 inpediret,

410 3483 622 3558 expostulatum
645 3501 709 3539 cum
732 3502 767 3540 eo
789 3501 890 3557 pacem
916 3481 990 3557 (My.
1005 3481 1052 3539 Nr
1072 3484 1212 3559 inpediret
1237 3503 1271 3540 eo
1295 3485 1470 3558 postulatam

410 3585 474 3622 cum
498 3584 608 3639 pacem.
653 3565 712 3622 Aut
732 3566 764 3622 ul
784 3568 913 3639 efficitur,
944 3567 1019 3641 quod
1035 3569 1125 3641 posui,
1155 3567 1269 3624 historia
1290 3568 1472 3640 confirmante,

410 3658 477 3705 aut:
511 3667 575 3705 cum
609 3665 643 3704 eo
676 3649 822 3724 postulatu
854 3648 1010 3705 amicorum
1034 3668 1144 3724 pacem.
1192 3649 1278 3714 Num,
1295 3651 1472 3724 postulatam

409 3749 511 3806 pacem
527 3730 631 3801 iacere,
652 3733 820 3802 aonaddr'to,
846 3751 865 3788 u
879 3750 932 3805 quo
945 3734 1087 3807 postulatu
1109 3736 1152 3803 sit,
1181 3734 1249 3791 nr'Iu'l
1269 3740 1330 3807 eat.)
1352 3732 1472 3798 CXXIX,

412 3821 429 3870 4
453 3815 609 3888 Pompeius
630 3814 660 3871 in
682 3816 809 3873 Siciliam
833 3816 920 3887 (Mu.)
943 3814 1099 3885 CXXXIV,
1126 3819 1142 3873 3
1166 3821 1254 3890 'rcum
1277 3816 1326 3873 ille
1350 3835 1472 3873 conven-

410 3909 468 3953 tum
489 3898 616 3968 (Lacuna
639 3900 821 3955 esseor‘detur.
869 3898 964 3954 Etiam
980 3916 1081 3956 census
1101 3898 1236 3957 aGalliis
1258 3909 1341 3956 actus
1358 3919 1416 3975 pro
1438 3918 1472 3966 eo,

410 3981 485 4055 quod
512 3990 552 4037 est
573 3980 736 4039 Galliarum
757 3990 807 4037 aut
827 3999 881 4055 per
901 3980 1031 4050 Gallias,
1065 3985 1133 4038 mire
1153 3981 1275 4056 dicitur.)
1326 3988 1342 4039 5
1366 3981 1472 4041 Crasso

409 4083 428 4118 a
451 4063 574 4121 refertur
596 4063 713 4135 (Sicyon.)
761 4062 870 4133 CXLI,
907 4062 1161 4122 2Chumstinctus
1183 4076 1211 4122 et
1234 4066 1376 4123 Avectius
1410 4068 1471 4137 (Vp.

409 4147 455 4203 De
479 4148 691 4222 prenomz'nibua
719 4155 745 4203 et
771 4148 859 4203 altero
879 4150 983 4203 nomiae
1002 4166 1055 4204 aon
1077 4158 1117 4205 est
1137 4166 1187 4206 aar
1208 4149 1365 4215 dubitatum
1394 4151 1472 4224 prius

409 4249 503 4287 nornen
517 4230 600 4304 ¹quod
612 4232 709 4302 fuerat,
731 4230 882 4300 incertum.)

492 4314 543 4371 Ad
564 4332 608 4383 ea,
630 4332 695 4387 quae
715 4314 745 4370 in
767 4312 984 4389 prefationibus
1006 4314 1213 4390 adscripturus
1228 4314 1470 4375 commendandas
