<?xml version="1.0" encoding="UTF-8"?>
<!DOCTYPE html PUBLIC "-//W3C//DTD XHTML 1.0 Transitional//EN"
    "http://www.w3.org/TR/xhtml1/DTD/xhtml1-transitional.dtd">
<html xmlns="http://www.w3.org/1999/xhtml" xml:lang="en" lang="en">
 <head>
  <title>
</title>
<meta http-equiv="Content-Type" content="text/html;charset=utf-8" />
  <meta name='ocr-system' content='tesseract 3.04.00' />
  <meta name='ocr-capabilities' content='ocr_page ocr_carea ocr_par ocr_line ocrx_word'/>
</head>
<body>
  <div class='ocr_page' id='page_1' title='image "./titiliviihistor02ussigoog_0219.png"; bbox 0 0 3475 5084; ppageno 0'>
   <div class='ocr_carea' id='block_1_1' title="bbox 533 516 1255 588">
    <p class='ocr_par' dir='ltr' id='par_1_1' title="bbox 533 516 1255 588">
     <span class='ocr_line' id='line_1_1' title="bbox 533 516 1255 588; baseline 0.01 -11"><span class='ocrx_word' id='word_1_1' title='bbox 533 525 611 577; x_wconf 69' lang='lat' dir='ltr'><strong>utne</strong></span> <span class='ocrx_word' id='word_1_2' title='bbox 628 523 725 574; x_wconf 78' lang='lat' dir='ltr'><strong>mv,</strong></span> <span class='ocrx_word' id='word_1_3' title='bbox 762 524 809 587; x_wconf 76' lang='lat' dir='ltr'><strong>(A.</strong></span> <span class='ocrx_word' id='word_1_4' title='bbox 831 522 892 575; x_wconf 75' lang='lat' dir='ltr'><strong>cur.</strong></span> <span class='ocrx_word' id='word_1_5' title='bbox 915 524 986 588; x_wconf 81' lang='lat' dir='ltr'><strong>res.)</strong></span> <span class='ocrx_word' id='word_1_6' title='bbox 1201 516 1255 585; x_wconf 69' lang='lat' dir='ltr'><strong>t‘se</strong></span> 
     </span>
    </p>
   </div>
   <div class='ocr_carea' id='block_1_2' title="bbox 235 708 1363 3410">
    <p class='ocr_par' dir='ltr' id='par_1_2' title="bbox 235 708 1363 3410">
     <span class='ocr_line' id='line_1_2' title="bbox 244 708 1299 784; baseline 0.003 -20"><span class='ocrx_word' id='word_1_7' title='bbox 244 708 358 766; x_wconf 72' lang='lat' dir='ltr'><strong>turbidae</strong></span> <span class='ocrx_word' id='word_1_8' title='bbox 387 709 483 784; x_wconf 87' lang='lat' dir='ltr'><strong>primo</strong></span> <span class='ocrx_word' id='word_1_9' title='bbox 505 719 654 770; x_wconf 86' lang='lat' dir='ltr'><strong>attenues</strong></span> <span class='ocrx_word' id='word_1_10' title='bbox 676 712 819 780; x_wconf 73' lang='lat' dir='ltr'><strong>emicare,</strong></span> <span class='ocrx_word' id='word_1_11' title='bbox 849 710 916 767; x_wconf 92' lang='lat' dir='ltr'><strong>dein</strong></span> <span class='ocrx_word' id='word_1_12' title='bbox 947 708 1086 783; x_wconf 85' lang='lat' dir='ltr'><strong>liquidam</strong></span> <span class='ocrx_word' id='word_1_13' title='bbox 1120 708 1299 784; x_wconf 82' lang='lat' dir='ltr'><strong>multamque</strong></span> 
     </span>
     <span class='ocr_line' id='line_1_3' title="bbox 242 811 1338 889; baseline 0.006 -20"><span class='ocrx_word' id='word_1_14' title='bbox 242 811 356 870; x_wconf 81' lang='lat' dir='ltr'><strong>fundere</strong></span> <span class='ocrx_word' id='word_1_15' title='bbox 378 833 506 889; x_wconf 84' lang='lat' dir='ltr'><strong>equam,</strong></span> <span class='ocrx_word' id='word_1_16' title='bbox 526 818 607 877; x_wconf 85' lang='lat' dir='ltr'><strong>velut</strong></span> <span class='ocrx_word' id='word_1_17' title='bbox 627 819 713 875; x_wconf 90' lang='lat' dir='ltr'><strong>deum</strong></span> <span class='ocrx_word' id='word_1_18' title='bbox 737 817 825 884; x_wconf 77' lang='lat' dir='ltr'><strong>dono,</strong></span> <span class='ocrx_word' id='word_1_19' title='bbox 846 823 1003 889; x_wconf 88' lang='lat' dir='ltr'><strong>coeperunt.</strong></span> <span class='ocrx_word' id='word_1_20' title='bbox 1049 813 1239 887; x_wconf 79' lang='lat' dir='ltr'><strong>Aliquantum</strong></span> <span class='ocrx_word' id='word_1_21' title='bbox 1263 832 1298 871; x_wconf 84' lang='lat' dir='ltr'><strong>ee</strong></span> <span class='ocrx_word' id='word_1_22' title='bbox 1321 822 1338 876; x_wconf 80' lang='lat' dir='ltr'><strong>t</strong></span> 
     </span>
     <span class='ocr_line' id='line_1_4' title="bbox 241 918 1297 994; baseline 0.004 -21"><span class='ocrx_word' id='word_1_23' title='bbox 241 934 352 991; x_wconf 89' lang='lat' dir='ltr'><strong>qnoque</strong></span> <span class='ocrx_word' id='word_1_24' title='bbox 382 935 431 975; x_wconf 89' lang='lat' dir='ltr'><strong>res</strong></span> <span class='ocrx_word' id='word_1_25' title='bbox 464 919 530 977; x_wconf 90' lang='lat' dir='ltr'><strong>duci</strong></span> <span class='ocrx_word' id='word_1_26' title='bbox 562 920 649 979; x_wconf 71' lang='lat' dir='ltr'><strong>lamae</strong></span> <span class='ocrx_word' id='word_1_27' title='bbox 680 932 709 979; x_wconf 88' lang='lat' dir='ltr'><strong>et</strong></span> <span class='ocrx_word' id='word_1_28' title='bbox 740 920 922 977; x_wconf 77' lang='lat' dir='ltr'><strong>auctoritatis</strong></span> <span class='ocrx_word' id='word_1_29' title='bbox 952 928 1022 994; x_wconf 89' lang='lat' dir='ltr'><strong>aput</strong></span> <span class='ocrx_word' id='word_1_30' title='bbox 1051 918 1154 976; x_wconf 80' lang='lat' dir='ltr'><strong>milites</strong></span> <span class='ocrx_word' id='word_1_31' title='bbox 1183 918 1297 977; x_wconf 82' lang='lat' dir='ltr'><strong>adiecit.</strong></span> 
     </span>
     <span class='ocr_line' id='line_1_5' title="bbox 239 1022 1298 1103; baseline 0.002 -26"><span class='ocrx_word' id='word_1_32' title='bbox 239 1022 325 1078; x_wconf 87' lang='lat' dir='ltr'><strong>Iussis</strong></span> <span class='ocrx_word' id='word_1_33' title='bbox 348 1023 453 1081; x_wconf 87' lang='lat' dir='ltr'><strong>deinde</strong></span> <span class='ocrx_word' id='word_1_34' title='bbox 473 1026 611 1083; x_wconf 76' lang='lat' dir='ltr'><strong>militibus</strong></span> <span class='ocrx_word' id='word_1_35' title='bbox 633 1027 770 1103; x_wconf 80' lang='lat' dir='ltr'><strong>expedire</strong></span> <span class='ocrx_word' id='word_1_36' title='bbox 790 1043 893 1095; x_wconf 80' lang='lat' dir='ltr'><strong>erma,</strong></span> <span class='ocrx_word' id='word_1_37' title='bbox 923 1024 986 1099; x_wconf 88' lang='lat' dir='ltr'><strong>ipse</strong></span> <span class='ocrx_word' id='word_1_38' title='bbox 1008 1040 1072 1081; x_wconf 85' lang='lat' dir='ltr'><strong>cum</strong></span> <span class='ocrx_word' id='word_1_39' title='bbox 1095 1022 1216 1079; x_wconf 88' lang='lat' dir='ltr'><strong>tribunis</strong></span> <span class='ocrx_word' id='word_1_40' title='bbox 1237 1022 1298 1097; x_wconf 90' lang='lat' dir='ltr'><strong>pri-</strong></span> 
     </span>
     <span class='ocr_line' id='line_1_6' title="bbox 239 1126 1299 1206; baseline 0.001 -24"><span class='ocrx_word' id='word_1_41' title='bbox 239 1126 347 1201; x_wconf 85' lang='lat' dir='ltr'><strong>misque</strong></span> <span class='ocrx_word' id='word_1_42' title='bbox 379 1129 529 1188; x_wconf 77' lang='lat' dir='ltr'><strong>ordinibus</strong></span> <span class='ocrx_word' id='word_1_43' title='bbox 561 1132 600 1189; x_wconf 85' lang='lat' dir='ltr'><strong>ad</strong></span> <span class='ocrx_word' id='word_1_44' title='bbox 630 1130 870 1206; x_wconf 86' lang='lat' dir='ltr'><strong>contemplandos</strong></span> <span class='ocrx_word' id='word_1_45' title='bbox 897 1129 1036 1187; x_wconf 75' lang='lat' dir='ltr'><strong>transitus</strong></span> <span class='ocrx_word' id='word_1_46' title='bbox 1058 1129 1209 1203; x_wconf 76' lang='lat' dir='ltr'><strong>prooessit,</strong></span> <span class='ocrx_word' id='word_1_47' title='bbox 1242 1144 1299 1201; x_wconf 87' lang='lat' dir='ltr'><strong>qua</strong></span> 
     </span>
     <span class='ocr_line' id='line_1_7' title="bbox 239 1231 1299 1309; baseline 0.002 -23"><span class='ocrx_word' id='word_1_48' title='bbox 239 1231 388 1291; x_wconf 73' lang='lat' dir='ltr'><strong>descensus</strong></span> <span class='ocrx_word' id='word_1_49' title='bbox 416 1234 511 1293; x_wconf 87' lang='lat' dir='ltr'><strong>facilis</strong></span> <span class='ocrx_word' id='word_1_50' title='bbox 540 1237 676 1306; x_wconf 77' lang='lat' dir='ltr'><strong>armatis,</strong></span> <span class='ocrx_word' id='word_1_51' title='bbox 709 1254 768 1309; x_wconf 84' lang='lat' dir='ltr'><strong>qua</strong></span> <span class='ocrx_word' id='word_1_52' title='bbox 798 1234 829 1291; x_wconf 92' lang='lat' dir='ltr'><strong>in</strong></span> <span class='ocrx_word' id='word_1_53' title='bbox 856 1233 1020 1293; x_wconf 85' lang='lat' dir='ltr'><strong>ulteriorem</strong></span> <span class='ocrx_word' id='word_1_54' title='bbox 1053 1233 1146 1307; x_wconf 86' lang='lat' dir='ltr'><strong>ripam</strong></span> <span class='ocrx_word' id='word_1_55' title='bbox 1181 1231 1299 1289; x_wconf 87' lang='lat' dir='ltr'><strong>minime</strong></span> 
     </span>
     <span class='ocr_line' id='line_1_8' title="bbox 238 1335 1338 1416; baseline 0.002 -25"><span class='ocrx_word' id='word_1_56' title='bbox 238 1335 323 1393; x_wconf 86' lang='lat' dir='ltr'><strong>inicos</strong></span> <span class='ocrx_word' id='word_1_57' title='bbox 352 1356 491 1397; x_wconf 72' lang='lat' dir='ltr'><strong>mensus</strong></span> <span class='ocrx_word' id='word_1_58' title='bbox 518 1350 603 1398; x_wconf 86' lang='lat' dir='ltr'><strong>esset.</strong></span> <span class='ocrx_word' id='word_1_59' title='bbox 659 1342 716 1399; x_wconf 91' lang='lat' dir='ltr'><strong>His</strong></span> <span class='ocrx_word' id='word_1_60' title='bbox 744 1341 816 1399; x_wconf 86' lang='lat' dir='ltr'><strong>satis</strong></span> <span class='ocrx_word' id='word_1_61' title='bbox 837 1338 1011 1416; x_wconf 75' lang='lat' dir='ltr'><strong>exploratis,</strong></span> <span class='ocrx_word' id='word_1_62' title='bbox 1046 1336 1105 1395; x_wconf 82' lang='lat' dir='ltr'><strong>ulie</strong></span> <span class='ocrx_word' id='word_1_63' title='bbox 1134 1354 1250 1412; x_wconf 90' lang='lat' dir='ltr'><strong>qnoque</strong></span> <span class='ocrx_word' id='word_1_64' title='bbox 1270 1339 1299 1393; x_wconf 84' lang='lat' dir='ltr'><strong>in</strong></span> <span class='ocrx_word' id='word_1_65' title='bbox 1322 1342 1338 1393; x_wconf 88' lang='lat'><strong>5</strong></span> 
     </span>
     <span class='ocr_line' id='line_1_9' title="bbox 238 1438 1326 1525; baseline -0.002 -28"><span class='ocrx_word' id='word_1_66' title='bbox 238 1443 328 1499; x_wconf 69' lang='lat' dir='ltr'><strong>mrbus</strong></span> <span class='ocrx_word' id='word_1_67' title='bbox 349 1447 475 1501; x_wconf 71' lang='lat' dir='ltr'><strong>mumotb</strong></span> <span class='ocrx_word' id='word_1_68' title='bbox 524 1446 668 1525; x_wconf 81' lang='lat' dir='ltr'><strong>Primum,</strong></span> <span class='ocrx_word' id='word_1_69' title='bbox 689 1455 723 1503; x_wconf 91' lang='lat' dir='ltr'><strong>ut</strong></span> <span class='ocrx_word' id='word_1_70' title='bbox 741 1447 843 1504; x_wconf 91' lang='lat' dir='ltr'><strong>ordine</strong></span> <span class='ocrx_word' id='word_1_71' title='bbox 865 1464 900 1501; x_wconf 86' lang='lat' dir='ltr'><strong>ao</strong></span> <span class='ocrx_word' id='word_1_72' title='bbox 921 1444 983 1501; x_wconf 88' lang='lat' dir='ltr'><strong>sine</strong></span> <span class='ocrx_word' id='word_1_73' title='bbox 1004 1442 1129 1499; x_wconf 87' lang='lat' dir='ltr'><strong>tumultu</strong></span> <span class='ocrx_word' id='word_1_74' title='bbox 1150 1440 1249 1498; x_wconf 86' lang='lat' dir='ltr'><strong>omnia</strong></span> <span class='ocrx_word' id='word_1_75' title='bbox 1269 1438 1298 1496; x_wconf 90' lang='lat' dir='ltr'><strong>in</strong></span> <span class='ocrx_word' id='word_1_76' title='bbox 1322 1448 1326 1457; x_wconf 95' lang='grc'><strong>’</strong></span> 
     </span>
     <span class='ocr_line' id='line_1_10' title="bbox 238 1545 1338 1627; baseline 0.001 -25"><span class='ocrx_word' id='word_1_77' title='bbox 238 1547 348 1621; x_wconf 84' lang='lat' dir='ltr'><strong>agmine</strong></span> <span class='ocrx_word' id='word_1_78' title='bbox 370 1549 409 1605; x_wconf 87' lang='lat' dir='ltr'><strong>ad</strong></span> <span class='ocrx_word' id='word_1_79' title='bbox 435 1559 536 1607; x_wconf 87' lang='lat' dir='ltr'><strong>nutum</strong></span> <span class='ocrx_word' id='word_1_80' title='bbox 562 1552 774 1627; x_wconf 85' lang='lat' dir='ltr'><strong>imperiumque</strong></span> <span class='ocrx_word' id='word_1_81' title='bbox 799 1551 881 1607; x_wconf 87' lang='lat' dir='ltr'><strong>ducis</strong></span> <span class='ocrx_word' id='word_1_82' title='bbox 910 1550 1026 1619; x_wconf 86' lang='lat' dir='ltr'><strong>fierent,</strong></span> <span class='ocrx_word' id='word_1_83' title='bbox 1061 1546 1197 1621; x_wconf 87' lang='lat' dir='ltr'><strong>providit.</strong></span> <span class='ocrx_word' id='word_1_84' title='bbox 1238 1545 1299 1605; x_wconf 93' lang='lat' dir='ltr'><strong>Ubi</strong></span> <span class='ocrx_word' id='word_1_85' title='bbox 1322 1550 1338 1603; x_wconf 89' lang='grc'><strong>6</strong></span> 
     </span>
     <span class='ocr_line' id='line_1_11' title="bbox 238 1652 1298 1730; baseline 0.003 -24"><span class='ocrx_word' id='word_1_86' title='bbox 238 1652 367 1710; x_wconf 88' lang='lat' dir='ltr'><strong>omuibus</strong></span> <span class='ocrx_word' id='word_1_87' title='bbox 388 1653 475 1711; x_wconf 89' lang='lat' dir='ltr'><strong>simul</strong></span> <span class='ocrx_word' id='word_1_88' title='bbox 495 1659 742 1730; x_wconf 74' lang='lat' dir='ltr'><strong>pronuntiaretur,</strong></span> <span class='ocrx_word' id='word_1_89' title='bbox 777 1656 855 1730; x_wconf 88' lang='lat' dir='ltr'><strong>quod</strong></span> <span class='ocrx_word' id='word_1_90' title='bbox 877 1656 969 1723; x_wconf 85' lang='lat' dir='ltr'><strong>fieret,</strong></span> <span class='ocrx_word' id='word_1_91' title='bbox 1002 1670 1088 1727; x_wconf 85' lang='lat' dir='ltr'><strong>neque</strong></span> <span class='ocrx_word' id='word_1_92' title='bbox 1108 1653 1184 1709; x_wconf 80' lang='lat' dir='ltr'><strong>clare</strong></span> <span class='ocrx_word' id='word_1_93' title='bbox 1204 1670 1298 1726; x_wconf 90' lang='lat' dir='ltr'><strong>neque</strong></span> 
     </span>
     <span class='ocr_line' id='line_1_12' title="bbox 237 1757 1298 1837; baseline 0.002 -26"><span class='ocrx_word' id='word_1_94' title='bbox 237 1774 331 1813; x_wconf 89' lang='lat' dir='ltr'><strong>omnes</strong></span> <span class='ocrx_word' id='word_1_95' title='bbox 353 1759 512 1828; x_wconf 82' lang='lat' dir='ltr'><strong>exaudire;</strong></span> <span class='ocrx_word' id='word_1_96' title='bbox 529 1761 641 1819; x_wconf 90' lang='lat' dir='ltr'><strong>incerto</strong></span> <span class='ocrx_word' id='word_1_97' title='bbox 663 1760 787 1837; x_wconf 88' lang='lat' dir='ltr'><strong>imperio</strong></span> <span class='ocrx_word' id='word_1_98' title='bbox 802 1768 933 1835; x_wconf 80' lang='lat' dir='ltr'><strong>accepto,</strong></span> <span class='ocrx_word' id='word_1_99' title='bbox 954 1758 1037 1824; x_wconf 80' lang='lat' dir='ltr'><strong>alios,</strong></span> <span class='ocrx_word' id='word_1_100' title='bbox 1060 1758 1097 1814; x_wconf 80' lang='lat' dir='ltr'><strong>ab</strong></span> <span class='ocrx_word' id='word_1_101' title='bbox 1119 1775 1151 1813; x_wconf 91' lang='lat' dir='ltr'><strong>ee</strong></span> <span class='ocrx_word' id='word_1_102' title='bbox 1172 1757 1298 1815; x_wconf 88' lang='lat' dir='ltr'><strong>adicien-</strong></span> 
     </span>
     <span class='ocr_line' id='line_1_13' title="bbox 237 1861 1299 1943; baseline 0.002 -27"><span class='ocrx_word' id='word_1_103' title='bbox 237 1872 283 1931; x_wconf 84' lang='lat' dir='ltr'><strong>tes,</strong></span> <span class='ocrx_word' id='word_1_104' title='bbox 304 1861 373 1936; x_wconf 91' lang='lat' dir='ltr'><strong>plne</strong></span> <span class='ocrx_word' id='word_1_105' title='bbox 394 1882 440 1934; x_wconf 83' lang='lat' dir='ltr'><strong>eo,</strong></span> <span class='ocrx_word' id='word_1_106' title='bbox 463 1866 542 1939; x_wconf 91' lang='lat' dir='ltr'><strong>quod</strong></span> <span class='ocrx_word' id='word_1_107' title='bbox 562 1868 735 1943; x_wconf 86' lang='lat' dir='ltr'><strong>imperatum</strong></span> <span class='ocrx_word' id='word_1_108' title='bbox 757 1866 803 1934; x_wconf 80' lang='lat' dir='ltr'><strong>sit,</strong></span> <span class='ocrx_word' id='word_1_109' title='bbox 825 1864 899 1922; x_wconf 88' lang='lat' dir='ltr'><strong>alios</strong></span> <span class='ocrx_word' id='word_1_110' title='bbox 917 1864 1010 1921; x_wconf 90' lang='lat' dir='ltr'><strong>minus</strong></span> <span class='ocrx_word' id='word_1_111' title='bbox 1024 1861 1135 1932; x_wconf 83' lang='lat' dir='ltr'><strong>fecere;</strong></span> <span class='ocrx_word' id='word_1_112' title='bbox 1157 1862 1299 1919; x_wconf 84' lang='lat' dir='ltr'><strong>clamores</strong></span> 
     </span>
     <span class='ocr_line' id='line_1_14' title="bbox 237 1966 1298 2044; baseline 0.003 -22"><span class='ocrx_word' id='word_1_113' title='bbox 237 1966 335 2025; x_wconf 89' lang='lat' dir='ltr'><strong>deinde</strong></span> <span class='ocrx_word' id='word_1_114' title='bbox 363 1968 499 2027; x_wconf 88' lang='lat' dir='ltr'><strong>dissonos</strong></span> <span class='ocrx_word' id='word_1_115' title='bbox 526 1973 596 2028; x_wconf 85' lang='lat' dir='ltr'><strong>oriri</strong></span> <span class='ocrx_word' id='word_1_116' title='bbox 622 1972 756 2029; x_wconf 89' lang='lat' dir='ltr'><strong>omnibus</strong></span> <span class='ocrx_word' id='word_1_117' title='bbox 784 1970 874 2041; x_wconf 77' lang='lat' dir='ltr'><strong>locis,</strong></span> <span class='ocrx_word' id='word_1_118' title='bbox 906 1978 933 2027; x_wconf 87' lang='lat' dir='ltr'><strong>et</strong></span> <span class='ocrx_word' id='word_1_119' title='bbox 965 1969 1046 2044; x_wconf 89' lang='lat' dir='ltr'><strong>prius</strong></span> <span class='ocrx_word' id='word_1_120' title='bbox 1079 1968 1178 2025; x_wconf 89' lang='lat' dir='ltr'><strong>hostes</strong></span> <span class='ocrx_word' id='word_1_121' title='bbox 1210 1985 1298 2042; x_wconf 88' lang='lat' dir='ltr'><strong>quem</strong></span> 
     </span>
     <span class='ocr_line' id='line_1_15' title="bbox 236 2050 1338 2151; baseline 0.001 -25"><span class='ocrx_word' id='word_1_122' title='bbox 236 2071 319 2144; x_wconf 90' lang='lat' dir='ltr'><strong>ipsos,</strong></span> <span class='ocrx_word' id='word_1_123' title='bbox 342 2073 414 2147; x_wconf 92' lang='lat' dir='ltr'><strong>quid</strong></span> <span class='ocrx_word' id='word_1_124' title='bbox 434 2050 569 2149; x_wconf 84' lang='lat' dir='ltr'><strong>paretur,</strong></span> <span class='ocrx_word' id='word_1_125' title='bbox 591 2076 673 2133; x_wconf 79' lang='lat' dir='ltr'><strong>scire</strong></span> <span class='ocrx_word' id='word_1_126' title='bbox 722 2076 846 2134; x_wconf 86' lang='lat' dir='ltr'><strong>Placere</strong></span> <span class='ocrx_word' id='word_1_127' title='bbox 866 2076 972 2151; x_wconf 82' lang='lat' dir='ltr'><strong>igitur,</strong></span> <span class='ocrx_word' id='word_1_128' title='bbox 1007 2074 1152 2133; x_wconf 89' lang='lat' dir='ltr'><strong>tribunum</strong></span> <span class='ocrx_word' id='word_1_129' title='bbox 1177 2072 1297 2131; x_wconf 89' lang='lat' dir='ltr'><strong>militum</strong></span> <span class='ocrx_word' id='word_1_130' title='bbox 1323 2074 1338 2127; x_wconf 88' lang='lat'><strong>7</strong></span> 
     </span>
     <span class='ocr_line' id='line_1_16' title="bbox 236 2176 1300 2255; baseline 0.003 -23"><span class='ocrx_word' id='word_1_131' title='bbox 236 2176 324 2249; x_wconf 89' lang='lat' dir='ltr'><strong>primo</strong></span> <span class='ocrx_word' id='word_1_132' title='bbox 346 2178 409 2253; x_wconf 93' lang='lat' dir='ltr'><strong>pilo</strong></span> <span class='ocrx_word' id='word_1_133' title='bbox 429 2179 553 2254; x_wconf 83' lang='lat' dir='ltr'><strong>legionis</strong></span> <span class='ocrx_word' id='word_1_134' title='bbox 581 2191 724 2239; x_wconf 89' lang='lat' dir='ltr'><strong>secretum</strong></span> <span class='ocrx_word' id='word_1_135' title='bbox 755 2184 840 2239; x_wconf 88' lang='lat' dir='ltr'><strong>edere</strong></span> <span class='ocrx_word' id='word_1_136' title='bbox 868 2181 1038 2255; x_wconf 84' lang='lat' dir='ltr'><strong>imperium,</strong></span> <span class='ocrx_word' id='word_1_137' title='bbox 1073 2177 1153 2235; x_wconf 90' lang='lat' dir='ltr'><strong>illum</strong></span> <span class='ocrx_word' id='word_1_138' title='bbox 1180 2189 1210 2235; x_wconf 91' lang='lat' dir='ltr'><strong>et</strong></span> <span class='ocrx_word' id='word_1_139' title='bbox 1234 2179 1300 2236; x_wconf 90' lang='lat' dir='ltr'><strong>dein</strong></span> 
     </span>
     <span class='ocr_line' id='line_1_17' title="bbox 235 2280 1299 2360; baseline 0.005 -24"><span class='ocrx_word' id='word_1_140' title='bbox 235 2280 360 2356; x_wconf 80' lang='lat' dir='ltr'><strong>singulos</strong></span> <span class='ocrx_word' id='word_1_141' title='bbox 379 2284 515 2358; x_wconf 84' lang='lat' dir='ltr'><strong>proximo</strong></span> <span class='ocrx_word' id='word_1_142' title='bbox 538 2286 642 2360; x_wconf 90' lang='lat' dir='ltr'><strong>cuique</strong></span> <span class='ocrx_word' id='word_1_143' title='bbox 662 2287 692 2344; x_wconf 88' lang='lat' dir='ltr'><strong>in</strong></span> <span class='ocrx_word' id='word_1_144' title='bbox 717 2288 818 2344; x_wconf 89' lang='lat' dir='ltr'><strong>ordine</strong></span> <span class='ocrx_word' id='word_1_145' title='bbox 838 2284 998 2344; x_wconf 87' lang='lat' dir='ltr'><strong>centurioni</strong></span> <span class='ocrx_word' id='word_1_146' title='bbox 1013 2284 1117 2352; x_wconf 88' lang='lat' dir='ltr'><strong>dicere,</strong></span> <span class='ocrx_word' id='word_1_147' title='bbox 1140 2284 1209 2357; x_wconf 90' lang='lat' dir='ltr'><strong>quid</strong></span> <span class='ocrx_word' id='word_1_148' title='bbox 1225 2302 1299 2358; x_wconf 91' lang='lat' dir='ltr'><strong>opus</strong></span> 
     </span>
     <span class='ocr_line' id='line_1_18' title="bbox 235 2384 1299 2466; baseline 0.003 -26"><span class='ocrx_word' id='word_1_149' title='bbox 235 2384 308 2443; x_wconf 88' lang='lat' dir='ltr'><strong>lacto</strong></span> <span class='ocrx_word' id='word_1_150' title='bbox 331 2387 388 2457; x_wconf 85' lang='lat' dir='ltr'><strong>sit,</strong></span> <span class='ocrx_word' id='word_1_151' title='bbox 420 2389 483 2446; x_wconf 89' lang='lat' dir='ltr'><strong>sive</strong></span> <span class='ocrx_word' id='word_1_152' title='bbox 506 2409 525 2446; x_wconf 98' lang='lat' dir='ltr'><strong>a</strong></span> <span class='ocrx_word' id='word_1_153' title='bbox 545 2391 648 2465; x_wconf 85' lang='lat' dir='ltr'><strong>primis</strong></span> <span class='ocrx_word' id='word_1_154' title='bbox 668 2391 759 2466; x_wconf 86' lang='lat' dir='ltr'><strong>signis</strong></span> <span class='ocrx_word' id='word_1_155' title='bbox 780 2392 819 2448; x_wconf 91' lang='lat' dir='ltr'><strong>ad</strong></span> <span class='ocrx_word' id='word_1_156' title='bbox 839 2390 1029 2447; x_wconf 86' lang='lat' dir='ltr'><strong>novissimum</strong></span> <span class='ocrx_word' id='word_1_157' title='bbox 1051 2404 1155 2462; x_wconf 78' lang='lat' dir='ltr'><strong>agmen</strong></span> <span class='ocrx_word' id='word_1_158' title='bbox 1177 2386 1240 2444; x_wconf 86' lang='lat' dir='ltr'><strong>sive</strong></span> <span class='ocrx_word' id='word_1_159' title='bbox 1261 2388 1299 2444; x_wconf 81' lang='lat' dir='ltr'><strong>ab</strong></span> 
     </span>
     <span class='ocr_line' id='line_1_19' title="bbox 238 2490 1341 2572; baseline 0.008 -26"><span class='ocrx_word' id='word_1_160' title='bbox 238 2492 373 2549; x_wconf 85' lang='lat' dir='ltr'><strong>extremis</strong></span> <span class='ocrx_word' id='word_1_161' title='bbox 395 2494 433 2550; x_wconf 87' lang='lat' dir='ltr'><strong>ad</strong></span> <span class='ocrx_word' id='word_1_162' title='bbox 457 2495 569 2569; x_wconf 89' lang='lat' dir='ltr'><strong>primos</strong></span> <span class='ocrx_word' id='word_1_163' title='bbox 589 2496 794 2572; x_wconf 85' lang='lat' dir='ltr'><strong>perfcmndnm</strong></span> <span class='ocrx_word' id='word_1_164' title='bbox 816 2494 969 2569; x_wconf 86' lang='lat' dir='ltr'><strong>imperium</strong></span> <span class='ocrx_word' id='word_1_165' title='bbox 991 2491 1037 2549; x_wconf 90' lang='lat' dir='ltr'><strong>sit.</strong></span> <span class='ocrx_word' id='word_1_166' title='bbox 1080 2490 1191 2566; x_wconf 86' lang='lat' dir='ltr'><strong>Vigiles</strong></span> <span class='ocrx_word' id='word_1_167' title='bbox 1213 2492 1300 2551; x_wconf 86' lang='lat' dir='ltr'><strong>stiam</strong></span> <span class='ocrx_word' id='word_1_168' title='bbox 1324 2500 1341 2555; x_wconf 86' lang='lat'>8</span> 
     </span>
     <span class='ocr_line' id='line_1_20' title="bbox 237 2597 1300 2677; baseline 0.003 -25"><span class='ocrx_word' id='word_1_169' title='bbox 237 2614 310 2653; x_wconf 87' lang='lat' dir='ltr'><strong>novo</strong></span> <span class='ocrx_word' id='word_1_170' title='bbox 336 2609 554 2676; x_wconf 17' lang='lat' dir='ltr'><strong>moretscutum</strong></span> <span class='ocrx_word' id='word_1_171' title='bbox 575 2602 606 2658; x_wconf 91' lang='lat' dir='ltr'><strong>iu</strong></span> <span class='ocrx_word' id='word_1_172' title='bbox 626 2601 756 2677; x_wconf 81' lang='lat' dir='ltr'><strong>vigiliam</strong></span> <span class='ocrx_word' id='word_1_173' title='bbox 778 2600 855 2658; x_wconf 86' lang='lat' dir='ltr'><strong>ferre</strong></span> <span class='ocrx_word' id='word_1_174' title='bbox 869 2598 976 2667; x_wconf 84' lang='lat' dir='ltr'><strong>vetuit3</strong></span> <span class='ocrx_word' id='word_1_175' title='bbox 997 2615 1057 2653; x_wconf 86' lang='lat' dir='ltr'><strong>uon</strong></span> <span class='ocrx_word' id='word_1_176' title='bbox 1078 2597 1152 2654; x_wconf 90' lang='lat' dir='ltr'><strong>enim</strong></span> <span class='ocrx_word' id='word_1_177' title='bbox 1175 2598 1205 2653; x_wconf 92' lang='lat' dir='ltr'><strong>in</strong></span> <span class='ocrx_word' id='word_1_178' title='bbox 1227 2616 1300 2674; x_wconf 86' lang='lat' dir='ltr'><strong>pug-</strong></span> 
     </span>
     <span class='ocr_line' id='line_1_21' title="bbox 237 2702 1300 2778; baseline 0.005 -22"><span class='ocrx_word' id='word_1_179' title='bbox 237 2718 300 2759; x_wconf 90' lang='lat' dir='ltr'><strong>nam</strong></span> <span class='ocrx_word' id='word_1_180' title='bbox 322 2702 442 2778; x_wconf 81' lang='lat' dir='ltr'><strong>vigilem</strong></span> <span class='ocrx_word' id='word_1_181' title='bbox 464 2704 517 2776; x_wconf 83' lang='lat' dir='ltr'><strong>ire,</strong></span> <span class='ocrx_word' id='word_1_182' title='bbox 537 2715 570 2762; x_wconf 94' lang='lat' dir='ltr'><strong>nt</strong></span> <span class='ocrx_word' id='word_1_183' title='bbox 591 2708 680 2765; x_wconf 86' lang='lat' dir='ltr'><strong>armis</strong></span> <span class='ocrx_word' id='word_1_184' title='bbox 701 2716 809 2776; x_wconf 86' lang='lat' dir='ltr'><strong>utatur,</strong></span> <span class='ocrx_word' id='word_1_185' title='bbox 829 2706 882 2763; x_wconf 90' lang='lat' dir='ltr'><strong>sed</strong></span> <span class='ocrx_word' id='word_1_186' title='bbox 903 2704 940 2761; x_wconf 86' lang='lat' dir='ltr'><strong>ed</strong></span> <span class='ocrx_word' id='word_1_187' title='bbox 962 2702 1150 2777; x_wconf 79' lang='lat' dir='ltr'><strong>vigilandum,</strong></span> <span class='ocrx_word' id='word_1_188' title='bbox 1173 2714 1213 2775; x_wconf 73' lang='lat' dir='ltr'><strong>ut,</strong></span> <span class='ocrx_word' id='word_1_189' title='bbox 1235 2722 1300 2761; x_wconf 89' lang='lat' dir='ltr'><strong>cnm</strong></span> 
     </span>
     <span class='ocr_line' id='line_1_22' title="bbox 238 2807 1302 2886; baseline 0.004 -23"><span class='ocrx_word' id='word_1_190' title='bbox 238 2807 358 2865; x_wconf 84' lang='lat' dir='ltr'><strong>senserit</strong></span> <span class='ocrx_word' id='word_1_191' title='bbox 377 2809 505 2866; x_wconf 88' lang='lat' dir='ltr'><strong>hostium</strong></span> <span class='ocrx_word' id='word_1_192' title='bbox 528 2810 702 2880; x_wconf 74' lang='lat' dir='ltr'><strong>adventum,</strong></span> <span class='ocrx_word' id='word_1_193' title='bbox 736 2810 858 2886; x_wconf 88' lang='lat' dir='ltr'><strong>recipiat</strong></span> <span class='ocrx_word' id='word_1_194' title='bbox 889 2827 921 2865; x_wconf 89' lang='lat' dir='ltr'><strong>se</strong></span> <span class='ocrx_word' id='word_1_195' title='bbox 953 2808 1117 2882; x_wconf 83' lang='lat' dir='ltr'><strong>excitetque</strong></span> <span class='ocrx_word' id='word_1_196' title='bbox 1149 2808 1187 2865; x_wconf 86' lang='lat' dir='ltr'><strong>ed</strong></span> <span class='ocrx_word' id='word_1_197' title='bbox 1218 2828 1302 2867; x_wconf 84' lang='lat' dir='ltr'><strong>arma</strong></span> 
     </span>
     <span class='ocr_line' id='line_1_23' title="bbox 238 2910 1341 2992; baseline 0.007 -24"><span class='ocrx_word' id='word_1_198' title='bbox 238 2910 317 2969; x_wconf 82' lang='lat' dir='ltr'><strong>ebes.</strong></span> <span class='ocrx_word' id='word_1_199' title='bbox 369 2912 460 2972; x_wconf 89' lang='lat' dir='ltr'><strong>Scuto</strong></span> <span class='ocrx_word' id='word_1_200' title='bbox 480 2932 542 2990; x_wconf 81' lang='lat' dir='ltr'><strong>prta</strong></span> <span class='ocrx_word' id='word_1_201' title='bbox 563 2934 596 2972; x_wconf 89' lang='lat' dir='ltr'><strong>se</strong></span> <span class='ocrx_word' id='word_1_202' title='bbox 616 2926 713 2975; x_wconf 89' lang='lat' dir='ltr'><strong>erecto</strong></span> <span class='ocrx_word' id='word_1_203' title='bbox 734 2926 813 2975; x_wconf 86' lang='lat' dir='ltr'><strong>stare</strong></span> <span class='ocrx_word' id='word_1_204' title='bbox 834 2914 982 2992; x_wconf 78' lang='lat' dir='ltr'><strong>galeetos;</strong></span> <span class='ocrx_word' id='word_1_205' title='bbox 1015 2912 1132 2984; x_wconf 76' lang='lat' dir='ltr'><strong>deinde,</strong></span> <span class='ocrx_word' id='word_1_206' title='bbox 1161 2914 1210 2971; x_wconf 91' lang='lat' dir='ltr'><strong>nbi</strong></span> <span class='ocrx_word' id='word_1_207' title='bbox 1231 2914 1301 2973; x_wconf 82' lang='lat' dir='ltr'><strong>fessi</strong></span> <span class='ocrx_word' id='word_1_208' title='bbox 1324 2922 1341 2977; x_wconf 89' lang='grc'>9</span> 
     </span>
     <span class='ocr_line' id='line_1_24' title="bbox 238 3016 1301 3098; baseline 0.007 -27"><span class='ocrx_word' id='word_1_209' title='bbox 238 3016 300 3087; x_wconf 86' lang='lat' dir='ltr'><strong>sint,</strong></span> <span class='ocrx_word' id='word_1_210' title='bbox 321 3018 441 3075; x_wconf 90' lang='lat' dir='ltr'><strong>innixos</strong></span> <span class='ocrx_word' id='word_1_211' title='bbox 462 3017 532 3094; x_wconf 89' lang='lat' dir='ltr'><strong>pilo,</strong></span> <span class='ocrx_word' id='word_1_212' title='bbox 558 3020 653 3096; x_wconf 88' lang='lat' dir='ltr'><strong>capite</strong></span> <span class='ocrx_word' id='word_1_213' title='bbox 673 3040 762 3097; x_wconf 88' lang='lat' dir='ltr'><strong>super</strong></span> <span class='ocrx_word' id='word_1_214' title='bbox 782 3021 951 3098; x_wconf 75' lang='lat' dir='ltr'><strong>marginem</strong></span> <span class='ocrx_word' id='word_1_215' title='bbox 966 3019 1040 3077; x_wconf 89' lang='lat' dir='ltr'><strong>scuti</strong></span> <span class='ocrx_word' id='word_1_216' title='bbox 1063 3019 1169 3094; x_wconf 73' lang='lat' dir='ltr'><strong>posito,</strong></span> <span class='ocrx_word' id='word_1_217' title='bbox 1190 3021 1301 3095; x_wconf 90' lang='lat' dir='ltr'><strong>sopitos</strong></span> 
     </span>
     <span class='ocr_line' id='line_1_25' title="bbox 238 3123 1301 3203; baseline 0.004 -24"><span class='ocrx_word' id='word_1_218' title='bbox 238 3131 329 3193; x_wconf 81' lang='lat' dir='ltr'><strong>stare,</strong></span> <span class='ocrx_word' id='word_1_219' title='bbox 363 3132 396 3181; x_wconf 91' lang='lat' dir='ltr'><strong>ut</strong></span> <span class='ocrx_word' id='word_1_220' title='bbox 421 3123 599 3199; x_wconf 84' lang='lat' dir='ltr'><strong>fulgentibus</strong></span> <span class='ocrx_word' id='word_1_221' title='bbox 629 3127 718 3185; x_wconf 81' lang='lat' dir='ltr'><strong>armis</strong></span> <span class='ocrx_word' id='word_1_222' title='bbox 740 3128 843 3203; x_wconf 89' lang='lat' dir='ltr'><strong>procul</strong></span> <span class='ocrx_word' id='word_1_223' title='bbox 864 3124 992 3199; x_wconf 88' lang='lat' dir='ltr'><strong>conspici</strong></span> <span class='ocrx_word' id='word_1_224' title='bbox 1015 3124 1053 3183; x_wconf 86' lang='lat' dir='ltr'><strong>eb</strong></span> <span class='ocrx_word' id='word_1_225' title='bbox 1075 3125 1158 3181; x_wconf 89' lang='lat' dir='ltr'><strong>hoste</strong></span> <span class='ocrx_word' id='word_1_226' title='bbox 1178 3126 1301 3201; x_wconf 81' lang='lat' dir='ltr'><strong>possint,</strong></span> 
     </span>
     <span class='ocr_line' id='line_1_26' title="bbox 238 3224 1363 3305; baseline 0.006 -25"><span class='ocrx_word' id='word_1_227' title='bbox 238 3224 291 3300; x_wconf 87' lang='lat' dir='ltr'><strong>ipsi</strong></span> <span class='ocrx_word' id='word_1_228' title='bbox 321 3227 396 3285; x_wconf 89' lang='lat' dir='ltr'><strong>nihil</strong></span> <span class='ocrx_word' id='word_1_229' title='bbox 428 3229 612 3304; x_wconf 87' lang='lat' dir='ltr'><strong>provideant.</strong></span> <span class='ocrx_word' id='word_1_230' title='bbox 668 3229 832 3289; x_wconf 85' lang='lat' dir='ltr'><strong>Stationum</strong></span> <span class='ocrx_word' id='word_1_231' title='bbox 871 3248 988 3305; x_wconf 90' lang='lat' dir='ltr'><strong>qunque</strong></span> <span class='ocrx_word' id='word_1_232' title='bbox 1022 3248 1132 3288; x_wconf 89' lang='lat' dir='ltr'><strong>morem</strong></span> <span class='ocrx_word' id='word_1_233' title='bbox 1166 3231 1300 3293; x_wconf 86' lang='lat' dir='ltr'><strong>mutavit.</strong></span> <span class='ocrx_word' id='word_1_234' title='bbox 1327 3241 1363 3295; x_wconf 88' lang='lat'><strong>10</strong></span> 
     </span>
     <span class='ocr_line' id='line_1_27' title="bbox 238 3314 1300 3410; baseline 0.003 -19"><span class='ocrx_word' id='word_1_235' title='bbox 238 3333 354 3391; x_wconf 85' lang='lat' dir='ltr'><strong>Armati</strong></span> <span class='ocrx_word' id='word_1_236' title='bbox 378 3350 496 3403; x_wconf 82' lang='lat' dir='ltr'><strong>omnes,</strong></span> <span class='ocrx_word' id='word_1_237' title='bbox 517 3342 546 3391; x_wconf 90' lang='lat' dir='ltr'><strong>et</strong></span> <span class='ocrx_word' id='word_1_238' title='bbox 565 3334 687 3393; x_wconf 84' lang='lat' dir='ltr'><strong>frenatis</strong></span> <span class='ocrx_word' id='word_1_239' title='bbox 708 3335 792 3409; x_wconf 88' lang='lat' dir='ltr'><strong>equis</strong></span> <span class='ocrx_word' id='word_1_240' title='bbox 812 3314 940 3409; x_wconf 83' lang='lat' dir='ltr'><strong>equites,</strong></span> <span class='ocrx_word' id='word_1_241' title='bbox 970 3334 1046 3393; x_wconf 90' lang='lat' dir='ltr'><strong>diem</strong></span> <span class='ocrx_word' id='word_1_242' title='bbox 1071 3343 1163 3393; x_wconf 88' lang='lat' dir='ltr'><strong>totum</strong></span> <span class='ocrx_word' id='word_1_243' title='bbox 1184 3344 1300 3410; x_wconf 83' lang='lat' dir='ltr'><strong>persta·</strong></span> 
     </span>
    </p>
   </div>
   <div class='ocr_carea' id='block_1_3' title="bbox 238 3608 1304 4367">
    <p class='ocr_par' dir='ltr' id='par_1_3' title="bbox 238 3608 1304 4367">
     <span class='ocr_line' id='line_1_28' title="bbox 238 3608 1303 3679; baseline 0.005 -18"><span class='ocrx_word' id='word_1_244' title='bbox 238 3608 262 3668; x_wconf 86' lang='lat'><strong>4,</strong></span> <span class='ocrx_word' id='word_1_245' title='bbox 280 3616 295 3658; x_wconf 75' lang='lat'>2</span> <span class='ocrx_word' id='word_1_246' title='bbox 313 3611 394 3660; x_wconf 85' lang='lat' dir='ltr'><strong>adicit</strong></span> <span class='ocrx_word' id='word_1_247' title='bbox 408 3613 482 3662; x_wconf 82' lang='lat' dir='ltr'><strong>Grou.</strong></span> <span class='ocrx_word' id='word_1_248' title='bbox 530 3618 615 3677; x_wconf 77' lang='lat' dir='ltr'><strong>asqq.</strong></span> <span class='ocrx_word' id='word_1_249' title='bbox 634 3615 780 3679; x_wconf 68' lang='lat' dir='ltr'><strong>primisque</strong></span> <span class='ocrx_word' id='word_1_250' title='bbox 799 3615 932 3665; x_wconf 89' lang='lat' dir='ltr'><strong>ordinibus</strong></span> <span class='ocrx_word' id='word_1_251' title='bbox 957 3629 1013 3678; x_wconf 80' lang='lat' dir='ltr'><strong>qnae</strong></span> <span class='ocrx_word' id='word_1_252' title='bbox 1040 3614 1072 3661; x_wconf 80' lang='lat' dir='ltr'><strong>ad</strong></span> <span class='ocrx_word' id='word_1_253' title='bbox 1091 3615 1303 3677; x_wconf 83' lang='lat' dir='ltr'><strong>contemplandos</strong></span> 
     </span>
     <span class='ocr_line' id='line_1_29' title="bbox 240 3698 1302 3767; baseline 0.008 -24"><span class='ocrx_word' id='word_1_254' title='bbox 240 3698 358 3748; x_wconf 85' lang='lat' dir='ltr'><strong>transitus</strong></span> <span class='ocrx_word' id='word_1_255' title='bbox 377 3699 516 3749; x_wconf 87' lang='lat' dir='ltr'><strong>descensus</strong></span> <span class='ocrx_word' id='word_1_256' title='bbox 535 3698 653 3763; x_wconf 78' lang='lat' dir='ltr'><strong>Suppleri</strong></span> <span class='ocrx_word' id='word_1_257' title='bbox 660 3702 719 3765; x_wconf 82' lang='lat' dir='ltr'><strong>sere</strong></span> <span class='ocrx_word' id='word_1_258' title='bbox 737 3710 763 3750; x_wconf 84' lang='lat' dir='ltr'><strong>ut</strong></span> <span class='ocrx_word' id='word_1_259' title='bbox 786 3700 871 3752; x_wconf 80' lang='lat' dir='ltr'><strong>Weiss.</strong></span> <span class='ocrx_word' id='word_1_260' title='bbox 897 3700 986 3767; x_wconf 76' lang='lat' dir='ltr'><strong>(Gryu.</strong></span> <span class='ocrx_word' id='word_1_261' title='bbox 1010 3700 1151 3765; x_wconf 89' lang='lat' dir='ltr'><strong>primisque</strong></span> <span class='ocrx_word' id='word_1_262' title='bbox 1169 3702 1302 3752; x_wconf 85' lang='lat' dir='ltr'><strong>ordinibus</strong></span> 
     </span>
     <span class='ocr_line' id='line_1_30' title="bbox 238 3784 1303 3852; baseline 0.009 -24"><span class='ocrx_word' id='word_1_263' title='bbox 238 3784 305 3833; x_wconf 85' lang='lat' dir='ltr'><strong>vadit</strong></span> <span class='ocrx_word' id='word_1_264' title='bbox 323 3786 356 3833; x_wconf 82' lang='lat' dir='ltr'><strong>sd</strong></span> <span class='ocrx_word' id='word_1_265' title='bbox 376 3792 445 3835; x_wconf 91' lang='lat' dir='ltr'><strong>cont.</strong></span> <span class='ocrx_word' id='word_1_266' title='bbox 463 3794 551 3845; x_wconf 77' lang='lat' dir='ltr'><strong>trans,</strong></span> <span class='ocrx_word' id='word_1_267' title='bbox 571 3800 622 3847; x_wconf 86' lang='lat' dir='ltr'><strong>qua</strong></span> <span class='ocrx_word' id='word_1_268' title='bbox 640 3786 791 3849; x_wconf 88' lang='lat' dir='ltr'><strong>descensus)</strong></span> <span class='ocrx_word' id='word_1_269' title='bbox 824 3792 839 3834; x_wconf 85' lang='lat' dir='ltr'><strong>e</strong></span> <span class='ocrx_word' id='word_1_270' title='bbox 861 3785 937 3852; x_wconf 62' lang='grc' dir='ltr'><strong><em>(ἶφι.</em></strong></span> <span class='ocrx_word' id='word_1_271' title='bbox 957 3788 1059 3850; x_wconf 86' lang='lat' dir='ltr'><strong>iniquus</strong></span> <span class='ocrx_word' id='word_1_272' title='bbox 1093 3786 1142 3847; x_wconf 85' lang='lat' dir='ltr'><strong>5‚l</strong></span> <span class='ocrx_word' id='word_1_273' title='bbox 1165 3789 1303 3851; x_wconf 83' lang='lat' dir='ltr'><strong>exploratis</strong></span> 
     </span>
     <span class='ocr_line' id='line_1_31' title="bbox 239 3867 1304 3937; baseline 0.009 -21"><span class='ocrx_word' id='word_1_274' title='bbox 239 3867 282 3918; x_wconf 87' lang='lat' dir='ltr'><strong>illa</strong></span> <span class='ocrx_word' id='word_1_275' title='bbox 295 3885 399 3935; x_wconf 89' lang='lat' dir='ltr'><strong>quoque</strong></span> <span class='ocrx_word' id='word_1_276' title='bbox 417 3874 527 3936; x_wconf 88' lang='lat' dir='ltr'><strong>primum</strong></span> <span class='ocrx_word' id='word_1_277' title='bbox 540 3872 662 3937; x_wconf 61' lang='lat' dir='ltr'><strong>Mulier.</strong></span> <span class='ocrx_word' id='word_1_278' title='bbox 676 3872 731 3921; x_wconf 76' lang='lat'><strong>583</strong></span> <span class='ocrx_word' id='word_1_279' title='bbox 767 3873 918 3922; x_wconf 72' lang='lat' dir='ltr'><strong>uadiutum</strong></span> <span class='ocrx_word' id='word_1_280' title='bbox 947 3873 1000 3929; x_wconf 82' lang='lat' dir='ltr'><strong>6‚n</strong></span> <span class='ocrx_word' id='word_1_281' title='bbox 1018 3874 1092 3922; x_wconf 88' lang='lat' dir='ltr'><strong>fleret</strong></span> <span class='ocrx_word' id='word_1_282' title='bbox 1112 3889 1195 3937; x_wconf 89' lang='lat' dir='ltr'><strong>neque</strong></span> <span class='ocrx_word' id='word_1_283' title='bbox 1215 3890 1304 3926; x_wconf 85' lang='lat' dir='ltr'><strong>omues</strong></span> 
     </span>
     <span class='ocr_line' id='line_1_32' title="bbox 240 3958 1304 4025; baseline 0.008 -23"><span class='ocrx_word' id='word_1_284' title='bbox 240 3958 372 4008; x_wconf 83' lang='lat' dir='ltr'><strong>exaudiret</strong></span> <span class='ocrx_word' id='word_1_285' title='bbox 391 3958 447 4024; x_wconf 72' lang='lat' dir='ltr'><strong>My.</strong></span> <span class='ocrx_word' id='word_1_286' title='bbox 465 3960 521 4009; x_wconf 83' lang='lat' dir='ltr'><strong>Em.</strong></span> <span class='ocrx_word' id='word_1_287' title='bbox 537 3960 590 4009; x_wconf 78' lang='lat'><strong>584</strong></span> <span class='ocrx_word' id='word_1_288' title='bbox 607 3959 696 4025; x_wconf 73' lang='lat' dir='ltr'><strong>(Gryn.</strong></span> <span class='ocrx_word' id='word_1_289' title='bbox 716 3959 797 4018; x_wconf 70' lang='lat' dir='ltr'><strong>lieret,</strong></span> <span class='ocrx_word' id='word_1_290' title='bbox 814 3974 898 4021; x_wconf 90' lang='lat' dir='ltr'><strong>neque</strong></span> <span class='ocrx_word' id='word_1_291' title='bbox 916 3973 1005 4008; x_wconf 88' lang='lat' dir='ltr'><strong>omnes</strong></span> <span class='ocrx_word' id='word_1_292' title='bbox 1023 3961 1197 4024; x_wconf 64' lang='lat' dir='ltr'><strong>exaudirenu)</strong></span> <span class='ocrx_word' id='word_1_293' title='bbox 1238 3968 1254 4010; x_wconf 87' lang='grc'>3</span> <span class='ocrx_word' id='word_1_294' title='bbox 1273 3976 1304 4011; x_wconf 84' lang='lat' dir='ltr'><strong>ac</strong></span> 
     </span>
     <span class='ocr_line' id='line_1_33' title="bbox 241 4042 1304 4107; baseline 0.006 -16"><span class='ocrx_word' id='word_1_295' title='bbox 241 4052 312 4106; x_wconf 86' lang='lat' dir='ltr'><strong>cepto</strong></span> <span class='ocrx_word' id='word_1_296' title='bbox 329 4042 434 4107; x_wconf 82' lang='lat' dir='ltr'><strong>iulalios</strong></span> <span class='ocrx_word' id='word_1_297' title='bbox 463 4047 563 4095; x_wconf 68' lang='lat' dir='ltr'><strong>telios</strong></span> <span class='ocrx_word' id='word_1_298' title='bbox 581 4047 656 4095; x_wconf 89' lang='lat' dir='ltr'><strong>nimis</strong></span> <span class='ocrx_word' id='word_1_299' title='bbox 686 4047 837 4095; x_wconf 80' lang='lat' dir='ltr'><strong>bdiseonos</strong></span> <span class='ocrx_word' id='word_1_300' title='bbox 855 4046 954 4095; x_wconf 85' lang='lat' dir='ltr'><strong>ostelos</strong></span> <span class='ocrx_word' id='word_1_301' title='bbox 973 4046 1057 4094; x_wconf 88' lang='lat' dir='ltr'><strong>minus</strong></span> <span class='ocrx_word' id='word_1_302' title='bbox 1075 4045 1159 4095; x_wconf 87' lang='lat' dir='ltr'><strong>lacere</strong></span> <span class='ocrx_word' id='word_1_303' title='bbox 1178 4048 1304 4098; x_wconf 83' lang='lat' dir='ltr'><strong>clamores</strong></span> 
     </span>
     <span class='ocr_line' id='line_1_34' title="bbox 241 4128 1304 4197; baseline 0.008 -22"><span class='ocrx_word' id='word_1_304' title='bbox 241 4128 330 4180; x_wconf 84' lang='lat' dir='ltr'><strong>deinde</strong></span> <span class='ocrx_word' id='word_1_305' title='bbox 348 4129 478 4194; x_wconf 83' lang='lat' dir='ltr'><strong>dislsonos</strong></span> <span class='ocrx_word' id='word_1_306' title='bbox 501 4133 584 4181; x_wconf 87' lang='lat' dir='ltr'><strong>sorori</strong></span> <span class='ocrx_word' id='word_1_307' title='bbox 607 4132 727 4181; x_wconf 88' lang='lat' dir='ltr'><strong>omnibus</strong></span> <span class='ocrx_word' id='word_1_308' title='bbox 763 4136 778 4179; x_wconf 83' lang='grc'><strong>6</strong></span> <span class='ocrx_word' id='word_1_309' title='bbox 806 4131 868 4196; x_wconf 89' lang='lat' dir='ltr'><strong>ipsis</strong></span> <span class='ocrx_word' id='word_1_310' title='bbox 918 4131 948 4194; x_wconf 79' lang='lat'><strong>7,</strong></span> <span class='ocrx_word' id='word_1_311' title='bbox 970 4137 985 4181; x_wconf 79' lang='lat'><em>8</em></span> <span class='ocrx_word' id='word_1_312' title='bbox 1011 4134 1304 4197; x_wconf 88' lang='lat' dir='ltr'><strong>proximoqneouiusque</strong></span> 
     </span>
     <span class='ocr_line' id='line_1_35' title="bbox 241 4216 1303 4283; baseline 0.007 -21"><span class='ocrx_word' id='word_1_313' title='bbox 241 4216 471 4279; x_wconf 82' lang='lat' dir='ltr'><strong>bperferuntdnm</strong></span> <span class='ocrx_word' id='word_1_314' title='bbox 489 4217 583 4283; x_wconf 70' lang='lat' dir='ltr'><strong>(Grpe.</strong></span> <span class='ocrx_word' id='word_1_315' title='bbox 602 4217 795 4281; x_wconf 81' lang='lat' dir='ltr'><strong>perferendum)</strong></span> <span class='ocrx_word' id='word_1_316' title='bbox 830 4218 986 4276; x_wconf 65' lang='lat' dir='ltr'><strong>&amp;smero</strong></span> <span class='ocrx_word' id='word_1_317' title='bbox 1022 4218 1048 4277; x_wconf 88' lang='grc'><strong>9,</strong></span> <span class='ocrx_word' id='word_1_318' title='bbox 1067 4224 1083 4266; x_wconf 74' lang='lat'><em>2</em></span> <span class='ocrx_word' id='word_1_319' title='bbox 1101 4219 1179 4281; x_wconf 84' lang='lat' dir='ltr'><strong>pilleo</strong></span> <span class='ocrx_word' id='word_1_320' title='bbox 1210 4225 1303 4283; x_wconf 73' lang='lat' dir='ltr'><strong>spos·</strong></span> 
     </span>
     <span class='ocr_line' id='line_1_36' title="bbox 242 4300 1036 4367; baseline 0.005 -20"><span class='ocrx_word' id='word_1_321' title='bbox 242 4300 273 4348; x_wconf 90' lang='lat' dir='ltr'><strong>sit</strong></span> <span class='ocrx_word' id='word_1_322' title='bbox 289 4303 342 4366; x_wconf 88' lang='lat' dir='ltr'><strong>ipse</strong></span> <span class='ocrx_word' id='word_1_323' title='bbox 359 4303 425 4352; x_wconf 89' lang='lat' dir='ltr'><strong>nihil</strong></span> <span class='ocrx_word' id='word_1_324' title='bbox 441 4305 576 4367; x_wconf 84' lang='lat' dir='ltr'><strong>prouideat</strong></span> <span class='ocrx_word' id='word_1_325' title='bbox 597 4302 672 4353; x_wconf 83' lang='lat' dir='ltr'><strong>Grou.</strong></span> <span class='ocrx_word' id='word_1_326' title='bbox 709 4302 752 4363; x_wconf 86' lang='lat'><strong>10,</strong></span> <span class='ocrx_word' id='word_1_327' title='bbox 773 4309 784 4353; x_wconf 90' lang='lat' dir='ltr'><strong>l</strong></span> <span class='ocrx_word' id='word_1_328' title='bbox 805 4318 906 4353; x_wconf 88' lang='lat' dir='ltr'><strong>murum</strong></span> <span class='ocrx_word' id='word_1_329' title='bbox 925 4304 1036 4355; x_wconf 87' lang='lat' dir='ltr'><strong>mutauit</strong></span> 
     </span>
    </p>
   </div>
   <div class='ocr_carea' id='block_1_4' title="bbox 0 0 1745 5084">
    <p class='ocr_par' dir='ltr' id='par_1_4' title="bbox 0 0 1745 5084">
     <span class='ocr_line' id='line_1_37' title="bbox 0 0 1745 5084; baseline 0 0"><span class='ocrx_word' id='word_1_330' title='bbox 0 0 1745 5084; x_wconf 95' lang='lat' dir='ltr'><strong> </strong></span> 
     </span>
    </p>
   </div>
  </div>
 </body>
</html>
