3475 5084
451 523 469 576 6
729 520 807 570 Liber
823 519 894 571 ΧΗ.
933 520 979 582 (Α.
998 533 1024 572 u.
1044 535 1067 570 c.
1088 521 1162 585 576.)

492 701 602 761 Sedato
629 704 747 762 tandem
768 705 897 762 Histrico
926 706 1068 776 tumultu,
1089 715 1206 765 senatus
1228 709 1389 766 consultum
1412 707 1479 766 iac-

406 816 469 864 tum
502 819 562 876 est,
594 818 627 866 ut
651 810 785 867 consules
812 811 887 867 inter
907 827 939 868 se
966 821 1186 885 compararent,
1214 823 1278 870 uter
1306 831 1405 870 eorum
1436 813 1478 869 ad

368 910 527 971 2comitia
555 913 691 970 habenda
717 916 842 972 Romam
874 916 990 973 rediret.
1046 915 1120 974 Cum
1151 919 1299 975 absentem
1332 918 1478 974 Manlium

407 1018 517 1075 tribuni
544 1018 637 1092 plebis
662 1020 704 1078 Α.
727 1020 855 1077 Licinius
885 1021 988 1078 Nerva
1016 1030 1045 1077 et
1074 1019 1108 1078 O.
1132 1023 1269 1096 Papirius
1298 1023 1418 1079 Turdus
1446 1023 1480 1078 in

409 1123 592 1180 contionibus
609 1124 771 1182 lacerarent
787 1124 1030 1199 rogationemque
1048 1127 1278 1200 promulgarent,
1296 1147 1333 1184 ne
1348 1127 1479 1185 Manlius

409 1238 477 1303 post
498 1227 564 1284 idus
581 1227 704 1286 Martias
722 1229 900 1304 (prorogata
918 1247 1045 1304 namque
1061 1230 1227 1288 consulibus
1244 1231 1303 1288 iam
1322 1232 1350 1289 in
1367 1251 1478 1290 annum

409 1333 567 1407 provinciae
588 1335 683 1405 erant)
704 1334 855 1408 imperium
879 1334 1030 1404 retineret,
1053 1335 1095 1392 uti
1117 1353 1235 1392 causam
1261 1337 1408 1412 extemplo
1433 1338 1479 1395 di·

369 1431 387 1485 3
410 1453 485 1504 cere,
506 1455 572 1494 cum
594 1438 703 1494 abisset
723 1439 906 1511 magistratu,
927 1449 1041 1512 posset,
1062 1440 1129 1496 huic
1149 1441 1297 1514 rogationi
1319 1442 1356 1516 Q.
1377 1443 1480 1502 AElius

411 1541 524 1615 collega
544 1541 721 1610 intercessit,
743 1543 914 1617 magnisque
935 1543 1167 1601 contentionibus
1189 1546 1328 1616 obtinuit,
1353 1566 1390 1604 ne
1412 1569 1481 1623 per·

370 1642 388 1697 4
410 1644 544 1704 ferretur.
578 1649 637 1705 Per
657 1668 708 1705 ecs
730 1649 792 1704 dies
810 1648 857 1707 Ti.
875 1646 1064 1722 Sempronius
1087 1647 1240 1706 Gracchus
1262 1661 1291 1706 et
1313 1653 1347 1708 L.
1370 1655 1481 1710 Postu·

411 1752 487 1809 mius
506 1751 631 1808 Albinus
661 1771 698 1810 ex
719 1754 865 1828 Hispania
885 1756 1010 1811 Romam
1039 1772 1104 1811 cum
1127 1755 1330 1824 revertissent,
1360 1768 1481 1814 senatus

410 1856 447 1912 iis
462 1875 481 1912 a
495 1857 536 1914 Μ.
548 1857 658 1914 Titinio
674 1868 797 1933 proetore
815 1859 900 1914 datus
917 1869 958 1916 est
974 1860 1003 1916 iu
1021 1860 1083 1916 aede
1095 1858 1223 1916 Bellonae
1240 1861 1277 1916 ad
1295 1862 1482 1919 disserendas

411 1979 477 2032 res,
509 1979 581 2035 quas
602 1963 774 2036 gessissent,
805 1965 1084 2039 postulandumque,
1112 1965 1206 2021 honus
1229 1966 1347 2023 meritus
1369 1978 1402 2023 ut
1424 1967 1481 2024 diis

301 2124 303 2127 .
373 2066 626 2124 5immortalibus
647 2069 811 2127 haberetur.
848 2070 961 2126 Eodem
983 2079 1115 2144 tempore
1136 2078 1165 2126 et
1186 2069 1215 2126 in
1238 2069 1374 2128 Sardinia
1397 2090 1481 2146 mag·

412 2191 482 2228 num
504 2173 657 2228 tumultum
680 2191 759 2242 esse,
782 2174 884 2230 littaris
905 2174 942 2231 T.
965 2173 1070 2232 AEbuti
1098 2175 1230 2248 praetoris
1253 2175 1400 2248 cognitum
1426 2183 1482 2244 est,

372 2279 391 2332 6
411 2297 488 2352 quas
509 2278 585 2334 filius
606 2278 668 2334 eius
687 2279 725 2334 ad
743 2289 875 2336 senatum
895 2279 1041 2337 attulerat.
1073 2279 1204 2348 Ilienses,
1226 2278 1368 2336 adiunctis
1391 2279 1482 2336 Bala-

412 2403 512 2442 rorum
530 2383 655 2453 auxiliis,
673 2395 809 2458 pacatam
828 2383 1007 2458 provinciam
1024 2383 1202 2451 invaserant,
1222 2401 1275 2440 nec
1292 2383 1333 2439 eis
1350 2382 1481 2440 invalido

414 2491 541 2550 exercitu
573 2500 602 2546 et
623 2507 730 2564 magna
750 2499 834 2562 parte
860 2489 1024 2563 pestilentia
1045 2487 1200 2562 absumpto
1231 2487 1326 2544 resisti
1354 2495 1481 2562 poterat.

374 2597 527 2656 *lEsdem
556 2604 585 2651 et
611 2570 771 2651 Sardorum
802 2593 892 2666 legati
923 2594 1111 2662 nuntiabant,
1143 2603 1276 2661 orantes,
1303 2602 1334 2648 ut
1360 2593 1482 2650 urbibus

413 2701 516 2758 saltem
540 2700 611 2769 (iam
633 2697 708 2753 enim
735 2715 823 2770 agros
844 2697 1012 2771 deploratos
1034 2702 1110 2762 esse)
1133 2715 1218 2772 opem
1241 2707 1358 2754 senatus
1381 2695 1481 2754 ferret.

413 2806 487 2862 Haec
502 2803 610 2877 legatio
629 2811 789 2875 totumque,
807 2802 887 2876 quod
903 2802 940 2858 ad
959 2802 1123 2859 Sardiniam
1137 2783 1315 2876 pertinebat,
1332 2802 1370 2858 ad
1386 2820 1480 2858 novos

374 2905 392 2961 8
415 2909 601 2983 magistratus
623 2907 758 2963 reiectum
781 2916 834 2962 est.
876 2908 976 2980 AEque
997 2906 1167 2963 miserabilis
1189 2907 1296 2980 legatio
1315 2907 1481 2982 Lyciorum,

414 3015 463 3089 qui
485 3014 684 3070 crudelitatem
706 3013 904 3079 Rhodiorum,
934 3010 1039 3083 quibus
1063 3012 1102 3067 ab
1124 3011 1159 3068 L.
1183 3009 1319 3068 Cornelio
1344 3011 1481 3084 Scipione

373 3117 391 3172 9
415 3120 545 3177 attributi
568 3128 667 3186 erent,
691 3118 901 3191 querebantur:
932 3109 1038 3171 Fuisse
1059 3134 1088 3171 se
1112 3117 1166 3172 sub
1189 3117 1303 3173 dicione
1324 3117 1480 3185 Antiochi3

413 3244 478 3281 eam
493 3225 604 3299 regiam
622 3222 800 3289 servitutem,
817 3220 951 3277 collatam
967 3239 1033 3278 cum
1050 3220 1184 3294 prasenti
1202 3230 1289 3289 statu,
1308 3221 1480 3294 praclarum

413 3327 575 3385 libertatern
597 3327 701 3385 visam.
743 3327 813 3383 Non
837 3325 953 3399 publice
974 3335 1085 3382 tantum
1108 3326 1252 3400 supremi
1274 3325 1406 3399 imperio,
1428 3327 1481 3383 sed

355 3434 391 3491 ¹0
413 3431 543 3505 singulos
571 3433 678 3488 iustum
709 3430 772 3505 pati
800 3430 959 3488 servitium.
1014 3431 1117 3504 Ipsus,
1150 3430 1287 3506 coniuges
1314 3430 1481 3504 liberosque

412 3537 530 3604 vexari3
552 3536 581 3592 in
603 3554 725 3610 corpus,
746 3535 777 3591 in
799 3546 911 3609 tergum
933 3534 1043 3604 saeviri3
1075 3533 1201 3603 famam,
1229 3535 1307 3609 quod
1329 3534 1480 3608 indignum
1571 3611 1572 3622 χ

412 3640 460 3709 sit,
481 3640 621 3697 maculari
643 3639 901 3713 dehonestarique,
934 3649 962 3696 et
983 3640 1083 3714 palam
1103 3658 1151 3698 res
1169 3639 1287 3697 odiosas
1308 3639 1386 3706 fieri,
1407 3639 1480 3696 iuris

411 3955 851 4021 V1,2,2'l'r.pl.LiciniusSi9.
879 3955 906 4016 4.
928 3963 939 4007 l
960 3958 992 4006 T.
1012 3958 1087 4010 Frob.
1106 3957 1144 4008 11.
1163 3957 1370 4022 sdatnsinMp.
1391 3964 1407 4006 4
1425 3965 1478 4010 eto
1571 3947 1572 4004 l

410 4045 630 4108 postulandosque
648 4045 760 4092 bonores
779 4045 896 4102 meritos,
924 4052 989 4094 ut..
1004 4041 1158 4094 ‚haberetur
1169 4046 1260 4095 honos.
1275 4043 1329 4109 My.
1343 4044 1399 4094 Em.
1413 4043 1477 4095 496.

412 4128 503 4188 ΜΤ.
522 4129 619 4180 Ebutii.
657 4130 683 4190 9,
705 4136 715 4179 l
737 4131 828 4179 Fuisse
846 4132 893 4179 sub
911 4129 1038 4180 Drakanb.
1071 4131 1210 4193 tpublico
1228 4129 1322 4180 Duker.
1352 4131 1479 4181 tiustum

411 4225 548 4280 corruptam
570 4215 678 4276 videtu,
706 4217 754 4265 arbi
777 4214 868 4265 excidit
890 4231 938 4264 vox
961 4215 1046 4280 eliqua
1071 4216 1283 4280 (volutianum).
1321 4216 1364 4275 10,
1377 4222 1389 4265 l
1402 4217 1478 4266 servi·

411 4303 490 4352 tium:
526 4304 607 4353 iustos
626 4304 749 4365 coniuges
774 4302 859 4354 Weiss.
