3475 5084
624 558 681 607 Lib.
701 554 895 606 clv—cvm.

237 757 330 806 duetus
349 763 392 805 est
432 757 463 804 A.
478 753 602 803 Gabinius
615 769 713 818 procos.
727 753 896 816 Ptolemaeum
909 754 1011 803 reduxit
1022 754 1052 803 in·
1062 767 1167 816 regnam
1177 753 1292 818 AEgypti,

238 850 320 897 eiecto
342 848 482 906 Archelao,
510 861 585 909 quem
610 847 658 895 sibi
681 860 767 908 regem
796 847 963 897 adsciverant.
1008 846 1091 895 Victis
1110 845 1243 896 Germanis
1266 848 1292 895 in

237 940 324 991 Gallia
349 939 435 989 Caesar
460 941 577 989 Rhenum
608 939 766 987 transcendit
795 948 820 987 et
848 940 991 1002 proximam
1022 947 1120 1029 pqrtem
1151 937 1292 988 Germaniae

237 1033 345 1091 domuit,
364 1048 393 1081 ac
410 1033 501 1081 deinde
515 1032 617 1082 Oceano
629 1032 656 1080 in
668 1031 838 1080 Brittanniam
851 1033 933 1095 primo
952 1047 1039 1094 parum
1058 1046 1177 1095 prospere
1196 1038 1292 1095 tempe·

237 1125 345 1174 statibus
363 1126 473 1173 adversis
490 1124 596 1181 traiecit,
614 1124 706 1171 iterum
723 1122 831 1181 felicius,
850 1138 995 1187 magnaque
1009 1125 1171 1173 multitudine
1183 1124 1291 1173 hostium

237 1232 312 1283 caesa,
331 1192 443 1280 aliquism
461 1226 559 1280 partem
576 1216 667 1265 insulse
685 1217 711 1264 in
729 1224 879 1280 potestatem
899 1217 1005 1278 redegit.

655 1377 704 1426 EX
721 1378 788 1427 LIB.
809 1376 878 1426 cvl.

307 1492 376 1542 Inlia
395 1492 503 1541 (laseris
520 1492 582 1552 filia,
600 1471 717 1555 Pompeii
736 1506 808 1550 uxor,
828 1491 944 1549 decessit,
968 1490 1102 1552 honosque
1119 1488 1144 1537 ei
1162 1504 1177 1538 a
1197 1491 1293 1555 populo

236 1585 340 1635 habitus
358 1594 410 1645 est,
434 1587 505 1633 utin
525 1600 615 1649 campo
634 1585 728 1634 Martio
746 1586 901 1648 sepeliretur.
939 1581 1071 1632 Gallorum
1091 1582 1189 1646 aliquot
1205 1584 1293 1647 populi
1312 1628 1314 1631 .

238 1678 390 1740 Ambiorige
408 1679 486 1735 duce,
513 1692 567 1740 repe
585 1677 749 1737 Eburonum,
775 1677 934 1734 defecerunt3
960 1675 1084 1737 aquibus
1104 1673 1180 1724 Cotta
1204 1685 1229 1723 et
1249 1675 1300 1741 Ti7

236 1771 326 1829 turias,
346 1772 422 1833 legati
442 1768 559 1830 Caesaris,
580 1770 742 1817 circumventi
761 1769 860 1817 insidiis
880 1781 935 1815 cnm
955 1768 1077 1825 exercitu,
1101 1769 1141 1815 cui
1160 1778 1292 1831 preerant,

237 1864 293 1911 etesi
307 1871 374 1912 sunt.
412 1862 446 1910 Et
465 1877 542 1926 quum
562 1863 668 1910 aliarum
687 1876 788 1925 quoqne
801 1862 931 1922 legionum
943 1867 1026 1909 castra
1038 1868 1186 1923 oppugnata
1198 1876 1292 1923 magno

235 1955 325 2003 labore
344 1954 450 2004 defensa
469 1962 561 2014 esseut,
590 1955 656 2003 inter
674 1968 730 2019 qua
748 1955 812 2012 cius,
835 1954 876 2004 cui
895 1952 921 1999 in
936 1951 1052 2001 Treveris
1069 1939 1177 2015 praeerat
1196 1952 1227 2013 Q.
1250 1952 1292 2001 Gi·

236 2061 301 2107 cero,
332 2048 365 2095 ab
391 2048 447 2110 ipso
468 2046 568 2094 Caesare
596 2046 684 2096 hostes
709 2046 800 2110 proelio
823 2045 874 2094 susi
898 2052 965 2097 sunt.
1012 2044 1049 2093 M.
1070 2044 1177 2094 Crassus
1196 2046 1292 2095 bellum

235 2137 339 2187 Parthis
357 2139 474 2187 illaturus
492 2138 640 2201 Euphraten
660 2137 754 2185 flumen
773 2138 885 2194 transiit,
917 2139 1050 2200 victusque
1067 2138 1169 2201 proelio,
1196 2139 1222 2186 in
1241 2153 1292 2200 quo

236 2238 260 2278 et
277 2231 346 2279 filius
366 2232 419 2279 eius
444 2232 548 2293 cecidit,
579 2246 656 2295 quum
680 2232 799 2294 reliquias
829 2230 957 2278 exercitus
981 2232 1007 2277 in
1032 2230 1121 2278 collem
1147 2232 1291 2293 recepisset,

236 2324 356 2373 evocatus
374 2325 400 2371 in
419 2324 575 2386 colloquium
595 2325 627 2371 ab
646 2323 762 2371 hostibus
774 2322 844 2370 velut
862 2324 894 2369 de
912 2338 974 2387 pace
993 2324 1095 2381 acturis,
1114 2337 1220 2385 qnorum
1239 2324 1292 2372 dnx

237 2424 290 2463 erat
310 2416 438 2474 Surenas,
467 2416 664 2480 comprehensus
687 2424 725 2475 et,
755 2430 787 2463 ne
808 2416 869 2477 qnid
887 2416 957 2464 rivus
975 2423 1116 2479 pateretur,
1147 2430 1292 2480 repugnans

236 2493 383 2557 interiectus
403 2516 449 2557 eet.
893 2510 894 2513 ’

643 2608 693 2659 EX
711 2610 777 2659 LIB.
797 2607 881 2658 CVII.

309 2725 338 2775 C.
351 2724 444 2785 Cacsar,
464 2726 583 2774 Treveris
601 2726 627 2773 in
648 2726 732 2775 Gallia
749 2725 830 2783 victis,
850 2726 943 2772 itemm
961 2725 988 2771 in
999 2721 1162 2773 Germaniam
1183 2726 1290 2789 transiit,

236 2818 358 2882 nulloque
377 2820 411 2867 ibi
429 2820 503 2866 hoste
520 2818 632 2877 invento,
651 2833 766 2867 reversus
787 2818 811 2866 in
832 2817 942 2867 Galliam
952 2815 1086 2867 Eburonas
1105 2824 1130 2865 et
1147 2817 1210 2866 alies
1230 2820 1292 2867 civi-

236 2918 309 2972 tates,
330 2926 385 2976 quae
404 2912 621 2973 conspiraverant,
648 2912 709 2960 vicit
727 2920 752 2959 ct
773 2910 946 2969 Ambiorigem
965 2908 992 2955 in
1011 2908 1073 2970 iuga
1088 2909 1188 2972 frastra
1205 2923 1291 2972 perse-

237 3015 308 3054 cutns
329 3012 374 3052 est.
412 3003 442 3051 P.
462 3002 580 3051 Clodiis
599 3003 630 3051 Τ.
653 3003 736 3050 Annio
756 3002 859 3058 Milone,
878 3003 1013 3050 candidato
1031 3002 1187 3061 consulatus,
1209 3004 1292 3065 Appia

236 3097 275 3143 ria
293 3097 326 3144 sd
337 3096 449 3143 Bovillas
463 3095 538 3142 occisi
551 3109 643 3156 eorpus
661 3095 732 3158 plebs
751 3095 776 3141 iu
796 3096 865 3142 curia
884 3094 1012 3142 cremavit.
1050 3092 1134 3152 Quum
1153 3094 1291 3143 seditiones
1342 3094 1346 3104 ¹

236 3187 301 3236 inter
321 3188 469 3235 candidatos
488 3185 636 3234 consulatus
655 3186 799 3249 Hypsaeum,
818 3186 972 3249 Scipionem,
994 3186 1117 3234 Milonem
1138 3196 1228 3245 essent,
1248 3186 1290 3251 qui

237 3274 322 3328 armis⁴
338 3295 368 3328 ac
386 3280 410 3326 vi
429 3277 627 3334 contendebant,
655 3278 686 3325 ad
714 3279 917 3339 comprimendas
941 3292 984 3326 eas
1003 3275 1049 3326 Cn.
1070 3278 1220 3341 Pompeius,
1247 3281 1291 3327 de-

236 3370 287 3420 lato
316 3371 338 3420 ei
361 3386 377 3418 a
401 3380 491 3419 acuatu
515 3368 650 3429 consulatu,
676 3370 764 3417 consul
790 3370 864 3416 tertio
887 3369 970 3418 factus
996 3380 1035 3419 est
1059 3371 1150 3419 absens
1169 3379 1194 3419 et
1212 3372 1289 3435 solus,

237 3466 303 3527 qnod
322 3464 384 3511 nulli
402 3463 447 3510 elii
467 3477 577 3525 unquam
597 3462 699 3526 contigit.
737 3462 885 3521 Quaestioue
907 3448 1007 3510 decreta
1021 3464 1052 3510 de
1066 3472 1147 3511 morte
1157 3464 1187 3512 P.
1197 3462 1290 3523 Clodii,

236 3554 300 3606 Milo
320 3557 414 3604 iudicio
433 3557 566 3604 damnatus
589 3556 614 3603 in
635 3555 750 3627 exsilium
771 3565 843 3603 actua
863 3563 908 3603 est.
944 3554 1000 3603 Lex
1023 3555 1075 3603 lata
1099 3564 1146 3613 est,
1171 3563 1199 3603 ut
1225 3558 1291 3605 ratio

236 3649 348 3698 absentis
367 3646 473 3697 Caesaris
497 3649 523 3695 in
549 3646 671 3710 petitione
695 3647 843 3695 consulatus
862 3646 1013 3711 haberetur,
1041 3648 1121 3715 invito
1145 3657 1170 3697 et
1189 3658 1291 3697 contra·

237 3740 336 3790 dicente
354 3742 391 3791 M.
411 3740 517 3789 Catone.
553 3740 679 3799 Praeterea
697 3753 736 3787 res
753 3749 839 3799 gestas
857 3757 872 3788 a
891 3738 921 3790 G.
938 3741 1038 3791 Caesare
1057 3742 1178 3791 adversus
1192 3740 1289 3802 Gallos,

237 3836 277 3897 qui
297 3849 376 3899 prope
394 3833 504 3881 universi
524 3831 753 3891 ver-..ingenrorige
770 3832 889 3879 Arverno
909 3835 973 3882 duce
992 3833 1146 3911 defecerunt,
1173 3843 1198 3883 et
1215 3835 1290 3883 labo·

237 3926 314 3977 riosas
339 3927 485 3975 obsidiones
509 3925 608 3972 urbium
633 3923 760 3983 continet,
787 3925 854 3972 inter
879 3942 942 3989 quas
965 3927 1071 3976 Avarici
1094 3924 1238 3987 Biturigum
1264 3933 1290 3972 et

238 4016 370 4082 Gergovia
392 4020 574 4067 Arvernorum.

635 4140 684 4190 EX
702 4141 770 4194 LlB.
788 4139 884 4192 CVIII.

306 4257 336 4309 G.
354 4258 440 4309 Caesar
454 4256 544 4307 Gallos
563 4258 594 4306 ad
615 4257 728 4305 Alesiam
747 4258 807 4304 vicit
825 4272 964 4328 omnesque
974 4223 1074 4306 *Gellia
1092 4257 1213 4319 civitates,
1233 4272 1289 4319 quae

236 4348 262 4398 in
273 4353 349 4402 armis
361 4351 470 4415 lucrant,
488 4352 515 4398 in
533 4351 687 4399 deditionem
706 4350 814 4412 accepit.
852 4349 881 4399 C.
894 4350 1005 4412 Cassius,
1025 4359 1135 4414 quaestor
1145 4351 1181 4399 M.
1194 4348 1290 4409 Crassi,

1062 4441 1092 4491 5*
