<?xml version="1.0" encoding="UTF-8"?>
<!DOCTYPE html PUBLIC "-//W3C//DTD XHTML 1.0 Transitional//EN"
    "http://www.w3.org/TR/xhtml1/DTD/xhtml1-transitional.dtd">
<html xmlns="http://www.w3.org/1999/xhtml" xml:lang="en" lang="en">
 <head>
  <title>
</title>
<meta http-equiv="Content-Type" content="text/html;charset=utf-8" />
  <meta name='ocr-system' content='tesseract 3.04.00' />
  <meta name='ocr-capabilities' content='ocr_page ocr_carea ocr_par ocr_line ocrx_word'/>
</head>
<body>
  <div class='ocr_page' id='page_1' title='image "./titiliviihistor02ussigoog_0370.png"; bbox 0 0 3475 5084; ppageno 0'>
   <div class='ocr_carea' id='block_1_1' title="bbox 472 497 1023 557">
    <p class='ocr_par' dir='ltr' id='par_1_1' title="bbox 472 497 1023 557">
     <span class='ocr_line' id='line_1_1' title="bbox 472 497 1023 557; baseline -0.002 -10"><span class='ocrx_word' id='word_1_1' title='bbox 472 502 510 557; x_wconf 80' lang='lat'><strong>52</strong></span> <span class='ocrx_word' id='word_1_2' title='bbox 891 497 1023 547; x_wconf 80' lang='lat' dir='ltr'><strong>Periocha</strong></span> 
     </span>
    </p>
   </div>
   <div class='ocr_carea' id='block_1_2' title="bbox 352 679 1483 1767">
    <p class='ocr_par' dir='ltr' id='par_1_2' title="bbox 352 679 1483 1767">
     <span class='ocr_line' id='line_1_2' title="bbox 428 679 1473 758; baseline -0.001 -12"><span class='ocrx_word' id='word_1_3' title='bbox 428 696 549 753; x_wconf 85' lang='lat' dir='ltr'><strong>Romani,</strong></span> <span class='ocrx_word' id='word_1_4' title='bbox 575 697 748 745; x_wconf 84' lang='lat' dir='ltr'><strong>vastavisseut.</strong></span> <span class='ocrx_word' id='word_1_5' title='bbox 786 692 816 744; x_wconf 84' lang='lat' dir='ltr'><strong>G.</strong></span> <span class='ocrx_word' id='word_1_6' title='bbox 836 693 981 752; x_wconf 78' lang='lat' dir='ltr'><strong>Gracchus,</strong></span> <span class='ocrx_word' id='word_1_7' title='bbox 1011 695 1130 744; x_wconf 88' lang='lat' dir='ltr'><strong>seditioso</strong></span> <span class='ocrx_word' id='word_1_8' title='bbox 1155 696 1286 744; x_wconf 78' lang='lat' dir='ltr'>tribunatu</span> <span class='ocrx_word' id='word_1_9' title='bbox 1310 706 1381 758; x_wconf 91' lang='lat' dir='ltr'><strong>acto,</strong></span> <span class='ocrx_word' id='word_1_10' title='bbox 1407 679 1473 758; x_wconf 65' lang='lat' dir='ltr'><strong>&lt;flium</strong></span> 
     </span>
     <span class='ocr_line' id='line_1_3' title="bbox 352 786 1474 855; baseline -0.002 -16"><span class='ocrx_word' id='word_1_11' title='bbox 352 835 360 855; x_wconf 73' lang='grc'><strong><em>,</em></strong></span> <span class='ocrx_word' id='word_1_12' title='bbox 428 788 585 839; x_wconf 85' lang='lat' dir='ltr'><strong>Aventinum</strong></span> <span class='ocrx_word' id='word_1_13' title='bbox 604 803 705 851; x_wconf 89' lang='lat' dir='ltr'><strong>quoquc</strong></span> <span class='ocrx_word' id='word_1_14' title='bbox 728 795 826 836; x_wconf 89' lang='lat' dir='ltr'><strong>armata</strong></span> <span class='ocrx_word' id='word_1_15' title='bbox 848 786 1012 836; x_wconf 87' lang='lat' dir='ltr'><strong>multitudine</strong></span> <span class='ocrx_word' id='word_1_16' title='bbox 1032 797 1195 851; x_wconf 82' lang='lat' dir='ltr'><strong>occupasset,</strong></span> <span class='ocrx_word' id='word_1_17' title='bbox 1221 804 1236 835; x_wconf 92' lang='lat' dir='ltr'><strong>a</strong></span> <span class='ocrx_word' id='word_1_18' title='bbox 1255 789 1285 837; x_wconf 91' lang='lat' dir='ltr'><strong>L.</strong></span> <span class='ocrx_word' id='word_1_19' title='bbox 1306 787 1406 851; x_wconf 92' lang='lat' dir='ltr'><strong>Opimio</strong></span> <span class='ocrx_word' id='word_1_20' title='bbox 1423 804 1474 845; x_wconf 85' lang='lat' dir='ltr'><strong>eoa,</strong></span> 
     </span>
     <span class='ocr_line' id='line_1_4' title="bbox 428 878 1476 942; baseline -0.003 -11"><span class='ocrx_word' id='word_1_21' title='bbox 428 897 462 931; x_wconf 83' lang='lat' dir='ltr'><strong>ex</strong></span> <span class='ocrx_word' id='word_1_22' title='bbox 480 880 530 932; x_wconf 82' lang='lat' dir='ltr'><strong>SC.</strong></span> <span class='ocrx_word' id='word_1_23' title='bbox 549 888 639 929; x_wconf 85' lang='lat' dir='ltr'><strong>vocato</strong></span> <span class='ocrx_word' id='word_1_24' title='bbox 667 881 699 927; x_wconf 93' lang='lat' dir='ltr'><strong>ad</strong></span> <span class='ocrx_word' id='word_1_25' title='bbox 732 894 803 927; x_wconf 88' lang='lat' dir='ltr'><strong>arma</strong></span> <span class='ocrx_word' id='word_1_26' title='bbox 829 878 939 942; x_wconf 88' lang='lat' dir='ltr'><strong>populo,</strong></span> <span class='ocrx_word' id='word_1_27' title='bbox 969 879 1057 942; x_wconf 88' lang='lat' dir='ltr'><strong>pulsus</strong></span> <span class='ocrx_word' id='word_1_28' title='bbox 1085 889 1110 929; x_wconf 90' lang='lat' dir='ltr'><strong>et</strong></span> <span class='ocrx_word' id='word_1_29' title='bbox 1134 880 1233 929; x_wconf 89' lang='lat' dir='ltr'><strong>occisus</strong></span> <span class='ocrx_word' id='word_1_30' title='bbox 1254 888 1305 939; x_wconf 89' lang='lat' dir='ltr'><strong>est,</strong></span> <span class='ocrx_word' id='word_1_31' title='bbox 1334 892 1432 929; x_wconf 91' lang='lat' dir='ltr'><strong>etcum</strong></span> <span class='ocrx_word' id='word_1_32' title='bbox 1452 896 1476 929; x_wconf 88' lang='lat' dir='ltr'><strong>eo</strong></span> 
     </span>
     <span class='ocr_line' id='line_1_5' title="bbox 427 971 1478 1031; baseline -0.001 -9"><span class='ocrx_word' id='word_1_33' title='bbox 427 974 533 1022; x_wconf 82' lang='lat' dir='ltr'><strong>Fulvius</strong></span> <span class='ocrx_word' id='word_1_34' title='bbox 545 974 655 1022; x_wconf 80' lang='lat' dir='ltr'><strong>Flaccus</strong></span> <span class='ocrx_word' id='word_1_35' title='bbox 676 971 824 1029; x_wconf 86' lang='lat' dir='ltr'><strong>consularis,</strong></span> <span class='ocrx_word' id='word_1_36' title='bbox 842 972 927 1019; x_wconf 89' lang='lat' dir='ltr'><strong>socius</strong></span> <span class='ocrx_word' id='word_1_37' title='bbox 946 972 1058 1021; x_wconf 88' lang='lat' dir='ltr'><strong>eiusdem</strong></span> <span class='ocrx_word' id='word_1_38' title='bbox 1071 971 1172 1022; x_wconf 82' lang='lat' dir='ltr'><strong>furoris.</strong></span> <span class='ocrx_word' id='word_1_39' title='bbox 1210 971 1242 1031; x_wconf 88' lang='lat' dir='ltr'><strong>Q.</strong></span> <span class='ocrx_word' id='word_1_40' title='bbox 1253 971 1349 1022; x_wconf 83' lang='lat' dir='ltr'><strong>Fabius</strong></span> <span class='ocrx_word' id='word_1_41' title='bbox 1359 973 1478 1021; x_wconf 80' lang='lat' dir='ltr'><strong>Maximus</strong></span> 
     </span>
     <span class='ocr_line' id='line_1_6' title="bbox 428 1063 1478 1138; baseline -0.003 -22"><span class='ocrx_word' id='word_1_42' title='bbox 428 1082 489 1123; x_wconf 82' lang='lat' dir='ltr'><strong>coa,</strong></span> <span class='ocrx_word' id='word_1_43' title='bbox 508 1065 583 1114; x_wconf 90' lang='lat' dir='ltr'><strong>Pauli</strong></span> <span class='ocrx_word' id='word_1_44' title='bbox 601 1078 690 1138; x_wconf 82' lang='lat' dir='ltr'><strong>nepos,</strong></span> <span class='ocrx_word' id='word_1_45' title='bbox 710 1063 831 1111; x_wconf 88' lang='lat' dir='ltr'><strong>adversus</strong></span> <span class='ocrx_word' id='word_1_46' title='bbox 850 1063 1008 1126; x_wconf 78' lang='lat' dir='ltr'><strong>Allobrogas</strong></span> <span class='ocrx_word' id='word_1_47' title='bbox 1026 1072 1052 1113; x_wconf 92' lang='lat' dir='ltr'><strong>ct</strong></span> <span class='ocrx_word' id='word_1_48' title='bbox 1065 1065 1190 1114; x_wconf 82' lang='lat' dir='ltr'><strong>Bituitum</strong></span> <span class='ocrx_word' id='word_1_49' title='bbox 1208 1066 1385 1113; x_wconf 80' lang='lat' dir='ltr'><strong>Arvernorum</strong></span> <span class='ocrx_word' id='word_1_50' title='bbox 1403 1079 1478 1126; x_wconf 87' lang='lat' dir='ltr'><strong>regem</strong></span> 
     </span>
     <span class='ocr_line' id='line_1_7' title="bbox 427 1154 1479 1222; baseline -0.003 -14"><span class='ocrx_word' id='word_1_51' title='bbox 427 1157 535 1208; x_wconf 81' lang='lat' dir='ltr'><strong>feliciter</strong></span> <span class='ocrx_word' id='word_1_52' title='bbox 556 1156 691 1221; x_wconf 74' lang='lat' dir='ltr'><strong>pugnarit3</strong></span> <span class='ocrx_word' id='word_1_53' title='bbox 718 1168 751 1202; x_wconf 86' lang='lat' dir='ltr'><strong>ex</strong></span> <span class='ocrx_word' id='word_1_54' title='bbox 768 1154 859 1204; x_wconf 84' lang='lat' dir='ltr'><strong>Bituiti</strong></span> <span class='ocrx_word' id='word_1_55' title='bbox 882 1157 994 1205; x_wconf 87' lang='lat' dir='ltr'><strong>exercitu</strong></span> <span class='ocrx_word' id='word_1_56' title='bbox 1017 1158 1103 1206; x_wconf 86' lang='lat' dir='ltr'><strong>occisa</strong></span> <span class='ocrx_word' id='word_1_57' title='bbox 1121 1156 1201 1205; x_wconf 91' lang='lat' dir='ltr'><strong>millia</strong></span> <span class='ocrx_word' id='word_1_58' title='bbox 1220 1154 1309 1215; x_wconf 85' lang='lat' dir='ltr'>CXX;</span> <span class='ocrx_word' id='word_1_59' title='bbox 1333 1158 1388 1222; x_wconf 85' lang='lat' dir='ltr'><strong>ipse</strong></span> <span class='ocrx_word' id='word_1_60' title='bbox 1412 1171 1479 1219; x_wconf 92' lang='lat' dir='ltr'><strong>quum</strong></span> 
     </span>
     <span class='ocr_line' id='line_1_8' title="bbox 427 1248 1480 1312; baseline -0.003 -10"><span class='ocrx_word' id='word_1_61' title='bbox 427 1253 461 1302; x_wconf 88' lang='lat' dir='ltr'><strong>ad</strong></span> <span class='ocrx_word' id='word_1_62' title='bbox 479 1248 688 1300; x_wconf 79' lang='lat' dir='ltr'><strong>satisfaciendum</strong></span> <span class='ocrx_word' id='word_1_63' title='bbox 710 1249 809 1296; x_wconf 90' lang='lat' dir='ltr'><strong>senatui</strong></span> <span class='ocrx_word' id='word_1_64' title='bbox 828 1248 939 1297; x_wconf 85' lang='lat' dir='ltr'><strong>Romam</strong></span> <span class='ocrx_word' id='word_1_65' title='bbox 958 1248 1087 1312; x_wconf 86' lang='lat' dir='ltr'><strong>proiectus</strong></span> <span class='ocrx_word' id='word_1_66' title='bbox 1101 1256 1174 1306; x_wconf 89' lang='lat' dir='ltr'><strong>esset,</strong></span> <span class='ocrx_word' id='word_1_67' title='bbox 1194 1249 1291 1297; x_wconf 91' lang='lat' dir='ltr'><strong>Albam</strong></span> <span class='ocrx_word' id='word_1_68' title='bbox 1307 1251 1480 1299; x_wconf 87' lang='lat' dir='ltr'><strong>custodiendus</strong></span> 
     </span>
     <span class='ocr_line' id='line_1_9' title="bbox 427 1340 1480 1403; baseline 0 -11"><span class='ocrx_word' id='word_1_69' title='bbox 427 1345 501 1392; x_wconf 87' lang='lat' dir='ltr'><strong>datus</strong></span> <span class='ocrx_word' id='word_1_70' title='bbox 529 1350 576 1400; x_wconf 92' lang='lat' dir='ltr'><strong>est,</strong></span> <span class='ocrx_word' id='word_1_71' title='bbox 605 1342 664 1403; x_wconf 91' lang='lat' dir='ltr'><strong>quia</strong></span> <span class='ocrx_word' id='word_1_72' title='bbox 689 1347 780 1388; x_wconf 89' lang='lat' dir='ltr'><strong>eontra</strong></span> <span class='ocrx_word' id='word_1_73' title='bbox 804 1355 895 1402; x_wconf 86' lang='lat' dir='ltr'><strong>pacem</strong></span> <span class='ocrx_word' id='word_1_74' title='bbox 914 1340 1053 1400; x_wconf 86' lang='lat' dir='ltr'><strong>videbatur,</strong></span> <span class='ocrx_word' id='word_1_75' title='bbox 1074 1349 1102 1390; x_wconf 91' lang='lat' dir='ltr'><strong>nt</strong></span> <span class='ocrx_word' id='word_1_76' title='bbox 1127 1343 1152 1389; x_wconf 93' lang='lat' dir='ltr'><strong>in</strong></span> <span class='ocrx_word' id='word_1_77' title='bbox 1174 1340 1285 1391; x_wconf 86' lang='lat' dir='ltr'><strong>Galliam</strong></span> <span class='ocrx_word' id='word_1_78' title='bbox 1310 1345 1480 1392; x_wconf 83' lang='lat' dir='ltr'><strong>remitteretur.</strong></span> 
     </span>
     <span class='ocr_line' id='line_1_10' title="bbox 426 1430 1482 1499; baseline 0.001 -15"><span class='ocrx_word' id='word_1_79' title='bbox 426 1436 563 1484; x_wconf 88' lang='lat' dir='ltr'><strong>Decretum</strong></span> <span class='ocrx_word' id='word_1_80' title='bbox 591 1448 692 1496; x_wconf 91' lang='lat' dir='ltr'><strong>quoque</strong></span> <span class='ocrx_word' id='word_1_81' title='bbox 716 1443 767 1491; x_wconf 91' lang='lat' dir='ltr'><strong>eat,</strong></span> <span class='ocrx_word' id='word_1_82' title='bbox 799 1440 828 1479; x_wconf 91' lang='lat' dir='ltr'><strong>ut</strong></span> <span class='ocrx_word' id='word_1_83' title='bbox 855 1430 1081 1494; x_wconf 83' lang='lat' dir='ltr'><strong>Congonnetiacus</strong></span> <span class='ocrx_word' id='word_1_84' title='bbox 1111 1432 1178 1482; x_wconf 90' lang='lat' dir='ltr'><strong>filius</strong></span> <span class='ocrx_word' id='word_1_85' title='bbox 1207 1435 1260 1483; x_wconf 87' lang='lat' dir='ltr'><strong>eius</strong></span> <span class='ocrx_word' id='word_1_86' title='bbox 1291 1437 1482 1499; x_wconf 89' lang='lat' dir='ltr'><strong>comprehensus</strong></span> 
     </span>
     <span class='ocr_line' id='line_1_11' title="bbox 426 1525 1482 1591; baseline -0.003 -12"><span class='ocrx_word' id='word_1_87' title='bbox 426 1531 533 1580; x_wconf 85' lang='lat' dir='ltr'><strong>Romam</strong></span> <span class='ocrx_word' id='word_1_88' title='bbox 560 1528 710 1575; x_wconf 88' lang='lat' dir='ltr'><strong>mitteretur.</strong></span> <span class='ocrx_word' id='word_1_89' title='bbox 755 1525 911 1587; x_wconf 85' lang='lat' dir='ltr'><strong>Allobroges</strong></span> <span class='ocrx_word' id='word_1_90' title='bbox 936 1525 963 1572; x_wconf 94' lang='lat' dir='ltr'><strong>in</strong></span> <span class='ocrx_word' id='word_1_91' title='bbox 991 1525 1144 1573; x_wconf 90' lang='lat' dir='ltr'><strong>deditionem</strong></span> <span class='ocrx_word' id='word_1_92' title='bbox 1168 1529 1270 1590; x_wconf 84' lang='lat' dir='ltr'><strong>recepti.</strong></span> <span class='ocrx_word' id='word_1_93' title='bbox 1315 1528 1347 1577; x_wconf 91' lang='lat' dir='ltr'><strong>L.</strong></span> <span class='ocrx_word' id='word_1_94' title='bbox 1376 1528 1482 1591; x_wconf 79' lang='lat' dir='ltr'><strong>Opimius</strong></span> 
     </span>
     <span class='ocr_line' id='line_1_12' title="bbox 427 1615 1483 1683; baseline -0.003 -11"><span class='ocrx_word' id='word_1_95' title='bbox 427 1631 562 1672; x_wconf 89' lang='lat' dir='ltr'><strong>accusatus</strong></span> <span class='ocrx_word' id='word_1_96' title='bbox 586 1620 654 1683; x_wconf 89' lang='lat' dir='ltr'><strong>apud</strong></span> <span class='ocrx_word' id='word_1_97' title='bbox 679 1617 803 1681; x_wconf 90' lang='lat' dir='ltr'><strong>populum</strong></span> <span class='ocrx_word' id='word_1_98' title='bbox 829 1633 845 1666; x_wconf 95' lang='lat' dir='ltr'><strong>a</strong></span> <span class='ocrx_word' id='word_1_99' title='bbox 869 1615 899 1676; x_wconf 87' lang='lat' dir='ltr'><strong>Q.</strong></span> <span class='ocrx_word' id='word_1_100' title='bbox 919 1617 1001 1666; x_wconf 91' lang='lat' dir='ltr'><strong>Decio</strong></span> <span class='ocrx_word' id='word_1_101' title='bbox 1026 1617 1083 1667; x_wconf 90' lang='lat' dir='ltr'><strong>trib.</strong></span> <span class='ocrx_word' id='word_1_102' title='bbox 1108 1619 1204 1681; x_wconf 88' lang='lat' dir='ltr'><strong>plebis,</strong></span> <span class='ocrx_word' id='word_1_103' title='bbox 1234 1622 1302 1683; x_wconf 89' lang='lat' dir='ltr'><strong>quod</strong></span> <span class='ocrx_word' id='word_1_104' title='bbox 1328 1621 1483 1671; x_wconf 88' lang='lat' dir='ltr'><strong>indemnatos</strong></span> 
     </span>
     <span class='ocr_line' id='line_1_13' title="bbox 427 1710 1081 1767; baseline -0.011 -1"><span class='ocrx_word' id='word_1_105' title='bbox 427 1718 497 1765; x_wconf 85' lang='lat' dir='ltr'><strong>cives</strong></span> <span class='ocrx_word' id='word_1_106' title='bbox 515 1717 542 1762; x_wconf 93' lang='lat' dir='ltr'><strong>in</strong></span> <span class='ocrx_word' id='word_1_107' title='bbox 561 1727 687 1762; x_wconf 86' lang='lat' dir='ltr'><strong>carcerem</strong></span> <span class='ocrx_word' id='word_1_108' title='bbox 707 1713 863 1767; x_wconf 87' lang='lat' dir='ltr'><strong>coniecisset,</strong></span> <span class='ocrx_word' id='word_1_109' title='bbox 885 1710 1017 1759; x_wconf 89' lang='lat' dir='ltr'><strong>absolutus</strong></span> <span class='ocrx_word' id='word_1_110' title='bbox 1036 1719 1081 1760; x_wconf 91' lang='lat' dir='ltr'><strong>cst.</strong></span> 
     </span>
    </p>
   </div>
   <div class='ocr_carea' id='block_1_3' title="bbox 836 1870 1161 1921">
    <p class='ocr_par' dir='ltr' id='par_1_3' title="bbox 836 1870 1161 1921">
     <span class='ocr_line' id='line_1_14' title="bbox 836 1870 1161 1921; baseline -0.012 -2"><span class='ocrx_word' id='word_1_111' title='bbox 836 1870 886 1920; x_wconf 86' lang='lat' dir='ltr'><strong>EX</strong></span> <span class='ocrx_word' id='word_1_112' title='bbox 905 1870 972 1919; x_wconf 91' lang='lat' dir='ltr'>LIB.</span> <span class='ocrx_word' id='word_1_113' title='bbox 991 1870 1074 1921; x_wconf 90' lang='lat' dir='ltr'>LXII.</span> <span class='ocrx_word' id='word_1_114' title='bbox 1137 1893 1161 1915; x_wconf 61' lang='grc' dir='ltr'><strong>ν,</strong></span> 
     </span>
    </p>
   </div>
   <div class='ocr_carea' id='block_1_4' title="bbox 423 1986 1485 2605">
    <p class='ocr_par' dir='ltr' id='par_1_4' title="bbox 423 1986 1485 2605">
     <span class='ocr_line' id='line_1_15' title="bbox 495 1986 1485 2053; baseline 0.002 -18"><span class='ocrx_word' id='word_1_115' title='bbox 495 1989 527 2049; x_wconf 88' lang='lat' dir='ltr'><strong>Q.</strong></span> <span class='ocrx_word' id='word_1_116' title='bbox 546 1988 659 2036; x_wconf 90' lang='lat' dir='ltr'><strong>Marcius</strong></span> <span class='ocrx_word' id='word_1_117' title='bbox 682 2000 733 2035; x_wconf 92' lang='lat' dir='ltr'><strong>cos.</strong></span> <span class='ocrx_word' id='word_1_118' title='bbox 754 1986 862 2049; x_wconf 84' lang='lat' dir='ltr'><strong>Styuos,</strong></span> <span class='ocrx_word' id='word_1_119' title='bbox 890 1996 992 2049; x_wconf 87' lang='lat' dir='ltr'><strong>gentem</strong></span> <span class='ocrx_word' id='word_1_120' title='bbox 1011 1986 1148 2050; x_wconf 89' lang='lat' dir='ltr'><strong>Alpinam,</strong></span> <span class='ocrx_word' id='word_1_121' title='bbox 1175 1990 1339 2051; x_wconf 84' lang='lat' dir='ltr'><strong>expugnavit.</strong></span> <span class='ocrx_word' id='word_1_122' title='bbox 1385 1990 1485 2053; x_wconf 88' lang='lat' dir='ltr'><strong>Micipsa</strong></span> 
     </span>
     <span class='ocr_line' id='line_1_16' title="bbox 424 2077 1484 2146; baseline -0.003 -14"><span class='ocrx_word' id='word_1_123' title='bbox 424 2082 551 2133; x_wconf 83' lang='lat' dir='ltr'><strong>Numidiae</strong></span> <span class='ocrx_word' id='word_1_124' title='bbox 562 2094 607 2128; x_wconf 87' lang='lat' dir='ltr'><strong>rex</strong></span> <span class='ocrx_word' id='word_1_125' title='bbox 616 2088 730 2128; x_wconf 87' lang='lat' dir='ltr'><strong>mortuus</strong></span> <span class='ocrx_word' id='word_1_126' title='bbox 742 2092 849 2141; x_wconf 86' lang='lat' dir='ltr'><strong>reguum</strong></span> <span class='ocrx_word' id='word_1_127' title='bbox 866 2077 947 2126; x_wconf 90' lang='lat' dir='ltr'><strong>tribus</strong></span> <span class='ocrx_word' id='word_1_128' title='bbox 957 2078 1015 2127; x_wconf 89' lang='lat' dir='ltr'><strong>filiis</strong></span> <span class='ocrx_word' id='word_1_129' title='bbox 1033 2079 1143 2141; x_wconf 90' lang='lat' dir='ltr'><strong>reliquit,</strong></span> <span class='ocrx_word' id='word_1_130' title='bbox 1166 2081 1315 2142; x_wconf 81' lang='lat' dir='ltr'><strong>Adherbali,</strong></span> <span class='ocrx_word' id='word_1_131' title='bbox 1335 2081 1484 2146; x_wconf 87' lang='lat' dir='ltr'><strong>Hiempsali,</strong></span> 
     </span>
     <span class='ocr_line' id='line_1_17' title="bbox 424 2170 1484 2237; baseline -0.001 -14"><span class='ocrx_word' id='word_1_132' title='bbox 424 2173 570 2237; x_wconf 74' lang='lat' dir='ltr'><strong>Iugurtha,</strong></span> <span class='ocrx_word' id='word_1_133' title='bbox 596 2170 681 2220; x_wconf 83' lang='lat' dir='ltr'><strong>fratris</strong></span> <span class='ocrx_word' id='word_1_134' title='bbox 698 2170 763 2229; x_wconf 90' lang='lat' dir='ltr'><strong>filio,</strong></span> <span class='ocrx_word' id='word_1_135' title='bbox 794 2184 868 2234; x_wconf 90' lang='lat' dir='ltr'><strong>quem</strong></span> <span class='ocrx_word' id='word_1_136' title='bbox 888 2174 1060 2235; x_wconf 83' lang='lat' dir='ltr'><strong>adoptaverat.</strong></span> <span class='ocrx_word' id='word_1_137' title='bbox 1098 2174 1128 2221; x_wconf 89' lang='lat' dir='ltr'><strong>L.</strong></span> <span class='ocrx_word' id='word_1_138' title='bbox 1149 2170 1267 2223; x_wconf 84' lang='lat' dir='ltr'><strong>Caecilius</strong></span> <span class='ocrx_word' id='word_1_139' title='bbox 1286 2174 1412 2225; x_wconf 88' lang='lat' dir='ltr'><strong>Metellus</strong></span> <span class='ocrx_word' id='word_1_140' title='bbox 1429 2174 1484 2223; x_wconf 89' lang='lat' dir='ltr'><strong>Dal-</strong></span> 
     </span>
     <span class='ocr_line' id='line_1_18' title="bbox 425 2261 1485 2331; baseline -0.003 -14"><span class='ocrx_word' id='word_1_141' title='bbox 425 2278 507 2317; x_wconf 90' lang='lat' dir='ltr'><strong>matas</strong></span> <span class='ocrx_word' id='word_1_142' title='bbox 526 2264 635 2326; x_wconf 86' lang='lat' dir='ltr'><strong>subegit.</strong></span> <span class='ocrx_word' id='word_1_143' title='bbox 672 2262 798 2325; x_wconf 84' lang='lat' dir='ltr'><strong>Iugurtha</strong></span> <span class='ocrx_word' id='word_1_144' title='bbox 815 2261 989 2328; x_wconf 87' lang='lat' dir='ltr'><strong>Hiempsalem</strong></span> <span class='ocrx_word' id='word_1_145' title='bbox 1007 2263 1111 2314; x_wconf 88' lang='lat' dir='ltr'><strong>fratrem</strong></span> <span class='ocrx_word' id='word_1_146' title='bbox 1135 2266 1207 2330; x_wconf 89' lang='lat' dir='ltr'><strong>petiit</strong></span> <span class='ocrx_word' id='word_1_147' title='bbox 1232 2266 1318 2327; x_wconf 91' lang='lat' dir='ltr'><strong>bello,</strong></span> <span class='ocrx_word' id='word_1_148' title='bbox 1347 2270 1393 2331; x_wconf 93' lang='lat' dir='ltr'><strong>qui</strong></span> <span class='ocrx_word' id='word_1_149' title='bbox 1411 2271 1485 2315; x_wconf 84' lang='lat' dir='ltr'><strong>rictus</strong></span> 
     </span>
     <span class='ocr_line' id='line_1_19' title="bbox 425 2356 1485 2420; baseline -0.004 -10"><span class='ocrx_word' id='word_1_150' title='bbox 425 2360 564 2418; x_wconf 75' lang='lat' dir='ltr'><strong>occiditur,</strong></span> <span class='ocrx_word' id='word_1_151' title='bbox 582 2356 757 2406; x_wconf 90' lang='lat' dir='ltr'><strong>Adherbalem</strong></span> <span class='ocrx_word' id='word_1_152' title='bbox 775 2368 854 2416; x_wconf 86' lang='lat' dir='ltr'><strong>reguo</strong></span> <span class='ocrx_word' id='word_1_153' title='bbox 867 2357 978 2420; x_wconf 83' lang='lat' dir='ltr'><strong>expulit3</strong></span> <span class='ocrx_word' id='word_1_154' title='bbox 995 2356 1018 2406; x_wconf 90' lang='lat' dir='ltr'><strong>is</strong></span> <span class='ocrx_word' id='word_1_155' title='bbox 1031 2373 1046 2405; x_wconf 90' lang='lat' dir='ltr'><strong>a</strong></span> <span class='ocrx_word' id='word_1_156' title='bbox 1059 2368 1150 2405; x_wconf 87' lang='lat' dir='ltr'><strong>senatu</strong></span> <span class='ocrx_word' id='word_1_157' title='bbox 1160 2359 1292 2407; x_wconf 88' lang='lat' dir='ltr'><strong>restitutus</strong></span> <span class='ocrx_word' id='word_1_158' title='bbox 1304 2366 1356 2408; x_wconf 91' lang='lat' dir='ltr'><strong>est.</strong></span> <span class='ocrx_word' id='word_1_159' title='bbox 1395 2360 1425 2409; x_wconf 87' lang='lat' dir='ltr'><strong>L.</strong></span> <span class='ocrx_word' id='word_1_160' title='bbox 1437 2358 1485 2407; x_wconf 79' lang='lat' dir='ltr'><strong>Ca-</strong></span> 
     </span>
     <span class='ocr_line' id='line_1_20' title="bbox 425 2446 1485 2514; baseline -0.002 -13"><span class='ocrx_word' id='word_1_161' title='bbox 425 2453 499 2502; x_wconf 90' lang='lat' dir='ltr'><strong>cilius</strong></span> <span class='ocrx_word' id='word_1_162' title='bbox 516 2450 652 2507; x_wconf 88' lang='lat' dir='ltr'><strong>Metellus,</strong></span> <span class='ocrx_word' id='word_1_163' title='bbox 682 2446 728 2497; x_wconf 88' lang='lat' dir='ltr'><strong>Cn.</strong></span> <span class='ocrx_word' id='word_1_164' title='bbox 748 2447 879 2497; x_wconf 87' lang='lat' dir='ltr'><strong>Domitius</strong></span> <span class='ocrx_word' id='word_1_165' title='bbox 900 2449 1087 2498; x_wconf 86' lang='lat' dir='ltr'><strong>Ahenobarbus</strong></span> <span class='ocrx_word' id='word_1_166' title='bbox 1113 2464 1230 2499; x_wconf 87' lang='lat' dir='ltr'><strong>censores</strong></span> <span class='ocrx_word' id='word_1_167' title='bbox 1254 2454 1318 2501; x_wconf 89' lang='lat' dir='ltr'><strong>duos</strong></span> <span class='ocrx_word' id='word_1_168' title='bbox 1340 2462 1371 2501; x_wconf 91' lang='lat' dir='ltr'><strong>et</strong></span> <span class='ocrx_word' id='word_1_169' title='bbox 1389 2453 1485 2514; x_wconf 87' lang='lat' dir='ltr'><strong>triginta</strong></span> 
     </span>
     <span class='ocr_line' id='line_1_21' title="bbox 423 2541 1339 2605; baseline -0.002 -10"><span class='ocrx_word' id='word_1_170' title='bbox 423 2554 513 2596; x_wconf 89' lang='lat' dir='ltr'><strong>senatu</strong></span> <span class='ocrx_word' id='word_1_171' title='bbox 532 2551 672 2592; x_wconf 87' lang='lat' dir='ltr'><strong>moverunt.</strong></span> <span class='ocrx_word' id='word_1_172' title='bbox 710 2541 837 2589; x_wconf 83' lang='lat' dir='ltr'><strong>Praeterea</strong></span> <span class='ocrx_word' id='word_1_173' title='bbox 855 2548 940 2589; x_wconf 90' lang='lat' dir='ltr'><strong>motus</strong></span> <span class='ocrx_word' id='word_1_174' title='bbox 959 2542 1039 2605; x_wconf 85' lang='lat' dir='ltr'><strong>Syriae</strong></span> <span class='ocrx_word' id='word_1_175' title='bbox 1057 2554 1197 2605; x_wconf 81' lang='lat' dir='ltr'><strong>regumque</strong></span> <span class='ocrx_word' id='word_1_176' title='bbox 1216 2544 1339 2593; x_wconf 91' lang='lat' dir='ltr'><strong>continet.</strong></span> 
     </span>
    </p>
   </div>
   <div class='ocr_carea' id='block_1_5' title="bbox 825 2700 1078 2751">
    <p class='ocr_par' dir='ltr' id='par_1_5' title="bbox 825 2700 1078 2751">
     <span class='ocr_line' id='line_1_22' title="bbox 825 2700 1078 2751; baseline 0.008 -2"><span class='ocrx_word' id='word_1_177' title='bbox 825 2700 875 2749; x_wconf 83' lang='lat' dir='ltr'><strong>EX</strong></span> <span class='ocrx_word' id='word_1_178' title='bbox 893 2700 961 2749; x_wconf 88' lang='lat' dir='ltr'>LIB.</span> <span class='ocrx_word' id='word_1_179' title='bbox 980 2700 1078 2751; x_wconf 87' lang='lat' dir='ltr'>LXIII.</span> 
     </span>
    </p>
   </div>
   <div class='ocr_carea' id='block_1_6' title="bbox 421 2815 1485 3525">
    <p class='ocr_par' dir='ltr' id='par_1_6' title="bbox 421 2815 1485 3525">
     <span class='ocr_line' id='line_1_23' title="bbox 493 2815 1484 2883; baseline 0 -16"><span class='ocrx_word' id='word_1_180' title='bbox 493 2816 522 2867; x_wconf 88' lang='lat' dir='ltr'><strong>C.</strong></span> <span class='ocrx_word' id='word_1_181' title='bbox 543 2817 650 2867; x_wconf 90' lang='lat' dir='ltr'><strong>Porcius</strong></span> <span class='ocrx_word' id='word_1_182' title='bbox 676 2830 727 2864; x_wconf 83' lang='lat' dir='ltr'><strong>cos.</strong></span> <span class='ocrx_word' id='word_1_183' title='bbox 753 2815 779 2862; x_wconf 94' lang='lat' dir='ltr'><strong>in</strong></span> <span class='ocrx_word' id='word_1_184' title='bbox 797 2815 910 2863; x_wconf 81' lang='lat' dir='ltr'><strong>Thracia</strong></span> <span class='ocrx_word' id='word_1_185' title='bbox 937 2816 1004 2864; x_wconf 90' lang='lat' dir='ltr'><strong>male</strong></span> <span class='ocrx_word' id='word_1_186' title='bbox 1032 2818 1154 2867; x_wconf 87' lang='lat' dir='ltr'><strong>adversus</strong></span> <span class='ocrx_word' id='word_1_187' title='bbox 1179 2818 1328 2869; x_wconf 81' lang='lat' dir='ltr'><strong>Scordiscos</strong></span> <span class='ocrx_word' id='word_1_188' title='bbox 1356 2818 1484 2883; x_wconf 85' lang='lat' dir='ltr'><strong>pugnavit.</strong></span> 
     </span>
     <span class='ocr_line' id='line_1_24' title="bbox 422 2897 1485 2975; baseline 0.002 -17"><span class='ocrx_word' id='word_1_189' title='bbox 422 2909 544 2958; x_wconf 86' lang='lat' dir='ltr'><strong>Lustrum</strong></span> <span class='ocrx_word' id='word_1_190' title='bbox 558 2926 574 2958; x_wconf 93' lang='lat' dir='ltr'><strong>a</strong></span> <span class='ocrx_word' id='word_1_191' title='bbox 586 2907 733 2957; x_wconf 85' lang='lat' dir='ltr'><strong>censoribus</strong></span> <span class='ocrx_word' id='word_1_192' title='bbox 747 2908 877 2956; x_wconf 91' lang='lat' dir='ltr'><strong>conditum</strong></span> <span class='ocrx_word' id='word_1_193' title='bbox 893 2916 944 2969; x_wconf 83' lang='lat' dir='ltr'><strong>est3</strong></span> <span class='ocrx_word' id='word_1_194' title='bbox 966 2923 1043 2958; x_wconf 87' lang='lat' dir='ltr'><strong>ceusu</strong></span> <span class='ocrx_word' id='word_1_195' title='bbox 1058 2918 1117 2959; x_wconf 92' lang='lat' dir='ltr'><strong>sunt</strong></span> <span class='ocrx_word' id='word_1_196' title='bbox 1127 2912 1221 2960; x_wconf 77' lang='lat' dir='ltr'><strong>civium</strong></span> <span class='ocrx_word' id='word_1_197' title='bbox 1233 2912 1319 2975; x_wconf 88' lang='lat' dir='ltr'><strong>capita</strong></span> <span class='ocrx_word' id='word_1_198' title='bbox 1330 2897 1485 2967; x_wconf 56' lang='lat' dir='ltr'><em>W</em></span> 
     </span>
     <span class='ocr_line' id='line_1_25' title="bbox 426 3000 1484 3065; baseline 0.001 -13"><span class='ocrx_word' id='word_1_199' title='bbox 426 3001 621 3052; x_wconf 79' lang='lat' dir='ltr'><strong>cccxxxvi.</strong></span> <span class='ocrx_word' id='word_1_200' title='bbox 658 3000 774 3058; x_wconf 82' lang='lat' dir='ltr'><strong>AEmilia‚</strong></span> <span class='ocrx_word' id='word_1_201' title='bbox 794 3000 902 3059; x_wconf 89' lang='lat' dir='ltr'><strong>Licinia,</strong></span> <span class='ocrx_word' id='word_1_202' title='bbox 922 3000 1022 3050; x_wconf 84' lang='lat' dir='ltr'><strong>Marcia</strong></span> <span class='ocrx_word' id='word_1_203' title='bbox 1041 3004 1285 3065; x_wconf 82' lang='lat' dir='ltr'><strong>virginesVestales</strong></span> <span class='ocrx_word' id='word_1_204' title='bbox 1305 3006 1404 3055; x_wconf 87' lang='lat' dir='ltr'><strong>incesti</strong></span> <span class='ocrx_word' id='word_1_205' title='bbox 1423 3008 1484 3053; x_wconf 91' lang='lat' dir='ltr'><strong>dam·</strong></span> 
     </span>
     <span class='ocr_line' id='line_1_26' title="bbox 422 3094 1485 3163; baseline 0 -18"><span class='ocrx_word' id='word_1_206' title='bbox 422 3103 489 3145; x_wconf 78' lang='lat' dir='ltr'><strong>uatae</strong></span> <span class='ocrx_word' id='word_1_207' title='bbox 507 3106 580 3154; x_wconf 88' lang='lat' dir='ltr'><strong>sunt,</strong></span> <span class='ocrx_word' id='word_1_208' title='bbox 601 3095 677 3157; x_wconf 90' lang='lat' dir='ltr'><strong>idque</strong></span> <span class='ocrx_word' id='word_1_209' title='bbox 699 3094 823 3141; x_wconf 91' lang='lat' dir='ltr'><strong>incestum</strong></span> <span class='ocrx_word' id='word_1_210' title='bbox 842 3094 1057 3157; x_wconf 87' lang='lat' dir='ltr'><strong>quemadmodum</strong></span> <span class='ocrx_word' id='word_1_211' title='bbox 1076 3106 1101 3144; x_wconf 91' lang='lat' dir='ltr'><strong>et</strong></span> <span class='ocrx_word' id='word_1_212' title='bbox 1120 3098 1284 3147; x_wconf 90' lang='lat' dir='ltr'><strong>commissum</strong></span> <span class='ocrx_word' id='word_1_213' title='bbox 1303 3103 1329 3147; x_wconf 90' lang='lat' dir='ltr'><strong>et</strong></span> <span class='ocrx_word' id='word_1_214' title='bbox 1347 3100 1485 3163; x_wconf 89' lang='lat' dir='ltr'><strong>deprehen·</strong></span> 
     </span>
     <span class='ocr_line' id='line_1_27' title="bbox 423 3184 1485 3254; baseline 0.001 -17"><span class='ocrx_word' id='word_1_215' title='bbox 423 3202 478 3237; x_wconf 90' lang='lat' dir='ltr'><strong>sum</strong></span> <span class='ocrx_word' id='word_1_216' title='bbox 497 3197 522 3237; x_wconf 92' lang='lat' dir='ltr'><strong>et</strong></span> <span class='ocrx_word' id='word_1_217' title='bbox 540 3189 697 3237; x_wconf 85' lang='lat' dir='ltr'><strong>vindicatum</strong></span> <span class='ocrx_word' id='word_1_218' title='bbox 717 3186 764 3244; x_wconf 86' lang='lat' dir='ltr'><strong>sit,</strong></span> <span class='ocrx_word' id='word_1_219' title='bbox 789 3184 905 3234; x_wconf 88' lang='lat' dir='ltr'><strong>refertur.</strong></span> <span class='ocrx_word' id='word_1_220' title='bbox 945 3184 1053 3246; x_wconf 86' lang='lat' dir='ltr'><strong>Cimbri,</strong></span> <span class='ocrx_word' id='word_1_221' title='bbox 1082 3203 1145 3251; x_wconf 88' lang='lat' dir='ltr'><strong>gens</strong></span> <span class='ocrx_word' id='word_1_222' title='bbox 1164 3204 1243 3251; x_wconf 85' lang='lat' dir='ltr'><strong>vaga,</strong></span> <span class='ocrx_word' id='word_1_223' title='bbox 1266 3192 1447 3254; x_wconf 88' lang='lat' dir='ltr'><strong>populabundi</strong></span> <span class='ocrx_word' id='word_1_224' title='bbox 1463 3193 1485 3238; x_wconf 92' lang='lat' dir='ltr'><strong>in</strong></span> 
     </span>
     <span class='ocr_line' id='line_1_28' title="bbox 421 3278 1484 3343; baseline 0.003 -15"><span class='ocrx_word' id='word_1_225' title='bbox 421 3280 552 3343; x_wconf 81' lang='lat' dir='ltr'><strong>Illyricum</strong></span> <span class='ocrx_word' id='word_1_226' title='bbox 576 3288 711 3338; x_wconf 81' lang='lat' dir='ltr'><strong>venerunt3</strong></span> <span class='ocrx_word' id='word_1_227' title='bbox 742 3281 774 3326; x_wconf 93' lang='lat' dir='ltr'><strong>ab</strong></span> <span class='ocrx_word' id='word_1_228' title='bbox 801 3278 842 3326; x_wconf 92' lang='lat' dir='ltr'><strong>his</strong></span> <span class='ocrx_word' id='word_1_229' title='bbox 865 3278 984 3341; x_wconf 88' lang='lat' dir='ltr'><strong>Papirius</strong></span> <span class='ocrx_word' id='word_1_230' title='bbox 1010 3278 1095 3329; x_wconf 82' lang='lat' dir='ltr'><strong>Carbo</strong></span> <span class='ocrx_word' id='word_1_231' title='bbox 1123 3297 1174 3332; x_wconf 88' lang='lat' dir='ltr'><strong>cos.</strong></span> <span class='ocrx_word' id='word_1_232' title='bbox 1199 3297 1257 3330; x_wconf 89' lang='lat' dir='ltr'><strong>curn</strong></span> <span class='ocrx_word' id='word_1_233' title='bbox 1280 3286 1400 3334; x_wconf 88' lang='lat' dir='ltr'><strong>exercitu</strong></span> <span class='ocrx_word' id='word_1_234' title='bbox 1419 3285 1484 3334; x_wconf 87' lang='lat' dir='ltr'><strong>fusus</strong></span> 
     </span>
     <span class='ocr_line' id='line_1_29' title="bbox 423 3371 1484 3437; baseline 0.004 -16"><span class='ocrx_word' id='word_1_235' title='bbox 423 3382 469 3421; x_wconf 90' lang='lat' dir='ltr'><strong>ast.</strong></span> <span class='ocrx_word' id='word_1_236' title='bbox 506 3372 595 3421; x_wconf 88' lang='lat' dir='ltr'><strong>Livius</strong></span> <span class='ocrx_word' id='word_1_237' title='bbox 613 3373 714 3421; x_wconf 89' lang='lat' dir='ltr'><strong>Drusus</strong></span> <span class='ocrx_word' id='word_1_238' title='bbox 733 3385 785 3419; x_wconf 89' lang='lat' dir='ltr'><strong>cos.</strong></span> <span class='ocrx_word' id='word_1_239' title='bbox 808 3371 929 3420; x_wconf 85' lang='lat' dir='ltr'><strong>adversus</strong></span> <span class='ocrx_word' id='word_1_240' title='bbox 951 3371 1115 3434; x_wconf 85' lang='lat' dir='ltr'><strong>Scordiscos,</strong></span> <span class='ocrx_word' id='word_1_241' title='bbox 1143 3390 1244 3437; x_wconf 85' lang='lat' dir='ltr'><strong>gentem</strong></span> <span class='ocrx_word' id='word_1_242' title='bbox 1264 3392 1280 3424; x_wconf 88' lang='lat' dir='ltr'><strong>a</strong></span> <span class='ocrx_word' id='word_1_243' title='bbox 1298 3376 1386 3427; x_wconf 87' lang='lat' dir='ltr'><strong>Gallis</strong></span> <span class='ocrx_word' id='word_1_244' title='bbox 1406 3380 1484 3427; x_wconf 91' lang='lat' dir='ltr'><strong>oriuu·</strong></span> 
     </span>
     <span class='ocr_line' id='line_1_30' title="bbox 423 3462 943 3525; baseline 0.002 -13"><span class='ocrx_word' id='word_1_245' title='bbox 423 3466 492 3523; x_wconf 88' lang='lat' dir='ltr'><strong>darn,</strong></span> <span class='ocrx_word' id='word_1_246' title='bbox 511 3467 538 3512; x_wconf 94' lang='lat' dir='ltr'><strong>in</strong></span> <span class='ocrx_word' id='word_1_247' title='bbox 556 3465 668 3513; x_wconf 88' lang='lat' dir='ltr'><strong>Thracia</strong></span> <span class='ocrx_word' id='word_1_248' title='bbox 686 3462 793 3512; x_wconf 83' lang='lat' dir='ltr'><strong>feliciter</strong></span> <span class='ocrx_word' id='word_1_249' title='bbox 810 3464 943 3525; x_wconf 88' lang='lat' dir='ltr'><strong>pugnavit.</strong></span> 
     </span>
    </p>
   </div>
   <div class='ocr_carea' id='block_1_7' title="bbox 824 3623 1076 3675">
    <p class='ocr_par' dir='ltr' id='par_1_7' title="bbox 824 3623 1076 3675">
     <span class='ocr_line' id='line_1_31' title="bbox 824 3623 1076 3675; baseline 0.02 -5"><span class='ocrx_word' id='word_1_250' title='bbox 824 3623 874 3671; x_wconf 86' lang='lat' dir='ltr'><strong>EX</strong></span> <span class='ocrx_word' id='word_1_251' title='bbox 893 3624 960 3674; x_wconf 90' lang='lat' dir='ltr'>LIB.</span> <span class='ocrx_word' id='word_1_252' title='bbox 980 3625 1076 3675; x_wconf 88' lang='lat' dir='ltr'>LXIV.</span> 
     </span>
    </p>
   </div>
   <div class='ocr_carea' id='block_1_8' title="bbox 422 3738 1484 4360">
    <p class='ocr_par' dir='ltr' id='par_1_8' title="bbox 422 3738 1484 4360">
     <span class='ocr_line' id='line_1_32' title="bbox 492 3738 1484 3804; baseline 0.005 -18"><span class='ocrx_word' id='word_1_253' title='bbox 492 3739 627 3788; x_wconf 87' lang='lat' dir='ltr'><strong>Adherbal</strong></span> <span class='ocrx_word' id='word_1_254' title='bbox 645 3738 714 3787; x_wconf 94' lang='lat' dir='ltr'><strong>bello</strong></span> <span class='ocrx_word' id='word_1_255' title='bbox 732 3738 826 3801; x_wconf 91' lang='lat' dir='ltr'><strong>petitus</strong></span> <span class='ocrx_word' id='word_1_256' title='bbox 850 3739 883 3787; x_wconf 93' lang='lat' dir='ltr'><strong>ab</strong></span> <span class='ocrx_word' id='word_1_257' title='bbox 903 3739 1028 3803; x_wconf 86' lang='lat' dir='ltr'><strong>Iugurtha</strong></span> <span class='ocrx_word' id='word_1_258' title='bbox 1052 3748 1077 3789; x_wconf 90' lang='lat' dir='ltr'><strong>et</strong></span> <span class='ocrx_word' id='word_1_259' title='bbox 1100 3741 1127 3787; x_wconf 93' lang='lat' dir='ltr'><strong>iu</strong></span> <span class='ocrx_word' id='word_1_260' title='bbox 1153 3741 1245 3804; x_wconf 89' lang='lat' dir='ltr'><strong>oppido</strong></span> <span class='ocrx_word' id='word_1_261' title='bbox 1267 3740 1338 3790; x_wconf 81' lang='lat' dir='ltr'><strong>Cirta</strong></span> <span class='ocrx_word' id='word_1_262' title='bbox 1368 3745 1484 3793; x_wconf 85' lang='lat' dir='ltr'><strong>obsessus</strong></span> 
     </span>
     <span class='ocr_line' id='line_1_33' title="bbox 423 3812 1483 3892; baseline 0.005 -14"><span class='ocrx_word' id='word_1_263' title='bbox 423 3838 512 3879; x_wconf 88' lang='lat' dir='ltr'><strong>contra</strong></span> <span class='ocrx_word' id='word_1_264' title='bbox 532 3812 749 3881; x_wconf 76' lang='lat' dir='ltr'><strong>denuntiationem</strong></span> <span class='ocrx_word' id='word_1_265' title='bbox 776 3837 879 3880; x_wconf 90' lang='lat' dir='ltr'><strong>senatus</strong></span> <span class='ocrx_word' id='word_1_266' title='bbox 905 3832 937 3879; x_wconf 89' lang='lat' dir='ltr'><strong>ab</strong></span> <span class='ocrx_word' id='word_1_267' title='bbox 962 3848 992 3881; x_wconf 91' lang='lat' dir='ltr'><strong>eo</strong></span> <span class='ocrx_word' id='word_1_268' title='bbox 1017 3834 1116 3883; x_wconf 91' lang='lat' dir='ltr'><strong>occisus</strong></span> <span class='ocrx_word' id='word_1_269' title='bbox 1140 3841 1190 3892; x_wconf 89' lang='lat' dir='ltr'><strong>est,</strong></span> <span class='ocrx_word' id='word_1_270' title='bbox 1220 3843 1244 3881; x_wconf 88' lang='lat' dir='ltr'><strong>et</strong></span> <span class='ocrx_word' id='word_1_271' title='bbox 1268 3835 1301 3883; x_wconf 93' lang='lat' dir='ltr'><strong>ob</strong></span> <span class='ocrx_word' id='word_1_272' title='bbox 1320 3835 1371 3883; x_wconf 89' lang='lat' dir='ltr'><strong>hcc</strong></span> <span class='ocrx_word' id='word_1_273' title='bbox 1392 3837 1483 3885; x_wconf 91' lang='lat' dir='ltr'><strong>bellam</strong></span> 
     </span>
     <span class='ocr_line' id='line_1_34' title="bbox 422 3923 1482 3992; baseline 0.003 -21"><span class='ocrx_word' id='word_1_274' title='bbox 422 3923 551 3986; x_wconf 86' lang='lat' dir='ltr'><strong>Iugurthae</strong></span> <span class='ocrx_word' id='word_1_275' title='bbox 570 3924 706 3982; x_wconf 89' lang='lat' dir='ltr'><strong>indictum,</strong></span> <span class='ocrx_word' id='word_1_276' title='bbox 730 3925 807 3987; x_wconf 89' lang='lat' dir='ltr'><strong>idque</strong></span> <span class='ocrx_word' id='word_1_277' title='bbox 828 3923 980 3988; x_wconf 84' lang='lat' dir='ltr'><strong>Calpurnius</strong></span> <span class='ocrx_word' id='word_1_278' title='bbox 1001 3926 1089 3975; x_wconf 86' lang='lat' dir='ltr'><strong>Bestia</strong></span> <span class='ocrx_word' id='word_1_279' title='bbox 1108 3942 1159 3975; x_wconf 86' lang='lat' dir='ltr'><strong>cos.</strong></span> <span class='ocrx_word' id='word_1_280' title='bbox 1180 3940 1268 3988; x_wconf 89' lang='lat' dir='ltr'><strong>gerere</strong></span> <span class='ocrx_word' id='word_1_281' title='bbox 1290 3927 1378 3975; x_wconf 90' lang='lat' dir='ltr'><strong>iussus</strong></span> <span class='ocrx_word' id='word_1_282' title='bbox 1400 3942 1482 3992; x_wconf 89' lang='lat' dir='ltr'><strong>pacem</strong></span> 
     </span>
     <span class='ocr_line' id='line_1_35' title="bbox 423 4015 1482 4084; baseline 0.001 -21"><span class='ocrx_word' id='word_1_283' title='bbox 423 4030 480 4065; x_wconf 91' lang='lat' dir='ltr'><strong>cum</strong></span> <span class='ocrx_word' id='word_1_284' title='bbox 499 4016 625 4078; x_wconf 89' lang='lat' dir='ltr'><strong>Iugurtha</strong></span> <span class='ocrx_word' id='word_1_285' title='bbox 650 4015 747 4063; x_wconf 86' lang='lat' dir='ltr'><strong>iniussu</strong></span> <span class='ocrx_word' id='word_1_286' title='bbox 770 4015 858 4079; x_wconf 90' lang='lat' dir='ltr'><strong>popuii</strong></span> <span class='ocrx_word' id='word_1_287' title='bbox 884 4023 908 4064; x_wconf 90' lang='lat' dir='ltr'><strong>et</strong></span> <span class='ocrx_word' id='word_1_288' title='bbox 933 4024 1036 4066; x_wconf 88' lang='lat' dir='ltr'><strong>senatus</strong></span> <span class='ocrx_word' id='word_1_289' title='bbox 1062 4017 1131 4066; x_wconf 84' lang='lat' dir='ltr'><strong>fecit.</strong></span> <span class='ocrx_word' id='word_1_290' title='bbox 1170 4017 1296 4080; x_wconf 83' lang='lat' dir='ltr'><strong>Iugurtha</strong></span> <span class='ocrx_word' id='word_1_291' title='bbox 1312 4019 1365 4067; x_wconf 90' lang='lat' dir='ltr'><strong>fide</strong></span> <span class='ocrx_word' id='word_1_292' title='bbox 1385 4019 1482 4084; x_wconf 87' lang='lat' dir='ltr'><strong>publica</strong></span> 
     </span>
     <span class='ocr_line' id='line_1_36' title="bbox 423 4108 1482 4172; baseline 0 -17"><span class='ocrx_word' id='word_1_293' title='bbox 423 4117 543 4156; x_wconf 86' lang='lat' dir='ltr'><strong>evocatus</strong></span> <span class='ocrx_word' id='word_1_294' title='bbox 562 4109 595 4156; x_wconf 89' lang='lat' dir='ltr'><strong>ad</strong></span> <span class='ocrx_word' id='word_1_295' title='bbox 613 4108 763 4158; x_wconf 87' lang='lat' dir='ltr'><strong>indicandos</strong></span> <span class='ocrx_word' id='word_1_296' title='bbox 782 4116 898 4157; x_wconf 88' lang='lat' dir='ltr'><strong>auctores</strong></span> <span class='ocrx_word' id='word_1_297' title='bbox 917 4109 1080 4159; x_wconf 89' lang='lat' dir='ltr'><strong>consiliorum</strong></span> <span class='ocrx_word' id='word_1_298' title='bbox 1100 4126 1212 4169; x_wconf 89' lang='lat' dir='ltr'><strong>suorum,</strong></span> <span class='ocrx_word' id='word_1_299' title='bbox 1239 4111 1307 4172; x_wconf 90' lang='lat' dir='ltr'><strong>quod</strong></span> <span class='ocrx_word' id='word_1_300' title='bbox 1328 4111 1426 4159; x_wconf 90' lang='lat' dir='ltr'><strong>multos</strong></span> <span class='ocrx_word' id='word_1_301' title='bbox 1443 4124 1482 4172; x_wconf 89' lang='lat' dir='ltr'><strong>pe·</strong></span> 
     </span>
     <span class='ocr_line' id='line_1_37' title="bbox 424 4201 1480 4266; baseline 0.002 -19"><span class='ocrx_word' id='word_1_302' title='bbox 424 4201 500 4248; x_wconf 90' lang='lat' dir='ltr'><strong>cunia</strong></span> <span class='ocrx_word' id='word_1_303' title='bbox 517 4201 544 4247; x_wconf 94' lang='lat' dir='ltr'><strong>in</strong></span> <span class='ocrx_word' id='word_1_304' title='bbox 563 4209 652 4249; x_wconf 88' lang='lat' dir='ltr'><strong>senatu</strong></span> <span class='ocrx_word' id='word_1_305' title='bbox 671 4201 811 4263; x_wconf 88' lang='lat' dir='ltr'><strong>corrupisse</strong></span> <span class='ocrx_word' id='word_1_306' title='bbox 830 4201 978 4258; x_wconf 88' lang='lat' dir='ltr'><strong>dicebatur,</strong></span> <span class='ocrx_word' id='word_1_307' title='bbox 997 4202 1106 4252; x_wconf 84' lang='lat' dir='ltr'><strong>Romam</strong></span> <span class='ocrx_word' id='word_1_308' title='bbox 1126 4207 1202 4261; x_wconf 85' lang='lat' dir='ltr'><strong>venit,</strong></span> <span class='ocrx_word' id='word_1_309' title='bbox 1222 4210 1371 4266; x_wconf 80' lang='lat' dir='ltr'><strong>eapropter</strong></span> <span class='ocrx_word' id='word_1_310' title='bbox 1391 4206 1480 4252; x_wconf 80' lang='lat' dir='ltr'><strong>caedem</strong></span> 
     </span>
     <span class='ocr_line' id='line_1_38' title="bbox 423 4293 1481 4360; baseline 0 -19"><span class='ocrx_word' id='word_1_311' title='bbox 423 4293 561 4343; x_wconf 87' lang='lat' dir='ltr'><strong>admissam</strong></span> <span class='ocrx_word' id='word_1_312' title='bbox 584 4294 611 4341; x_wconf 92' lang='lat' dir='ltr'><strong>iu</strong></span> <span class='ocrx_word' id='word_1_313' title='bbox 634 4294 752 4357; x_wconf 89' lang='lat' dir='ltr'><strong>regulum</strong></span> <span class='ocrx_word' id='word_1_314' title='bbox 771 4295 900 4356; x_wconf 90' lang='lat' dir='ltr'><strong>quendam</strong></span> <span class='ocrx_word' id='word_1_315' title='bbox 923 4295 1026 4342; x_wconf 89' lang='lat' dir='ltr'><strong>numine</strong></span> <span class='ocrx_word' id='word_1_316' title='bbox 1048 4296 1199 4357; x_wconf 87' lang='lat' dir='ltr'><strong>Massivam,</strong></span> <span class='ocrx_word' id='word_1_317' title='bbox 1231 4298 1274 4360; x_wconf 89' lang='lat' dir='ltr'><strong>qui</strong></span> <span class='ocrx_word' id='word_1_318' title='bbox 1304 4312 1411 4359; x_wconf 86' lang='lat' dir='ltr'><strong>regnum</strong></span> <span class='ocrx_word' id='word_1_319' title='bbox 1434 4298 1481 4344; x_wconf 92' lang='lat' dir='ltr'><strong>eins</strong></span> 
     </span>
    </p>
   </div>
   <div class='ocr_carea' id='block_1_9' title="bbox 0 0 1742 5084">
    <p class='ocr_par' dir='ltr' id='par_1_9' title="bbox 0 0 1742 5084">
     <span class='ocr_line' id='line_1_39' title="bbox 0 0 1742 5084; baseline 0 0"><span class='ocrx_word' id='word_1_320' title='bbox 0 0 1742 5084; x_wconf 95' lang='lat' dir='ltr'><strong> </strong></span> 
     </span>
    </p>
   </div>
  </div>
 </body>
</html>
