3475 5084
589 512 667 562 Liber
684 513 754 564 XLI.
792 515 840 577 (Α.
860 513 921 564 Chr.
945 517 1017 580 trs.)
1280 523 1296 577 7

266 696 361 752 etiam
384 697 546 771 usurpandi
567 716 673 767 cansa,
701 719 738 757 ne
759 720 813 775 pro
839 701 928 759 dubie
949 703 1092 772 babeant,
1122 701 1193 759 nibil
1214 703 1289 758 inter
1309 720 1342 759 se

266 809 303 855 et
323 812 447 874 argento
469 813 574 876 parata
596 805 741 881 mancipia
766 806 913 863 interesse.
952 807 1052 863 Motus
1075 807 1120 864 his
1148 818 1265 864 senatus
1294 807 1340 864 lit·
1367 803 1400 856 ll

266 913 351 962 teras
374 906 474 980 Lyciis
497 907 533 963 ed
557 909 687 966 Rhodios
709 909 803 978 dedit,
830 929 884 968 nec
913 911 1019 986 Lycios
1040 911 1162 969 Rhodiis
1192 930 1244 968 nec
1266 911 1341 968 ullos

268 1010 322 1067 alii
344 1011 500 1084 cuiquam,
530 1014 579 1087 qui
600 1016 661 1071 nati
683 1014 766 1072 liberi
787 1015 861 1079 sint,
892 1015 921 1070 in
943 1015 1111 1072 servitutem
1131 1016 1194 1072 dari
1216 1016 1340 1092 placere.

268 1115 382 1191 Lycios
404 1117 447 1172 ita
468 1119 522 1174 sub
544 1120 724 1176 Rhodiorum
746 1120 832 1177 simul
853 1116 975 1194 imperio
997 1130 1026 1177 et
1047 1121 1138 1178 tutela
1159 1140 1237 1190 esse,
1258 1129 1291 1176 ut
1311 1121 1341 1176 in
1366 1125 1402 1181 tt

269 1221 389 1277 dicione
410 1222 512 1296 populi
536 1224 661 1281 Romani
683 1225 815 1281 civitates
839 1226 926 1282 socies
948 1226 1013 1282 sint.

357 1327 514 1401 Triumphi
542 1329 646 1384 deinde
673 1347 710 1385 ex
735 1329 880 1404 Hispania
908 1331 965 1386 duo
992 1331 1119 1387 continui
1148 1329 1212 1386 acti.
1254 1329 1341 1386 Prior
1404 1322 1423 1391 7

271 1429 467 1506 Sempronius
491 1432 644 1491 Gracchus
672 1435 709 1490 de
730 1431 884 1490 Celtiberis
911 1435 1055 1508 sociisque
1077 1453 1194 1503 eorum,
1223 1443 1339 1508 postero
1363 1437 1380 1491 2

271 1535 321 1592 die
340 1537 376 1596 L.
400 1537 569 1593 Postumius
597 1538 634 1594 de
656 1537 803 1594 Lusitanis
832 1538 954 1613 aliisque
985 1539 1111 1596 eiusdem
1136 1537 1264 1612 regionis
1287 1535 1341 1592 Hi·

270 1641 375 1715 spenis
414 1642 613 1715 triumpharit.
681 1643 740 1699 XL
781 1643 862 1700 milia
900 1644 998 1718 pondo
1043 1644 1154 1719 argenti
1187 1640 1340 1699 Gracchus

269 1746 435 1816 transtulit,
478 1747 542 1803 XX
581 1747 661 1803 milia
695 1747 829 1805 Albinus.
887 1749 1028 1807 Militibus
1063 1748 1198 1805 denarios
1236 1745 1380 1819 quines3

271 1851 403 1919 virenon,
427 1851 536 1925 duplex
552 1852 722 1921 centurioni,
737 1853 843 1928 triplex
862 1855 951 1927 equiti
967 1856 1054 1911 ambo
1068 1853 1236 1917 diviserunt,
1254 1848 1340 1905 sociis
1372 1831 1375 1836 ¹

270 1956 456 2026 tantundem,
471 1968 611 2030 qtrantmn
627 1957 777 2014 Romanis.
803 1960 863 2015 Per
877 1959 992 2016 eosdem
1009 1959 1085 2016 forte
1100 1955 1161 2014 dies
1178 1957 1219 2013 M.
1240 1955 1340 2012 lunius
1363 1958 1380 2008 4

270 2062 375 2119 consul
397 2081 434 2118 ex
456 2060 570 2118 Histria
591 2063 774 2120 comitiorum
797 2083 887 2121 causa
908 2066 1033 2121 Romam
1056 2063 1144 2122 venit.
1176 2062 1251 2118 Eum
1274 2077 1339 2114 eum
1363 2061 1380 2113 5

269 2165 302 2221 in
324 2176 430 2222 senatu
457 2164 631 2240 fatigassent
658 2167 933 2242 interrogationibus
962 2169 1068 2225 tribuni
1090 2167 1182 2243 plebis
1203 2163 1341 2238 Papirius

270 2279 302 2326 et
323 2270 454 2327 Licinius
478 2271 514 2326 de
537 2272 582 2339 iis,
605 2290 669 2346 quae
690 2272 720 2329 in
744 2272 856 2330 Histria
885 2285 980 2330 essent
1010 2285 1091 2340 ecta,
1119 2273 1149 2328 in
1177 2269 1339 2326 contionem

272 2394 393 2450 quoqne
414 2375 622 2450 produxerunt.
673 2379 723 2435 Ad
746 2389 896 2451 quar'cum
920 2377 1037 2447 consul,
1058 2396 1090 2433 se
1111 2377 1172 2434 dies
1196 2393 1254 2432 uon
1275 2372 1340 2446 plus
1363 2369 1380 2423 6

271 2481 323 2538 XI
355 2481 387 2536 in
418 2499 455 2536 ea
488 2482 640 2554 provincie
669 2479 776 2551 firisse,
813 2483 1016 2557 responderet:
1057 2499 1121 2554 quae
1159 2497 1190 2536 se
1221 2478 1341 2533 absente

271 2595 341 2642 acta
358 2596 463 2652 essent,
477 2604 509 2642 se
522 2605 648 2660 quoqne,
659 2598 691 2643 ut
707 2587 781 2654 illos,
797 2586 878 2643 fama
895 2597 1044 2661 comperta
1067 2587 1193 2651 habere,
1214 2597 1338 2654 exeque·
1363 2585 1379 2638 7

271 2691 381 2747 bantur
402 2691 506 2747 deinde
529 2702 699 2765 quaerentes,
722 2693 791 2766 quid
813 2693 855 2748 ita
876 2710 934 2747 non
956 2692 1053 2766 potius
1075 2693 1114 2751 A.
1130 2687 1258 2747 Manlius
1280 2688 1340 2743 Ro·

271 2815 352 2852 marn
373 2796 517 2862 venisset,
548 2808 579 2853 ut
599 2798 741 2854 rationem
763 2798 899 2854 redderet
922 2797 1030 2871 populo
1054 2799 1205 2862 Romano,
1231 2811 1283 2848 cur
1303 2809 1341 2847 ex

272 2899 375 2959 Gellia
397 2901 563 2975 provincia,
593 2921 680 2975 quam
703 2903 822 2958 sortitus
845 2913 930 2971 esset,
951 2901 980 2957 in
1002 2901 1144 2958 Histriam
1168 2896 1340 2955 transisset?

272 3005 393 3078 quando
422 3004 452 3060 id
474 3007 579 3063 bellum
602 3019 720 3064 senatus
742 3008 926 3077 decrevisset,
949 3006 1067 3080 quando
1086 3005 1216 3080 populus
1229 3005 1339 3061 Roma·
1362 3003 1379 3060 8

270 3129 328 3167 nus
348 3109 500 3167 iussisset?
542 3116 602 3181 At,
631 3111 761 3178 hercule,
795 3112 911 3186 privato
941 3112 1056 3185 quidem
1084 3111 1204 3167 consilio
1232 3107 1338 3164 bellum

271 3227 439 3289 susceptum
455 3234 528 3285 esse,
543 3216 593 3272 sed
608 3227 721 3291 gestum
741 3217 898 3291 prudenter
912 3214 1090 3289 fortiterque.
1123 3215 1228 3280 immo,
1244 3221 1338 3268 utrum
1362 3213 1379 3268 9

271 3331 439 3396 susceptum
459 3321 500 3377 'sit
521 3322 645 3395 nequius
666 3341 703 3378 an
725 3320 913 3377 inconsultius
935 3331 1062 3394 gestum,
1089 3319 1146 3375 dici
1167 3336 1225 3374 nen
1244 3335 1340 3392 posse

272 3426 422 3484 Stationes
444 3426 518 3482 duas
538 3425 745 3499 necopinantes
773 3428 811 3481 ab
833 3425 941 3482 Histris
964 3441 1133 3499 oppressas,
1161 3434 1258 3480 castre
1279 3423 1340 3479 Ro-

272 3549 363 3587 mana
384 3540 487 3605 capta3
518 3529 596 3602 quod
625 3530 770 3602 peditum,
799 3531 878 3604 quod
907 3529 1035 3602 equitnm
1061 3528 1091 3584 in
1120 3529 1222 3584 castris
1243 3526 1339 3593 fuerit,

272 3653 388 3703 coesum,
429 3645 541 3691 ceteros
578 3633 702 3689 inermes
739 3634 922 3708 effusasque,
955 3643 1022 3688 ante
1057 3649 1157 3688 omnes
1190 3631 1337 3689 consulem
1364 3632 1399 3686 10

271 3739 380 3814 ipsum,
402 3739 441 3794 ad
463 3757 545 3794 mare
566 3756 602 3794 ac
623 3756 713 3794 naves
733 3736 853 3812 fugisse.
903 3738 1055 3795 Privatum
1079 3735 1221 3794 rationem
1243 3735 1339 3792 reddi-

271 3852 371 3899 turum
393 3862 492 3898 earum
515 3861 612 3899 rerum
635 3860 708 3912 esse,
730 3844 868 3916 quoniam
891 3841 993 3898 consul
1010 3841 1159 3899 noluisset.

272 4109 316 4169 11,
336 4118 352 4159 8
372 4111 527 4172 alicuiquam
546 4109 682 4160 Heraldaa.
711 4111 773 4170 Vll,
792 4111 818 4171 2,
837 4117 853 4160 8
873 4111 972 4173 argenti
994 4111 1024 4161 T.
1046 4112 1187 4160 Gracchus.
1202 4109 1257 4173 My.
1287 4107 1338 4164 5‚³

273 4198 306 4246 de
324 4198 365 4245 hia
385 4196 487 4261 Kreyes.
529 4197 555 4255 8,
577 4193 781 4255 l'decreuisset,
811 4198 915 4258 quando
947 4197 973 4245 id
1003 4197 1099 4244 bellum
1122 4196 1234 4259 populus
1262 4191 1338 4244 Gran.

273 4282 335 4342 9,4
360 4281 443 4332 fuerit.
477 4291 582 4332 ceteros
603 4281 734 4332 moesus.
772 4283 814 4342 10,
836 4289 847 4330 l
869 4283 992 4344 fusosque
1012 4281 1162 4331 Perizonius.
