3475 5084
478 512 538 567 270
739 509 818 559 Liber
834 509 918 559 XLV.
969 510 1016 570 (A.
1037 524 1063 559 u.
1084 522 1105 559 c.
1127 510 1201 567 587.)

437 694 582 768 drageuos
613 692 718 767 quinos
746 692 896 763 denarios,
933 692 1041 768 duplex
1067 691 1242 763 centurioni,
1273 692 1381 770 triplex
1403 692 1485 766 equiti,

437 799 524 855 sociis
555 798 679 855 numinis
706 798 822 868 Latini,
848 808 989 873 quantum
1018 798 1144 867 civibus,
1177 808 1206 855 et
1233 796 1321 855 sociis
1353 796 1486 855 navalibus

398 898 417 956 Β
439 904 528 974 dedit,
549 916 690 981 qnantum
713 904 859 961 militibus.
903 903 1012 961 Laetior
1032 906 1108 961 hune
1130 903 1308 979 triumphum
1333 912 1378 959 est
1391 913 1487 959 secutus

439 1011 535 1080 miles,
563 1010 718 1085 multisque
744 1010 804 1066 dux
834 1008 896 1083 ipse
918 1009 1093 1066 carminibus
1114 1008 1288 1068 celebratus.
1336 1006 1488 1065 Sestertium

439 1116 586 1173 ducenties
613 1135 650 1173 ex
681 1133 719 1171 ea
746 1114 846 1188 prada
876 1114 1024 1171 redactum
1058 1131 1137 1183 esse,
1173 1124 1275 1170 auctor
1315 1122 1362 1170 est
1391 1112 1490 1179 Antias,

439 1230 545 1293 prater
565 1237 668 1277 aarum
690 1230 911 1294 argentumque,
932 1221 1012 1294 quod
1033 1219 1063 1277 iu
1084 1217 1217 1275 serarium
1239 1216 1278 1273 sit
1298 1217 1406 1286 latum3
1427 1216 1490 1291 quod

441 1324 510 1398 quia
537 1301 613 1382 unde
642 1325 735 1400 redigi
756 1326 898 1400 potnerit,
926 1344 985 1382 non
1007 1326 1183 1401 apparebat,
1211 1333 1362 1380 auctorem
1394 1340 1444 1395 pro
1468 1338 1492 1377 re

398 1428 416 1483 9
439 1429 533 1505 posui.
570 1431 635 1491 Rex
650 1429 774 1489 Gentius
796 1448 861 1487 eum
880 1430 977 1487 liberis
999 1441 1028 1487 et
1042 1430 1165 1503 coniuge
1186 1440 1216 1485 et
1237 1427 1330 1485 fratre
1346 1426 1493 1502 Spoletium

437 1535 468 1591 in
493 1534 655 1593 custodiam
678 1552 716 1591 ex
737 1545 855 1593 senatus
876 1535 1008 1592 consulto
1030 1536 1143 1607 duetus,
1167 1534 1255 1592 ceteri
1277 1532 1391 1609 captivi
1408 1534 1493 1589 Romu

439 1639 469 1697 in
501 1658 646 1697 carcerem
675 1640 814 1710 coniecti3
851 1641 1111 1715 recusantibusque
1144 1640 1307 1697 custodiam
1340 1636 1495 1713 spoletinis

381 1744 417 1799 10
439 1745 575 1820 Iguvium
597 1763 681 1820 reges
708 1746 842 1805 traducti.
886 1745 1017 1804 Relicum
1044 1764 1081 1803 ex
1110 1746 1227 1822 Illyrico
1258 1745 1368 1821 praedae
1395 1740 1496 1799 ducenti

438 1851 541 1927 viginti
572 1849 660 1907 lembi
691 1863 775 1908 erunt
806 1852 843 1908 de
875 1850 983 1910 Gentio
1022 1870 1091 1928 rege
1130 1853 1222 1927 capti;
1262 1868 1313 1907 eos
1348 1846 1497 1924 Corcyrais

439 1968 469 2013 et
482 1955 720 2031 Apolloniatibus
742 1967 772 2013 et
785 1956 977 2032 Dyrrachinis
992 1956 1029 2031 Q.
1047 1956 1167 2016 Cassius
1181 1974 1219 2014 ax
1233 1968 1354 2015 senatus
1378 1953 1497 2012 consulto
1541 2006 1542 2039 3

439 2062 548 2119 tabuit.
1541 2044 1542 2051 ‘

355 2156 415 2228 Μ’
523 2163 665 2224 Consules
687 2184 723 2222 eo
745 2181 838 2236 auno,
868 2184 941 2241 agro
964 2175 1074 2223 tantum
1100 2166 1240 2242 Ligurum
1262 2165 1426 2241 populato,
1445 2182 1498 2221 cum

318 2254 324 2259 ¹
439 2272 538 2329 hostes
564 2272 709 2329 exercitus
739 2259 898 2346 numquam
929 2271 1122 2353 eduxissent„
1149 2271 1228 2329 nulla
1260 2291 1293 2328 re
1323 2269 1499 2328 memorabili

439 2387 532 2451 gesta,
552 2377 677 2433 Romam
700 2378 739 2433 ad
760 2378 947 2452 magistratus
968 2378 1171 2452 subrogandos
1184 2376 1341 2447 redierunt,
1365 2388 1398 2435 et
1417 2376 1501 2453 primu
1542 2406 1543 2437 ;

440 2481 578 2539 mmmm
594 2481 641 2538 aa
656 2482 938 2565 connumerarunt
956 2482 997 2542 m.
1014 2482 1167 2539 causum
1183 2482 1368 2553 maranum,
1391 2481 1426 2541 c.
1443 2480 1501 2539 su·
1542 2458 1543 2461 ‘

399 2584 546 2661 2picium
580 2586 708 2644 Gallum.
765 2588 880 2645 Deinde
915 2598 1054 2662 pretores
1084 2598 1203 2663 postero
1238 2586 1285 2643 die
1320 2588 1356 2646 L.
1396 2587 1503 2653 Iulium,

440 2693 475 2749 1..
500 2690 655 2766 Apuleium
677 2681 883 2763 Saturninum,
910 2694 950 2755 A.
975 2692 1115 2750 Licinium
1140 2692 1286 2761 Nervam,
1307 2694 1345 2750 P.
1370 2674 1503 2751 Rutilium

440 2794 573 2865 Calvum,
595 2797 630 2853 P.
645 2796 831 2869 Quinctilium
849 2798 972 2868 Varum,
993 2798 1033 2856 M.
1050 2798 1214 2859 Fonteium.
1257 2798 1314 2855 His
1335 2799 1504 2873 praerombm
1543 2824 1544 2847 t

440 2900 504 2957 duas
525 2902 643 2959 urbanae
665 2904 821 2977 provinciae
841 2912 909 2961 tunt
930 2903 1061 2973 decretur,
1083 2902 1147 2959 dua
1168 2902 1329 2978 Hispanias,
1352 2902 1457 2962 Sicilia
1477 2918 1504 2958 at

399 3005 417 3061 3
441 3005 586 3065 Sardinia.
622 3008 829 3065 Intercalatum
852 3027 888 3065 eo
910 3026 1002 3077 annu;
1023 3009 1163 3083 postridie
1177 3008 1359 3066 Terminalis
1374 3008 1505 3065 Kolenda

440 3111 630 3170 intercalariae
651 3112 776 3172 fuerunt.
813 3117 920 3189 Atrgur
941 3132 976 3170 eo
999 3132 1076 3169 anuo
1092 3125 1222 3170 mortuus
1244 3124 1289 3170 est
1303 3111 1337 3171 C.
1353 3110 1505 3171 Claudius:

439 3217 470 3273 in
497 3218 558 3274 eius
590 3218 685 3275 locum
716 3236 842 3293 augures
879 3218 1010 3294 legerunt
1037 3219 1074 3277 T.
1105 3218 1272 3292 Quinctium
1298 3218 1504 3276 Flamininum.

399 3322 481 3379 tm
508 3323 613 3379 flamen
642 3322 800 3397 Quirinalis
829 3336 961 3381 mortuus
988 3322 1025 3396 Q.
1055 3323 1165 3381 Fabius
1195 3324 1304 3385 Pictor.
1353 3324 1404 3382 Eo
1437 3340 1505 3381 anno

441 3595 467 3656 7,
486 3594 592 3644 δ’ἰιιὶηἱ
611 3596 727 3657 quintum
763 3596 790 3652 8,
810 3604 825 3643 2
844 3596 925 3644 milex
944 3576 1185 3657 multoquellisce
1200 3609 1234 3643 ex
1270 3596 1452 3645 esurientius
1486 3596 1507 3646 9.

443 3687 454 3731 t
475 3682 610 3744 coniugem
630 3682 1050 3749 3recusantibusqui{spolsutinis
1072 3683 1245 3745 sigituruium
1269 3680 1396 3731 Turnebus
1436 3682 1505 3741 10,1

441 3783 474 3817 ex
491 3769 599 3831 inlyrico
617 3767 687 3817 Fert.
707 3770 808 3833 Reliqui
827 3784 860 3816 ex
878 3767 982 3831 Illyrica
1000 3770 1085 3832 praeda
1114 3775 1129 3818 2
1148 3770 1236 3832 gentio
1255 3768 1506 3832 receptos-corcyra

440 3852 562 3918 Malim.
583 3854 641 3904 626
672 3854 763 3920 (Gryu.
783 3863 868 3904 erant:
888 3856 920 3904 de
940 3857 970 3905 G.
995 3870 1055 3917 rege
1081 3865 1169 3919 captos
1192 3870 1237 3905 eos
1257 3854 1415 3919 Corcyraeis)
1455 3861 1506 3904 act

441 3941 651 4005 dyrracluhiaque
669 3943 766 3991 cassius
808 3942 906 4003 XLIV,
920 3941 944 4000 1,
963 3947 972 3989 l
994 3942 1106 4005 ligurum
1125 3950 1213 4005 optato
1249 3947 1264 3990 2
1287 3939 1357 3990 Creu.
1379 3955 1505 4005 nusquam

442 4028 668 4077 lmarcellumct
685 4028 820 4092 sulpicium
867 4028 894 4086 2,
915 4033 1028 4077 ruerus
1075 4029 1213 4077 scalmum
1231 4032 1236 4089 Ι
1252 4028 1401 4090 quintilium
1450 4028 1502 4087 3‚t

440 4112 585 4178 posttridie!
596 4115 741 4163 terminalia
758 4115 921 4164 intercalaria
939 4124 965 4163 et
983 4115 1086 4165 fuerunt
1098 4112 1166 4164 Creu.
1177 4114 1261 4179 (Kal.)
1273 4123 1296 4163 et
1314 4114 1401 4165 Weiss.
1418 4116 1504 4178 (iuter-

441 4201 555 4260 calaria3
575 4199 651 4267 Gryu.
665 4201 839 4265 intercalares)
876 4207 891 4250 ³
919 4202 1038 4264 legerunt
1059 4202 1159 4252 tullium
1184 4202 1312 4264 quintium
1331 4201 1503 4252 filamineuuru

442 4285 532 4351 (Gryu.
550 4286 717 4353 Flaminium)
755 4288 782 4349 4,
801 4294 811 4337 l
833 4304 867 4338 m.
887 4289 971 4337 fabius
991 4286 1075 4353 Sipus.
