3475 5084
529 523 609 574 Liber
625 523 722 573 xnlv.
760 524 808 585 (Δ.
827 520 889 573 cur.
912 522 984 585 168.)
1186 528 1240 583 191

229 709 335 779 intueri,
357 718 390 766 ut
409 708 506 780 facila,
527 709 577 784 qui
599 717 741 779 comeret,
769 711 867 779 sciret,
901 708 1097 783 ubi-primum
1119 708 1328 766 conserendis

229 832 339 871 manum
362 832 429 869 cum
449 814 536 870 hoste
554 814 624 871 data
648 812 764 871 occasio
777 822 863 882 esset,
883 823 935 871 aut
955 814 1077 871 victoria
1098 814 1216 888 egregia
1239 822 1289 869 aut

228 930 315 976 morte
335 918 521 975 memorabili
541 918 673 975 finituros
689 918 807 977 'bellum
850 920 977 977 Perseus
1000 936 1125 993 quoque,
1147 936 1212 975 cum
1235 918 1287 975 ad·
1314 922 1350 975 10

227 1034 308 1081 ventu
330 1024 458 1081 consulis
478 1024 565 1081 simul
586 1033 615 1080 ct
636 1022 712 1081 veris
744 1023 885 1098 principio
918 1032 1047 1097 strepere
1069 1023 1167 1079 omnia
1189 1042 1287 1081 move·

227 1130 302 1203 rique
324 1138 398 1203 aput
418 1130 534 1198 hostes,
555 1128 636 1187 velat
657 1148 744 1186 novo·
757 1128 850 1209 bello,
882 1138 1026 1199 comeret,
1059 1137 1140 1185 mota
1162 1146 1180 1184 a
1201 1127 1288 1185 Phila

228 1244 319 1291 castra
338 1236 372 1291 in
394 1234 518 1292 adversa
539 1234 604 1310 ripa
625 1234 737 1309 posita,
772 1252 848 1291 nnnc
879 1235 917 1291 ad
946 1233 1169 1307 contemplanda
1197 1252 1289 1309 opera

227 1358 274 1397 sua
295 1340 449 1399 circumire
472 1339 584 1410 ducem,
605 1340 684 1396 haud
706 1338 793 1397 dubie
813 1340 952 1397 transitus
975 1339 1174 1413 speculantem,

227 1766 406 1837 inpotcrtcta
426 1760 619 1817 Barcanorum
644 1777 723 1829 asse,
745 1777 810 1833 quaa
831 1776 879 1822 res
900 1759 1042 1817 Romanis
1065 1758 1146 1816 auxit
1167 1755 1289 1825 animos,
1332 1745 1373 1815 35

227 1868 435 1925 Macedonibus
455 1858 576 1940 regique
599 1883 700 1923 eorum
726 1867 798 1922 haut
824 1865 1000 1923 mediocrem
1022 1863 1117 1922 attulit
1139 1873 1288 1919 terrorem.

228 1974 261 2029 Ilt
270 1974 367 2049 primo
379 1970 559 2047 supprimere
570 1970 599 2026 in
612 1970 724 2028 occulto
735 1969 845 2027 famam
857 1969 919 2027 eius
930 1969 973 2026 rei
984 1978 1029 2025 ast
1041 1976 1172 2038 conatus,
1180 1966 1289 2036 missis,
1314 1971 1330 2023 2

228 2079 271 2152 qui
284 2077 492 2135 Pantauchum
510 2075 754 2133 indormientem
773 2075 1009 2150 adpropinquare
1029 2073 1131 2133 castris
1149 2080 1290 2131 vetarent.

229 2184 280 2241 Sed
312 2184 374 2239 iam
407 2189 436 2238 et
466 2179 549 2254 pueri
582 2179 699 2253 quidam
723 2182 777 2238 visi
805 2182 843 2238 ab
871 2180 929 2236 suis
953 2189 1049 2248 erant,
1079 2179 1153 2235 inter
1174 2177 1290 2235 obsides
1315 2180 1330 2232 3

228 2288 338 2363 Illyrios
362 2285 456 2354 ducti,
478 2293 521 2354 et,
544 2302 602 2358 quo
624 2304 746 2360 quaeque
768 2284 931 2343 accuratius
953 2284 1097 2352 celantur,
1120 2302 1154 2340 ao
1176 2281 1290 2339 facilius

229 2393 402 2467 loquacitate
422 2390 569 2464 regiorum
592 2388 787 2447 ministrorum
811 2399 956 2447 emanant.
994 2388 1055 2447 Sub
1077 2388 1153 2443 idem
1176 2396 1290 2462 tempus
1314 2395 1330 2443 4

229 2498 330 2555 Rhodii
358 2495 448 2572 legati
470 2495 502 2551 in
528 2502 625 2551 castra
650 2506 792 2551 venerunt
822 2514 888 2553 cum
917 2494 1018 2551 iisdem
1049 2496 1085 2549 de
1113 2511 1186 2567 pecc
1210 2511 1290 2549 mau-

229 2601 314 2674 dafis,
353 2622 419 2677 quae
439 2602 542 2658 Romae
568 2599 713 2673 ingentem
736 2600 809 2656 iram
838 2607 954 2675 patrum
977 2596 1148 2657 excitavere.
1196 2596 1289 2653 Multo

228 2705 415 2782 iniquioribus
447 2704 551 2761 animia
579 2724 598 2761 a
629 2705 769 2761 castrensi
796 2703 917 2762 consilio
948 2703 1038 2761 auditi
1060 2714 1136 2761 sunt.
1184 2703 1289 2776 ltaque
1313 2712 1329 2760 ι’)

228 2830 286 2869 cnm
312 2814 366 2869 alii
384 2813 402 2848 *⁵
420 2812 437 2846 *
471 2809 520 2867 alii
552 2810 714 2885 praecipitas
743 2811 805 2867 sine
833 2828 974 2886 responso
1012 2809 1141 2884 agendos
1176 2808 1287 2875 castris,
1372 2884 1376 2889 .

228 2917 435 2991 pronuntiavit,
467 2925 535 2991 poet
563 2914 639 2973 diam
670 2916 966 2991 quintumdecimum
989 2934 1020 2973 se
1042 2932 1211 2989 responsum
1236 2913 1287 2968 da·

227 3031 326 3085 turum.
373 3022 510 3092 Interim,
542 3030 575 3078 ut
603 3031 773 3097 appareret,
806 3031 947 3098 quantum
970 3020 1185 3096 pacificantium
1206 3018 1285 3076 Rbo-
1310 3020 1326 3072 6

226 3209 452 3219 -υ--ῠ--ι

226 3342 247 3402 9,
268 3352 277 3393 l
299 3349 342 3411 qui
361 3355 478 3397 cerneret
494 3348 539 3396 ubi
558 3346 613 3411 Mq.
629 3344 721 3412 (ὄψι,
740 3354 769 3395 ut
786 3347 863 3397 facile
882 3348 939 3411 qnia
958 3353 1080 3405 cerneret,
1100 3346 1155 3407 ubi)
1196 3349 1211 3391 2
1231 3342 1284 3390 uic-

226 3429 293 3510 tioria
311 3436 415 3496 egregio
458 3432 779 3484 smemorabilisinituroe
806 3433 918 3483 Muretus
941 3432 1030 3499 (Grpe.
1057 3408 1217 3481 memorabili
1235 3429 1283 3476 ini·

225 3536 299 3600 turos)
334 3539 378 3596 10,
398 3544 413 3587 3
432 3537 487 3601 pila
505 3536 574 3585 Fert.
593 3534 741 3585 scribendum
759 3552 775 3586 a
792 3538 868 3587 Phila
887 3546 970 3587 castra
988 3537 1058 3587 etin
1077 3537 1134 3585 adv.
1164 3532 1283 3583 sdubia

226 3653 229 3682 2
248 3626 367 3685 speculan
402 3624 500 3673 Desinit
517 3623 556 3673 liic
569 3623 621 3688 jbl.
640 3622 700 3672 131.
743 3622 869 3673 Irraercidit
879 3623 970 3689 folium
986 3632 1128 3687 postremam
1147 3619 1283 3684 quaternio·

225 3708 257 3755 ab
275 3709 370 3772 XXV,
389 3712 415 3760 iu
432 3728 480 3775 qao
499 3720 601 3760 cairam
618 3710 731 3773 scriptam
746 3720 813 3768 erat,
839 3710 944 3759 nannum
968 3708 997 3759 cla
1019 3709 1101 3761 Gentio
1120 3708 1181 3757 victo
1200 3714 1282 3769 capto·

224 3809 263 3855 que
279 3797 303 3845 ia
321 3807 404 3847 castra
420 3798 506 3847 Persai
522 3807 546 3846 et
560 3796 660 3848 AEmilii
674 3796 793 3860 perlatam
812 3814 868 3846 essa.
908 3796 964 3846 Ful.
983 3796 1037 3845 135
1055 3795 1138 3858 incipit
1155 3812 1172 3842 a
1189 3808 1282 3843 norum

225 3893 274 3930 esse
306 3884 422 3944 XXXV,
440 3884 465 3944 1,
485 3890 499 3932 2
519 3883 711 3944 antlcrroreut
748 3884 807 3941 2,1
829 3885 968 3948 inprimere
999 3882 1214 3947 2pantaucnm1
1235 3880 1280 3927 ad·

223 3971 415 4034 propinquarent
458 3971 484 4030 3,
506 3976 517 4019 1
538 3970 634 4019 obsidis
678 3976 692 4018 2
712 3986 813 4035 quaque
833 3968 836 4032 l
858 3978 962 4019 curatur
983 3950 1057 4019 Grbn.
1079 3968 1169 4033 (Grpe.
1189 3981 1281 4021 curan-

224 4055 273 4116 tur)
301 4054 520 4118 4,2rcdilisdcm
548 4058 695 4105 sexcimre
705 4056 774 4106 Fort.
785 4058 940 4107 excitarant.
968 4055 1088 4113 Meum
1103 4056 1137 4103 ali
1156 4055 1279 4118 pracipes

225 4137 342 4197 Mauram
364 4143 439 4208 Grpe.
458 4141 552 4193 stellula
570 4144 683 4206 apposita
701 4143 799 4192 notavit.
837 4144 861 4191 A
879 4143 959 4207 priore
978 4143 1022 4190 alii
1040 4140 1076 4191 ad
1093 4140 1192 4189 alterum
1211 4141 1279 4188 aber·

224 4234 293 4275 ratam
311 4239 357 4289 ert3
374 4231 462 4293 famia
480 4230 595 4277 orationis
610 4231 669 4293 fera
686 4227 822 4277 huiuamodi
836 4230 903 4293 fuit.-
927 4230 969 4277 alii
996 4230 1154 4278 severissime
1173 4241 1280 4291 respon-

225 4309 324 4363 dendam
343 4323 484 4373 censerent,
504 4315 548 4363 alii
568 4323 610 4363 cet.
633 4314 636 4373 l
658 4315 875 4376 agendosicastrie
