3475 5084
543 516 623 567 Liber
640 517 724 567 xnll.
748 519 796 579 (Δ.
810 516 872 567 chr.
889 518 961 581 til.)
1209 524 1246 577 75

230 702 383 772 militenus,
417 703 473 761 etsi
495 703 693 779 appellatione
713 713 843 763 vestrum
865 704 1012 779 usurpatis
1034 702 1097 772 ius,
1129 720 1194 761 curn
1217 702 1289 761 adu·

229 807 363 865 lescentes
383 807 456 865 nihil
476 808 617 866 adversus
647 810 868 885 magistratuum
890 818 1067 883 senatusque
1088 808 1290 866 anctoritatem

231 930 348 986 usquam
376 911 521 984 feceritis,
549 932 626 971 nunc
656 933 774 991 quoque
804 914 835 972 in
855 922 1001 989 potestate
1024 922 1142 971 senatus
1164 930 1199 970 ac
1220 930 1290 969 cou-

230 1016 316 1073 sulum
340 1034 413 1087 esse,
435 1027 465 1075 et
485 1018 585 1077 omnia
605 1020 806 1079 honestaloca
819 1020 933 1091 ducere,
956 1018 1132 1093 quibusnam
1145 1016 1291 1092 publicam

230 1119 371 1179 defensuri
385 1122 477 1179 sitis.“

307 1227 381 1284 Haec
403 1227 454 1285 ubi
475 1228 558 1297 dixit,
578 1228 785 1287 conlaudatum
806 1228 906 1287 multis
921 1226 1018 1285 verbis
1041 1225 1142 1284 consul
1163 1244 1201 1283 ex
1222 1244 1291 1285 cuu-
1334 1216 1391 1285 ὅδ’

230 1331 302 1389 tione
321 1331 354 1389 in
375 1341 508 1391 senatum
531 1332 624 1395 duxit.
663 1333 710 1391 lbi
732 1352 850 1409 quoque
871 1334 898 1390 ei
921 1352 958 1395 ex
978 1331 1152 1389 auctoritate
1174 1340 1292 1389 senatus
1315 1330 1332 1385 2

228 1435 325 1509 gretia
355 1445 439 1507 actm,
470 1438 635 1515 tribunique
669 1438 808 1497 militares
839 1437 870 1495 iu
904 1437 1018 1511 legione
1048 1436 1142 1511 prima
1168 1435 1292 1511 primum

231 1541 313 1615 pilum
335 1542 452 1599 virtutis
473 1561 564 1600 causa
593 1544 620 1601 ei
641 1545 839 1620 adsignarunt.
896 1540 992 1599 Ceteri
1020 1541 1218 1611 centuriones,
1248 1559 1293 1599 rc·

232 1647 314 1704 missa
336 1647 543 1722 appellatione,
563 1649 603 1705 od
624 1650 760 1707 dilectum
782 1647 950 1706 obedienter
970 1647 1191 1721 responderunt.
1227 1647 1293 1720 Quo
1316 1646 1333 1701 ll

232 1754 368 1810 maturius
404 1753 435 1808 in
470 1753 637 1827 provincias
669 1753 857 1827 magistratus
889 1752 1154 1827 proficiscerentur,
1181 1750 1294 1809 Latinas

230 1858 369 1916 Kalendis
389 1858 483 1917 Iuniis
497 1857 598 1928 luere,
629 1876 724 1932 eoque
743 1857 877 1915 sollemni
903 1854 1051 1931 perlecto,
1086 1854 1120 1916 C.
1143 1857 1295 1916 Lucretius

231 1973 341 2037 prater,
365 1964 509 2033 omuibus,
530 1964 644 2038 quaead
659 1962 781 2021 classem
803 1981 877 2038 opus
898 1970 990 2032 erant,
1012 1961 1177 2037 praemissis,
1199 1961 1294 2019 Bruu-

232 2046 329 2126 disium
353 2078 399 2126 est
425 2066 582 2142 profectus.
639 2070 751 2126 Praeter
782 2085 833 2125 eos
864 2067 1023 2135 exercitus,
1056 2085 1130 2141 quos
1163 2066 1334 2125 consulesl

232 2174 447 2248 conpetebant,
470 2170 503 2230 C.
525 2172 655 2248 Sulpicio
677 2172 782 2231 Galba
804 2172 921 2248 praetori
942 2172 1089 2245 negotium
1114 2173 1231 2241 datum,
1264 2181 1296 2229 ut

232 2288 367 2349 quattuor
400 2278 529 2351 legiones
558 2278 698 2336 scriberet
729 2279 874 2346 urbanas,
910 2277 986 2334 iusto
1014 2295 1135 2334 numero
1167 2276 1295 2351 peditum

232 2383 427 2457 equitumque,
447 2382 541 2456 iisque
562 2392 701 2456 quattuor
722 2383 853 2440 tribunos
866 2382 988 2439 militum
1003 2400 1040 2439 cx
1055 2391 1156 2437 senatu
1179 2380 1295 2456 legeret,

233 2486 278 2560 qui
297 2496 474 2561 praeesseut;
501 2488 588 2545 sociis
610 2489 709 2546 Latini
730 2487 854 2545 nominis
876 2487 1033 2561 imperaret
1053 2486 1116 2543 XV
1140 2485 1220 2543 milia
1246 2504 1296 2559 pe·
1320 2489 1336 2543 5

232 2590 333 2662 ditum,
371 2591 450 2649 mille
480 2603 509 2649 et
535 2592 676 2651 ducentos
704 2594 826 2667 equites.
884 2592 915 2649 Is
943 2591 1086 2649 exercitus
1112 2589 1155 2646 uti
1176 2598 1296 2665 paratus

233 2705 311 2766 esset,
333 2714 394 2770 quo
420 2706 538 2755 senatus
560 2698 727 2757 censuisset.
786 2699 822 2755 P.
843 2696 956 2755 Licinio
978 2696 1090 2754 consuli
1121 2695 1159 2751 ad
1186 2694 1295 2751 exerci-
1319 2698 1337 2753 6

233 2809 289 2858 tum
309 2802 426 2860 civilem
448 2801 643 2877 socialemque
664 2803 773 2878 petenti
800 2802 901 2859 addita
935 2802 1045 2859 auxilia
1067 2802 1206 2876 Ligurum
1239 2800 1297 2857 duo

235 2906 316 2977 milia,
340 2905 494 2964 Cretenses
516 2908 675 2982 sagittarii,
711 2908 837 2965 incertus
857 2925 1011 2977 uumerus,
1041 2917 1180 2981 quantum
1202 2904 1298 2980 rogati

234 3012 340 3069 auxilia
355 3009 509 3069 Cretenses
530 3012 684 3082 misissent,
705 3012 842 3069 Numidae
858 3012 926 3070 item
949 3012 1060 3086 equites
1084 3009 1296 3085 elephantique.

235 3115 267 3172 In
285 3136 351 3175 earn
373 3136 433 3173 rem
456 3117 545 3193 legati
566 3118 605 3175 ad
625 3118 813 3176 Masinissam
834 3116 1148 3193 Carthaginiensesque
1170 3114 1251 3171 missi
1263 3114 1297 3169 L.
1323 3121 1337 3173 7

235 3221 401 3281 Postumius
412 3223 546 3292 Albinus,
569 3224 606 3297 Q.
621 3224 775 3281 Terentius
786 3222 898 3294 Culleo,
921 3222 955 3281 C.
963 3222 1103 3280 Aburius.
1134 3222 1169 3277 ln
1181 3216 1298 3275 Cretam

236 3478 275 3540 15,
285 3488 299 3530 2
319 3481 519 3546 appellationem
533 3494 582 3529 uos
599 3479 728 3543 usurpatis
739 3478 794 3543 My.
805 3478 861 3527 Em.
873 3476 936 3529 529.
950 3477 1025 3544 Gryu.
1037 3476 1216 3541 appellationis
1226 3475 1300 3525 vobis

239 3586 363 3649 usurpatis
392 3585 593 3646 smsgistrutum
619 3583 803 3645 tectisquam
821 3568 950 3632 leceritdis
976 3596 1044 3631 nunc
1063 3595 1165 3644 qnoque
1182 3581 1209 3628 in
1227 3586 1299 3643 pote·

238 3678 298 3720 state
316 3686 348 3721 ac
366 3681 520 3733 senatusque
539 3674 717 3719 auctoritatem
735 3684 817 3733 usque
834 3669 948 3719 feceritis
967 3684 1034 3719 nunc
1060 3682 1162 3731 quoque
1180 3667 1208 3714 in
1228 3672 1301 3729 pote·

238 3765 299 3807 nau
316 3774 347 3809 ac
367 3757 617 3808 senatusconsultum
635 3770 691 3806 esse
709 3764 736 3805 et
753 3758 840 3806 omnia
881 3756 995 3816 XXXV,
1022 3755 1047 3814 1,
1070 3761 1080 3804 l
1102 3755 1146 3803 ubi
1168 3754 1222 3804 sitis
1240 3767 1301 3801 con·

239 3860 367 3912 laudatum
383 3864 388 3925 Ι
403 3862 488 3910 uerbis
505 3876 531 3925 p.
545 3842 646 3911 couisnl
664 3859 776 3925 (Kreyss.
796 3860 826 3909 Ρ.
846 3861 961 3910 Licinius
979 3858 1080 3920 consul)
1125 3857 1150 3916 2,
1170 3863 1185 3905 t
1205 3856 1303 3919 gracia

241 3954 300 3997 ectu
335 3955 351 3997 8
367 3949 534 4011 adsignarent
548 3948 554 4009 Ι
568 3946 702 4011 premissa
719 3945 820 4011 Kreysa.
842 3945 932 4010 (Gryn.
955 3945 1063 4008 omissa)
1100 3950 1116 3993 t
1135 3943 1302 3993 oboedienter

239 4032 397 4099 &tnagis
417 4034 640 4098 proficiscerentur
677 4034 791 4082 tinnire
837 4032 864 4092 4,
886 4039 897 4081 l
918 4039 1011 4097 prator
1031 4046 1075 4101 eos
1126 4029 1302 4079 ascriberent

242 4134 348 4171 uruanas
391 4123 500 4185 lisque
541 4119 566 4180 5,
594 4126 605 4169 l
633 4119 699 4170 socii
720 4120 725 4181 Ι
744 4120 898 4184 imperarent
922 4134 957 4167 xu
980 4117 1097 4181 peditum
1143 4121 1158 4165 2
1183 4116 1205 4164 is
1229 4128 1303 4163 exer-

242 4207 302 4258 citus
319 4211 342 4259 is
359 4209 398 4256 uti
432 4208 458 4267 6,
477 4214 492 4257 t
511 4207 712 4270 societatemque
756 4206 907 4269 tsagittari
944 4204 1085 4253 tnumida
1124 4200 1149 4263 l,
1168 4207 1182 4249 t
1203 4200 1230 4248 in
1249 4213 1304 4247 crs·

244 4295 394 4345 tamitterent
411 4294 511 4357 legatos
