3475 5084
479 484 535 541 tet
736 482 815 531 Liber
833 481 931 531 XMV.
971 481 1017 543 (s.
1037 494 1062 530 a.
1082 496 1104 529 c.
1126 484 1198 540 sss.)

435 665 510 735 rias,
543 664 635 734 datia,
665 666 715 740 qui
748 672 1007 741 prosequerentur,
1040 664 1072 721 X
1093 663 1211 733 lembis,
1244 664 1273 721 in
1297 664 1496 723 Macedoniam

396 774 413 827 6
436 768 536 839 mittit,
564 768 607 826 ita
634 780 666 827 nt
693 771 723 828 in
752 780 845 829 tutum
876 768 1023 845 prosecuti
1051 768 1179 825 redirent
1206 769 1370 826 Tenedum.
1413 770 1497 827 Nono

435 884 502 951 pest
524 874 571 931 die
592 874 631 931 ed
651 874 784 945 classem,
804 875 863 932 iem
886 874 924 931 ed
946 872 1065 949 Sigeum
1088 882 1222 941 stantem,
1243 873 1399 935 redierunt.
1429 873 1498 931 Inde

397 983 412 1035 r
437 979 551 1039 steort
578 979 684 1051 (insuit
707 989 751 1037 est
773 979 924 1037 mamea
945 979 1033 1037 siaa
1055 986 1084 1035 e
1105 976 1191 1051 chio)
1212 962 1366 1036 'traiciunt
1411 980 1498 1035 rore

435 1093 553 1160 postero
583 1084 647 1156 die,
679 1104 767 1160 qnam
798 1084 912 1144 Subota
936 1083 1038 1141 classis
1064 1085 1170 1155 tenuit,
1200 1086 1330 1160 quinque
1356 1092 1384 1141 et
1405 1084 1498 1143 XXX

436 1206 536 1258 neves,
559 1207 632 1263 quas
653 1190 838 1265 hippagogos
859 1197 975 1259 vocant,
997 1189 1035 1246 ah
1049 1188 1132 1247 Eloea
1150 1189 1290 1265 profeotae
1311 1208 1378 1246 cum
1399 1190 1499 1263 equiti·

436 1294 491 1351 bns
513 1292 608 1353 Gallis
629 1295 778 1369 equisque,
798 1295 920 1353 Phanas
941 1293 1171 1367 promuntorium
1194 1292 1336 1371 Chiorum
1357 1294 1499 1369 petebant,

438 1399 513 1455 unde
534 1400 729 1457 transmittere
749 1399 779 1456 in
800 1398 1004 1457 Macedoniam
1026 1407 1154 1473 possent.
1188 1398 1293 1456 Attalo
1316 1400 1354 1456 ab
1373 1400 1500 1456 Eumene

398 1499 416 1555 8
438 1503 634 1562 mittebantur.
676 1505 741 1561 Has
762 1523 854 1562 neves
875 1522 928 1579 per
948 1503 1039 1561 altum
1062 1502 1132 1560 ferti
1155 1520 1220 1561 cum
1245 1522 1283 1561 ex
1297 1480 1425 1580 'specula
1446 1505 1499 1579 sig·

435 1627 506 1666 num
528 1609 627 1666 datum
649 1610 795 1667 Antenori
823 1617 914 1678 esset,
946 1607 1094 1683 profectus
1116 1608 1153 1665 ab
1176 1608 1311 1679 Subotis,
1333 1611 1407 1667 inter
1429 1612 1499 1687 Ery·

437 1714 568 1771 threrum
589 1714 820 1786 promuntorium
842 1712 1021 1788 Chiumque,
1043 1731 1102 1788 qna
1123 1713 1300 1771 artissimum
1322 1715 1429 1773 fretum
1451 1726 1499 1785 est,

398 1816 415 1869 9
438 1818 474 1875 iis
500 1818 634 1878 occurrit.
691 1817 774 1876 Nihil
801 1818 895 1875 minus
922 1819 1039 1875 credere
1067 1817 1197 1893 praefecti
1224 1819 1381 1891 Eumenis,
1414 1838 1498 1894 qnam

436 1922 632 2001 Macedonum
652 1924 775 1981 classem
795 1923 825 1981 in
847 1923 898 1981 illo
916 1923 1021 1999 vagari
1044 1922 1132 1992 mari;
1153 1942 1239 1993 nuno,
1256 1926 1407 1983 Romanos
1431 1943 1499 1995 esse,

437 2046 522 2099 nune,
538 2030 672 2086 Attalum
691 2038 742 2087 aut
752 2028 889 2086 remissos
903 2028 1016 2103 aliquos
1029 2029 1067 2086 ah
1079 2028 1182 2086 Attalo
1195 2047 1232 2085 ex
1244 2029 1349 2086 eastris
1361 2030 1499 2087 Romanis

315 2204 319 2209 ,
380 2132 415 2185 10
437 2135 614 2209 Pergamum
643 2144 750 2211 petere.
804 2133 864 2193 Sed
894 2152 959 2191 cum
987 2134 1047 2191 iem
1079 2132 1375 2209 adpropinquantium
1406 2132 1499 2190 forma

438 2238 599 2296 lemborum
622 2240 701 2298 haud
722 2238 811 2298 dubia
831 2249 917 2310 esset,
940 2247 969 2296 et
986 2239 1141 2297 concitatio
1155 2257 1303 2297 remorum
1325 2238 1499 2313 derectaeque

380 2344 411 2397 ll
438 2344 468 2402 in
494 2362 526 2402 se
549 2364 661 2419 prorae,
689 2346 789 2403 hostes
817 2344 1062 2419 adpropinquare,
1091 2344 1286 2418 aperuissent,
1308 2352 1378 2401 tunc
1397 2344 1499 2401 iniecta

438 2449 593 2523 trepidatio
616 2459 669 2510 est.
716 2449 791 2507 Cum
819 2450 972 2508 resistendi
1000 2466 1066 2523 spes
1096 2449 1176 2505 nulla
1203 2458 1295 2527 esset,
1326 2450 1499 2523 inhabilique

381 2549 416 2605 12
438 2552 556 2611 navium
577 2573 685 2629 genere
708 2567 737 2613 et
758 2555 855 2615 Gallis
876 2555 927 2611 vix
951 2554 1077 2628 quietem
1100 2552 1258 2611 ferentibus
1276 2555 1308 2611 in
1329 2556 1412 2624 mari,
1436 2570 1499 2630 pars

439 2678 554 2728 eorum,
587 2660 637 2733 qni
664 2661 817 2735 propiores
846 2660 1004 2718 continenti
1032 2658 1110 2717 litori
1141 2668 1238 2728 erent,
1269 2660 1300 2715 in
1322 2660 1498 2735 Erythraeam

440 2771 572 2833 enatant,
594 2783 672 2838 pars,
695 2765 767 2821 velis
789 2765 875 2836 datis,
897 2768 936 2825 ad
958 2764 1062 2823 Chium
1084 2784 1175 2821 naves
1197 2765 1317 2833 eiecere,
1341 2764 1499 2837 relictisque

382 2867 416 2921 13
439 2867 531 2941 equis,
555 2867 648 2927 effusa
668 2870 740 2945 fuga
762 2871 869 2948 urbem?
889 2871 1036 2944 petebant.
1070 2869 1129 2928 Sed
1151 2870 1272 2946 propius
1295 2870 1395 2925 urbem
1416 2867 1499 2925 lembi

439 2989 616 3048 accessuque
636 2974 834 3032 commodiore
858 2992 924 3033 curn
947 2975 1149 3049 exposuissent
1170 2984 1316 3045 armatos,
1349 2973 1452 3047 partim
1472 2971 1499 3027 in

439 3077 489 3135 via
509 3077 652 3153 fugientes
674 3078 779 3135 Gallos
801 3079 899 3153 adepti
916 3080 1093 3137 Macedones
1114 3080 1287 3149 ceciderunt,
1310 3078 1415 3154 partim
1437 3085 1498 3134 ante

440 3193 555 3260 portam
584 3185 726 3244 exclusos.
779 3182 953 3242 Clauserunt
983 3184 1058 3252 enim
1081 3183 1146 3243 Chii
1167 3195 1284 3260 portas,
1316 3183 1424 3259 ignari,
1454 3180 1499 3255 qni

383 3289 417 3342 14
440 3287 574 3364 fugerent
594 3298 645 3348 aut
665 3298 862 3364 sequerentur.
916 3286 1023 3346 DCCC
1045 3288 1136 3347 ferme
1158 3288 1312 3348 Gallorum
1336 3289 1431 3359 coemi,
1453 3284 1499 3344 CC

440 3498 672 3508 Q

441 3638 460 3708 4Ι
465 3634 559 3681 mittite
565 3640 594 3681 ut
602 3630 605 3695 Ι
614 3634 641 3681 in
647 3641 729 3683 totum
744 3634 899 3684 Vescoaanua
934 3636 958 3693 6,
968 3642 978 3684 l
988 3651 1039 3685 non
1050 3642 1110 3700 post
1119 3638 1187 3685 diem
1209 3642 1223 3684 2
1236 3638 1269 3685 ad
1281 3638 1388 3699 sigrium
1410 3642 1501 3685 trunt-

440 3727 510 3767 mota
521 3719 606 3767 insula
621 3720 625 3780 Ι
641 3722 763 3771 eleaeetho
773 3723 832 3785 (nos
842 3720 909 3787 thio)
920 3721 975 3787 My.
987 3722 1043 3773 an
1054 3723 1106 3773 581
1116 3722 1205 3789 (Grpe.
1218 3724 1288 3773 Eleae
1298 3734 1324 3773 et
1333 3723 1420 3787 Atho)
1453 3720 1501 3779 Μ

440 3829 570 3872 summota
617 3824 819 3888 thippegogus
834 3825 840 3888 Ι
856 3825 889 3873 ab
914 3825 953 3873 ele
1003 3809 1347 3889 4promnnturidlchiorrum
1394 3824 1421 3885 8,
1441 3830 1453 3873 l
1473 3836 1503 3871 ex

441 3910 587 3972 spectacula
623 3918 712 3961 lesse
728 3912 733 3973 Ι
749 3926 780 3960 ae
798 3909 916 3974 rubetis!
933 3913 1088 3975 etrytharum
1107 3916 1311 3976 promunturium
1353 3914 1410 3962 lis
1445 3911 1502 3969 9‚2

441 3998 598 4047 macedonas
634 4003 650 4046 3
669 4013 700 4047 ac
720 3999 838 4048 remissos
875 3998 946 4057 10,a
963 4014 1042 4063 prope
1061 4000 1142 4050 hostis
1158 4000 1162 4062 Ι
1178 4001 1360 4064 apparuissent
1376 3998 1503 4049 Tantalus.

442 4080 535 4147 (Grpe.
556 4083 728 4147 apparuisset)
765 4083 808 4143 li,
820 4090 835 4132 2
854 4083 907 4149 (De
917 4085 1100 4149 interpunctione
1110 4086 1166 4137 Eos.
1176 4086 1251 4149 tet.)
1283 4087 1326 4145 12,
1338 4094 1352 4135 2
1362 4086 1506 4150 propriores

443 4166 488 4230 lin
507 4179 619 4233 eryteem
669 4170 861 4234 srquuisqne
915 4172 962 4233 13,
988 4179 1003 4222 4
1029 4174 1087 4223 ehio
1104 4173 1284 4240 partalsignari
1304 4174 1360 4238 Mq.
1380 4172 1438 4221 Era.
1456 4168 1506 4221 581

441 4254 532 4322 (Grya.
552 4254 610 4306 chii
627 4255 740 4321 portam)
776 4256 819 4318 14,
841 4264 852 4306 l
874 4273 954 4308 eccos
1387 4246 1394 4265 ’
