<?xml version="1.0" encoding="UTF-8"?>
<!DOCTYPE html PUBLIC "-//W3C//DTD XHTML 1.0 Transitional//EN"
    "http://www.w3.org/TR/xhtml1/DTD/xhtml1-transitional.dtd">
<html xmlns="http://www.w3.org/1999/xhtml" xml:lang="en" lang="en">
 <head>
  <title>
</title>
<meta http-equiv="Content-Type" content="text/html;charset=utf-8" />
  <meta name='ocr-system' content='tesseract 3.04.00' />
  <meta name='ocr-capabilities' content='ocr_page ocr_carea ocr_par ocr_line ocrx_word'/>
</head>
<body>
  <div class='ocr_page' id='page_1' title='image "./titiliviihistor02ussigoog_0104.png"; bbox 0 0 3475 5084; ppageno 0'>
   <div class='ocr_carea' id='block_1_1' title="bbox 430 502 1178 570">
    <p class='ocr_par' dir='ltr' id='par_1_1' title="bbox 430 502 1178 570">
     <span class='ocr_line' id='line_1_1' title="bbox 430 502 1178 570; baseline 0.005 -19"><span class='ocrx_word' id='word_1_1' title='bbox 430 512 466 565; x_wconf 70' lang='grc'><strong>74</strong></span> <span class='ocrx_word' id='word_1_2' title='bbox 729 504 809 554; x_wconf 81' lang='lat' dir='ltr'><strong>Liber</strong></span> <span class='ocrx_word' id='word_1_3' title='bbox 826 502 918 553; x_wconf 70' lang='lat' dir='ltr'><strong>xu115</strong></span> <span class='ocrx_word' id='word_1_4' title='bbox 950 506 997 569; x_wconf 80' lang='lat' dir='ltr'><strong>(A.</strong></span> <span class='ocrx_word' id='word_1_5' title='bbox 1016 520 1041 553; x_wconf 86' lang='lat' dir='ltr'><strong>n.</strong></span> <span class='ocrx_word' id='word_1_6' title='bbox 1062 520 1083 553; x_wconf 87' lang='lat' dir='ltr'><strong>c.</strong></span> <span class='ocrx_word' id='word_1_7' title='bbox 1104 504 1178 570; x_wconf 77' lang='lat' dir='ltr'><strong>too.)</strong></span> 
     </span>
    </p>
   </div>
   <div class='ocr_carea' id='block_1_2' title="bbox 367 689 1569 3496">
    <p class='ocr_par' dir='ltr' id='par_1_2' title="bbox 387 689 1495 1083">
     <span class='ocr_line' id='line_1_2' title="bbox 387 689 1494 765; baseline 0.001 -19"><span class='ocrx_word' id='word_1_8' title='bbox 387 694 403 746; x_wconf 81' lang='lat' dir='ltr'><strong>t</strong></span> <span class='ocrx_word' id='word_1_9' title='bbox 428 689 603 765; x_wconf 71' lang='lat' dir='ltr'>Hispaniam</span> <span class='ocrx_word' id='word_1_10' title='bbox 624 708 688 749; x_wconf 83' lang='lat' dir='ltr'><strong>oum</strong></span> <span class='ocrx_word' id='word_1_11' title='bbox 709 690 868 765; x_wconf 77' lang='lat' dir='ltr'><strong>profectus.</strong></span> <span class='ocrx_word' id='word_1_12' title='bbox 929 691 1083 751; x_wconf 78' lang='lat' dir='ltr'><strong>Neminem</strong></span> <span class='ocrx_word' id='word_1_13' title='bbox 1113 692 1241 751; x_wconf 85' lang='lat' dir='ltr'><strong>omnium</strong></span> <span class='ocrx_word' id='word_1_14' title='bbox 1275 691 1494 765; x_wconf 86' lang='lat' dir='ltr'><strong>imperatorum,</strong></span> 
     </span>
     <span class='ocr_line' id='line_1_3' title="bbox 428 794 1495 873; baseline 0.002 -22"><span class='ocrx_word' id='word_1_15' title='bbox 428 794 480 868; x_wconf 92' lang='lat' dir='ltr'><strong>qui</strong></span> <span class='ocrx_word' id='word_1_16' title='bbox 498 794 610 866; x_wconf 84' lang='lat' dir='ltr'><strong>vivant,</strong></span> <span class='ocrx_word' id='word_1_17' title='bbox 639 796 780 853; x_wconf 83' lang='lat' dir='ltr'><strong>aeriorem</strong></span> <span class='ocrx_word' id='word_1_18' title='bbox 813 796 928 854; x_wconf 82' lang='lat' dir='ltr'><strong>virtutis</strong></span> <span class='ocrx_word' id='word_1_19' title='bbox 960 806 1153 873; x_wconf 75' lang='lat' dir='ltr'>spectatorem</span> <span class='ocrx_word' id='word_1_20' title='bbox 1188 816 1223 855; x_wconf 89' lang='lat' dir='ltr'><strong>eo</strong></span> <span class='ocrx_word' id='word_1_21' title='bbox 1250 796 1375 857; x_wconf 87' lang='lat' dir='ltr'><strong>iudicem</strong></span> <span class='ocrx_word' id='word_1_22' title='bbox 1405 794 1495 853; x_wconf 81' lang='lat' dir='ltr'><strong>fuioee</strong></span> 
     </span>
     <span class='ocr_line' id='line_1_4' title="bbox 427 899 1494 979; baseline 0.001 -23"><span class='ocrx_word' id='word_1_23' title='bbox 427 899 539 969; x_wconf 71' lang='lat' dir='ltr'><strong>edunt,</strong></span> <span class='ocrx_word' id='word_1_24' title='bbox 562 901 611 974; x_wconf 91' lang='lat' dir='ltr'><strong>qui</strong></span> <span class='ocrx_word' id='word_1_25' title='bbox 634 908 663 957; x_wconf 91' lang='lat' dir='ltr'><strong>et</strong></span> <span class='ocrx_word' id='word_1_26' title='bbox 683 900 764 957; x_wconf 88' lang='lat' dir='ltr'><strong>ilium</strong></span> <span class='ocrx_word' id='word_1_27' title='bbox 786 910 816 957; x_wconf 87' lang='lat' dir='ltr'><strong>et</strong></span> <span class='ocrx_word' id='word_1_28' title='bbox 836 899 911 959; x_wconf 82' lang='lat' dir='ltr'><strong>alica</strong></span> <span class='ocrx_word' id='word_1_29' title='bbox 933 902 1020 961; x_wconf 78' lang='lat' dir='ltr'><strong>duces</strong></span> <span class='ocrx_word' id='word_1_30' title='bbox 1042 904 1130 979; x_wconf 78' lang='lat' dir='ltr'><strong>longe</strong></span> <span class='ocrx_word' id='word_1_31' title='bbox 1152 902 1254 961; x_wconf 86' lang='lat' dir='ltr'><strong>militia</strong></span> <span class='ocrx_word' id='word_1_32' title='bbox 1284 901 1398 977; x_wconf 87' lang='lat' dir='ltr'><strong>experti</strong></span> <span class='ocrx_word' id='word_1_33' title='bbox 1419 910 1494 958; x_wconf 81' lang='lat' dir='ltr'><strong>aunt.</strong></span> 
     </span>
     <span class='ocr_line' id='line_1_5' title="bbox 427 1004 1493 1083; baseline -0.002 -18"><span class='ocrx_word' id='word_1_34' title='bbox 427 1005 485 1065; x_wconf 90' lang='lat' dir='ltr'><strong>Hie</strong></span> <span class='ocrx_word' id='word_1_35' title='bbox 517 1025 564 1063; x_wconf 86' lang='lat' dir='ltr'><strong>me</strong></span> <span class='ocrx_word' id='word_1_36' title='bbox 593 1004 753 1081; x_wconf 88' lang='lat' dir='ltr'><strong>imperator</strong></span> <span class='ocrx_word' id='word_1_37' title='bbox 780 1006 899 1081; x_wconf 86' lang='lat' dir='ltr'><strong>dignum</strong></span> <span class='ocrx_word' id='word_1_38' title='bbox 926 1007 1081 1077; x_wconf 80' lang='lat' dir='ltr'><strong>iudicavit,</strong></span> <span class='ocrx_word' id='word_1_39' title='bbox 1113 1007 1161 1065; x_wconf 92' lang='lat' dir='ltr'><strong>cui</strong></span> <span class='ocrx_word' id='word_1_40' title='bbox 1189 1008 1313 1083; x_wconf 86' lang='lat' dir='ltr'><strong>primum</strong></span> <span class='ocrx_word' id='word_1_41' title='bbox 1346 1008 1493 1064; x_wconf 79' lang='lat' dir='ltr'><strong>hastatum</strong></span> 
     </span>
    </p>

    <p class='ocr_par' dir='ltr' id='par_1_3' title="bbox 386 1109 1494 1397">
     <span class='ocr_line' id='line_1_6' title="bbox 386 1109 1493 1186; baseline -0.002 -17"><span class='ocrx_word' id='word_1_42' title='bbox 386 1109 532 1185; x_wconf 82' lang='lat' dir='ltr'><strong>8priorie</strong></span> <span class='ocrx_word' id='word_1_43' title='bbox 550 1110 688 1169; x_wconf 75' lang='lat' dir='ltr'><strong>centuria</strong></span> <span class='ocrx_word' id='word_1_44' title='bbox 711 1111 904 1186; x_wconf 73' lang='lat' dir='ltr'><strong>adsignaret·</strong></span> <span class='ocrx_word' id='word_1_45' title='bbox 946 1113 1048 1171; x_wconf 83' lang='lat' dir='ltr'><strong>Tertio</strong></span> <span class='ocrx_word' id='word_1_46' title='bbox 1081 1113 1185 1171; x_wconf 88' lang='lat' dir='ltr'><strong>iterum</strong></span> <span class='ocrx_word' id='word_1_47' title='bbox 1206 1111 1390 1169; x_wconf 79' lang='lat' dir='ltr'><strong>voluntarius</strong></span> <span class='ocrx_word' id='word_1_48' title='bbox 1413 1111 1493 1168; x_wconf 82' lang='lat' dir='ltr'><strong>mileo</strong></span> 
     </span>
     <span class='ocr_line' id='line_1_7' title="bbox 426 1214 1494 1292; baseline 0.003 -20"><span class='ocrx_word' id='word_1_49' title='bbox 426 1214 522 1275; x_wconf 74' lang='lat' dir='ltr'><strong>iaetus</strong></span> <span class='ocrx_word' id='word_1_50' title='bbox 541 1233 606 1273; x_wconf 83' lang='lat' dir='ltr'><strong>oum</strong></span> <span class='ocrx_word' id='word_1_51' title='bbox 628 1215 658 1272; x_wconf 91' lang='lat' dir='ltr'><strong>iu</strong></span> <span class='ocrx_word' id='word_1_52' title='bbox 679 1234 744 1275; x_wconf 90' lang='lat' dir='ltr'><strong>eum</strong></span> <span class='ocrx_word' id='word_1_53' title='bbox 767 1216 936 1288; x_wconf 87' lang='lat' dir='ltr'><strong>exercitum,</strong></span> <span class='ocrx_word' id='word_1_54' title='bbox 960 1218 1010 1292; x_wconf 92' lang='lat' dir='ltr'><strong>qui</strong></span> <span class='ocrx_word' id='word_1_55' title='bbox 1032 1218 1172 1277; x_wconf 79' lang='lat' dir='ltr'><strong>adversus</strong></span> <span class='ocrx_word' id='word_1_56' title='bbox 1193 1217 1313 1277; x_wconf 82' lang='lat' dir='ltr'><strong>AEtoioo</strong></span> <span class='ocrx_word' id='word_1_57' title='bbox 1335 1226 1365 1275; x_wconf 88' lang='lat' dir='ltr'><strong>et</strong></span> <span class='ocrx_word' id='word_1_58' title='bbox 1385 1217 1494 1275; x_wconf 84' lang='lat' dir='ltr'><strong>Antio·</strong></span> 
     </span>
     <span class='ocr_line' id='line_1_8' title="bbox 427 1320 1494 1397; baseline 0.001 -19"><span class='ocrx_word' id='word_1_59' title='bbox 427 1321 514 1379; x_wconf 90' lang='lat' dir='ltr'><strong>chum</strong></span> <span class='ocrx_word' id='word_1_60' title='bbox 535 1339 634 1397; x_wconf 80' lang='lat' dir='ltr'><strong>regem</strong></span> <span class='ocrx_word' id='word_1_61' title='bbox 657 1328 702 1378; x_wconf 84' lang='lat' dir='ltr'><strong>eet</strong></span> <span class='ocrx_word' id='word_1_62' title='bbox 722 1321 836 1379; x_wconf 78' lang='lat' dir='ltr'><strong>misene.</strong></span> <span class='ocrx_word' id='word_1_63' title='bbox 885 1322 915 1379; x_wconf 83' lang='lat' dir='ltr'><strong>A</strong></span> <span class='ocrx_word' id='word_1_64' title='bbox 929 1321 981 1381; x_wconf 87' lang='lat' dir='ltr'><strong>M’.</strong></span> <span class='ocrx_word' id='word_1_65' title='bbox 1003 1321 1101 1380; x_wconf 77' lang='lat' dir='ltr'><strong>Acilio</strong></span> <span class='ocrx_word' id='word_1_66' title='bbox 1129 1320 1200 1379; x_wconf 88' lang='lat' dir='ltr'><strong>mihi</strong></span> <span class='ocrx_word' id='word_1_67' title='bbox 1221 1321 1333 1397; x_wconf 78' lang='lat' dir='ltr'><strong>primus</strong></span> <span class='ocrx_word' id='word_1_68' title='bbox 1359 1321 1494 1397; x_wconf 79' lang='lat' dir='ltr'><strong>princepe</strong></span> 
     </span>
    </p>

    <p class='ocr_par' dir='ltr' id='par_1_4' title="bbox 386 1426 1495 1816">
     <span class='ocr_line' id='line_1_9' title="bbox 386 1426 1494 1503; baseline -0.002 -17"><span class='ocrx_word' id='word_1_69' title='bbox 386 1431 404 1486; x_wconf 89' lang='grc'>9</span> <span class='ocrx_word' id='word_1_70' title='bbox 427 1426 534 1501; x_wconf 73' lang='lat' dir='ltr'><strong>prioris</strong></span> <span class='ocrx_word' id='word_1_71' title='bbox 554 1426 689 1485; x_wconf 75' lang='lat' dir='ltr'><strong>centurie</strong></span> <span class='ocrx_word' id='word_1_72' title='bbox 709 1435 754 1483; x_wconf 89' lang='lat' dir='ltr'><strong>eet</strong></span> <span class='ocrx_word' id='word_1_73' title='bbox 775 1426 954 1501; x_wconf 70' lang='lat' dir='ltr'><strong>adsignatus.</strong></span> <span class='ocrx_word' id='word_1_74' title='bbox 1000 1426 1133 1502; x_wconf 78' lang='lat' dir='ltr'><strong>Expulao</strong></span> <span class='ocrx_word' id='word_1_75' title='bbox 1155 1446 1225 1503; x_wconf 80' lang='lat' dir='ltr'><strong>rege</strong></span> <span class='ocrx_word' id='word_1_76' title='bbox 1245 1427 1405 1497; x_wconf 75' lang='lat' dir='ltr'><strong>Antiocho,</strong></span> <span class='ocrx_word' id='word_1_77' title='bbox 1427 1428 1494 1485; x_wconf 79' lang='lat' dir='ltr'><strong>eub-</strong></span> 
     </span>
     <span class='ocr_line' id='line_1_10' title="bbox 427 1530 1495 1608; baseline 0.001 -21"><span class='ocrx_word' id='word_1_78' title='bbox 427 1530 500 1589; x_wconf 84' lang='lat' dir='ltr'><strong>actie</strong></span> <span class='ocrx_word' id='word_1_79' title='bbox 515 1530 636 1601; x_wconf 83' lang='lat' dir='ltr'><strong>AEtoiie,</strong></span> <span class='ocrx_word' id='word_1_80' title='bbox 660 1531 802 1605; x_wconf 87' lang='lat' dir='ltr'><strong>reportati</strong></span> <span class='ocrx_word' id='word_1_81' title='bbox 821 1549 923 1589; x_wconf 81' lang='lat' dir='ltr'><strong>eumue</strong></span> <span class='ocrx_word' id='word_1_82' title='bbox 944 1532 974 1589; x_wconf 91' lang='lat' dir='ltr'><strong>iu</strong></span> <span class='ocrx_word' id='word_1_83' title='bbox 996 1531 1130 1601; x_wconf 83' lang='lat' dir='ltr'><strong>Italiem;</strong></span> <span class='ocrx_word' id='word_1_84' title='bbox 1152 1541 1181 1591; x_wconf 89' lang='lat' dir='ltr'><strong>et</strong></span> <span class='ocrx_word' id='word_1_85' title='bbox 1195 1532 1331 1608; x_wconf 76' lang='lat' dir='ltr'>deinceps</span> <span class='ocrx_word' id='word_1_86' title='bbox 1353 1532 1408 1602; x_wconf 83' lang='lat' dir='ltr'><strong>bis,</strong></span> <span class='ocrx_word' id='word_1_87' title='bbox 1430 1550 1495 1605; x_wconf 82' lang='lat' dir='ltr'><strong>quea</strong></span> 
     </span>
     <span class='ocr_line' id='line_1_11' title="bbox 427 1635 1495 1712; baseline 0 -20"><span class='ocrx_word' id='word_1_88' title='bbox 427 1653 525 1693; x_wconf 85' lang='lat' dir='ltr'><strong>annue</strong></span> <span class='ocrx_word' id='word_1_89' title='bbox 546 1636 696 1694; x_wconf 88' lang='lat' dir='ltr'><strong>merebant</strong></span> <span class='ocrx_word' id='word_1_90' title='bbox 716 1636 861 1711; x_wconf 80' lang='lat' dir='ltr'>legiones,</span> <span class='ocrx_word' id='word_1_91' title='bbox 892 1636 1038 1712; x_wconf 77' lang='lat' dir='ltr'><strong>stipendia</strong></span> <span class='ocrx_word' id='word_1_92' title='bbox 1062 1635 1129 1696; x_wconf 84' lang='lat' dir='ltr'><strong>feci.</strong></span> <span class='ocrx_word' id='word_1_93' title='bbox 1187 1636 1240 1693; x_wconf 81' lang='lat' dir='ltr'><strong>Bis</strong></span> <span class='ocrx_word' id='word_1_94' title='bbox 1262 1636 1367 1694; x_wconf 91' lang='lat' dir='ltr'><strong>deinde</strong></span> <span class='ocrx_word' id='word_1_95' title='bbox 1387 1636 1417 1693; x_wconf 89' lang='lat' dir='ltr'><strong>in</strong></span> <span class='ocrx_word' id='word_1_96' title='bbox 1440 1637 1495 1693; x_wconf 89' lang='lat' dir='ltr'><strong>Hi-</strong></span> 
     </span>
     <span class='ocr_line' id='line_1_12' title="bbox 426 1740 1494 1816; baseline 0.001 -20"><span class='ocrx_word' id='word_1_97' title='bbox 426 1741 531 1815; x_wconf 75' lang='lat' dir='ltr'><strong>spania</strong></span> <span class='ocrx_word' id='word_1_98' title='bbox 552 1741 684 1810; x_wconf 82' lang='lat' dir='ltr'><strong>militavi,</strong></span> <span class='ocrx_word' id='word_1_99' title='bbox 705 1742 795 1799; x_wconf 84' lang='lat' dir='ltr'><strong>oemei</strong></span> <span class='ocrx_word' id='word_1_100' title='bbox 816 1740 853 1813; x_wconf 85' lang='lat' dir='ltr'><strong>Q.</strong></span> <span class='ocrx_word' id='word_1_101' title='bbox 876 1741 981 1802; x_wconf 81' lang='lat' dir='ltr'><strong>Fulvio</strong></span> <span class='ocrx_word' id='word_1_102' title='bbox 1005 1741 1122 1812; x_wconf 78' lang='lat' dir='ltr'><strong>Flacco,</strong></span> <span class='ocrx_word' id='word_1_103' title='bbox 1143 1740 1247 1799; x_wconf 86' lang='lat' dir='ltr'><strong>iterum</strong></span> <span class='ocrx_word' id='word_1_104' title='bbox 1259 1740 1308 1801; x_wconf 85' lang='lat' dir='ltr'><strong>Ti.</strong></span> <span class='ocrx_word' id='word_1_105' title='bbox 1319 1740 1494 1816; x_wconf 87' lang='lat' dir='ltr'><strong>Sempronio</strong></span> 
     </span>
    </p>

    <p class='ocr_par' dir='ltr' id='par_1_5' title="bbox 367 1844 1569 2025">
     <span class='ocr_line' id='line_1_13' title="bbox 367 1844 1496 1920; baseline 0.002 -21"><span class='ocrx_word' id='word_1_106' title='bbox 367 1844 403 1899; x_wconf 88' lang='lat'><strong>10</strong></span> <span class='ocrx_word' id='word_1_107' title='bbox 427 1844 565 1903; x_wconf 77' lang='lat' dir='ltr'><strong>Graccho</strong></span> <span class='ocrx_word' id='word_1_108' title='bbox 585 1855 719 1919; x_wconf 76' lang='lat' dir='ltr'><strong>praetore</strong></span> <span class='ocrx_word' id='word_1_109' title='bbox 765 1845 916 1903; x_wconf 83' lang='lat' dir='ltr'><strong>AFiucco</strong></span> <span class='ocrx_word' id='word_1_110' title='bbox 937 1846 1012 1903; x_wconf 88' lang='lat' dir='ltr'><strong>inter</strong></span> <span class='ocrx_word' id='word_1_111' title='bbox 1033 1854 1154 1915; x_wconf 85' lang='lat' dir='ltr'><strong>cetoros,</strong></span> <span class='ocrx_word' id='word_1_112' title='bbox 1173 1864 1247 1920; x_wconf 81' lang='lat' dir='ltr'><strong>quos</strong></span> <span class='ocrx_word' id='word_1_113' title='bbox 1268 1845 1384 1903; x_wconf 75' lang='lat' dir='ltr'><strong>virtutis</strong></span> <span class='ocrx_word' id='word_1_114' title='bbox 1405 1864 1496 1909; x_wconf 82' lang='lat' dir='ltr'><strong>cause</strong></span> 
     </span>
     <span class='ocr_line' id='line_1_14' title="bbox 418 1930 1569 2025; baseline 0.001 -19"><span class='ocrx_word' id='word_1_115' title='bbox 418 1930 524 2007; x_wconf 36' lang='lat' dir='ltr'><strong>&#39;aecum</strong></span> <span class='ocrx_word' id='word_1_116' title='bbox 546 1969 584 2007; x_wconf 86' lang='lat' dir='ltr'><strong>ex</strong></span> <span class='ocrx_word' id='word_1_117' title='bbox 605 1949 758 2025; x_wconf 83' lang='lat' dir='ltr'><strong>provincia</strong></span> <span class='ocrx_word' id='word_1_118' title='bbox 779 1950 817 2005; x_wconf 89' lang='lat' dir='ltr'><strong>ad</strong></span> <span class='ocrx_word' id='word_1_119' title='bbox 840 1950 1018 2025; x_wconf 86' lang='lat' dir='ltr'><strong>triumphum</strong></span> <span class='ocrx_word' id='word_1_120' title='bbox 1039 1952 1217 2021; x_wconf 85' lang='lat' dir='ltr'><strong>deducebat,</strong></span> <span class='ocrx_word' id='word_1_121' title='bbox 1251 1951 1392 2009; x_wconf 77' lang='lat' dir='ltr'><strong>deductus</strong></span> <span class='ocrx_word' id='word_1_122' title='bbox 1421 1968 1495 2009; x_wconf 80' lang='lat' dir='ltr'><strong>eum.</strong></span> <span class='ocrx_word' id='word_1_123' title='bbox 1568 1992 1569 2023; x_wconf 55' lang='lat'>3</span> 
     </span>
    </p>

    <p class='ocr_par' dir='ltr' id='par_1_6' title="bbox 368 2042 1569 2445">
     <span class='ocr_line' id='line_1_15' title="bbox 368 2053 1569 2130; baseline 0.003 -21"><span class='ocrx_word' id='word_1_124' title='bbox 368 2056 401 2109; x_wconf 89' lang='lat' dir='ltr'><strong>tl</strong></span> <span class='ocrx_word' id='word_1_125' title='bbox 427 2057 456 2112; x_wconf 77' lang='lat' dir='ltr'>A</span> <span class='ocrx_word' id='word_1_126' title='bbox 479 2054 526 2115; x_wconf 84' lang='lat' dir='ltr'><strong>Ti.</strong></span> <span class='ocrx_word' id='word_1_127' title='bbox 549 2053 687 2113; x_wconf 87' lang='lat' dir='ltr'><strong>Graccho</strong></span> <span class='ocrx_word' id='word_1_128' title='bbox 708 2063 829 2130; x_wconf 78' lang='lat' dir='ltr'><strong>rogetus</strong></span> <span class='ocrx_word' id='word_1_129' title='bbox 852 2056 883 2113; x_wconf 88' lang='lat' dir='ltr'><strong>in</strong></span> <span class='ocrx_word' id='word_1_130' title='bbox 905 2056 1086 2130; x_wconf 86' lang='lat' dir='ltr'><strong>provinciam</strong></span> <span class='ocrx_word' id='word_1_131' title='bbox 1107 2055 1138 2114; x_wconf 91' lang='lat' dir='ltr'><strong>ii.</strong></span> <span class='ocrx_word' id='word_1_132' title='bbox 1188 2055 1300 2129; x_wconf 80' lang='lat' dir='ltr'><strong>Quater</strong></span> <span class='ocrx_word' id='word_1_133' title='bbox 1320 2056 1399 2113; x_wconf 87' lang='lat' dir='ltr'><strong>intra</strong></span> <span class='ocrx_word' id='word_1_134' title='bbox 1419 2074 1496 2130; x_wconf 86' lang='lat' dir='ltr'><strong>pau·</strong></span> <span class='ocrx_word' id='word_1_135' title='bbox 1568 2072 1569 2129; x_wconf 69' lang='lat' dir='ltr'><strong>t</strong></span> 
     </span>
     <span class='ocr_line' id='line_1_16' title="bbox 426 2160 1569 2235; baseline 0.001 -18"><span class='ocrx_word' id='word_1_136' title='bbox 426 2177 476 2217; x_wconf 84' lang='lat' dir='ltr'><strong>coe</strong></span> <span class='ocrx_word' id='word_1_137' title='bbox 498 2178 591 2217; x_wconf 85' lang='lat' dir='ltr'><strong>annoe</strong></span> <span class='ocrx_word' id='word_1_138' title='bbox 611 2160 735 2235; x_wconf 86' lang='lat' dir='ltr'><strong>primum</strong></span> <span class='ocrx_word' id='word_1_139' title='bbox 756 2160 847 2235; x_wconf 90' lang='lat' dir='ltr'><strong>pilum</strong></span> <span class='ocrx_word' id='word_1_140' title='bbox 869 2162 954 2231; x_wconf 85' lang='lat' dir='ltr'><strong>duxi;</strong></span> <span class='ocrx_word' id='word_1_141' title='bbox 977 2171 1080 2235; x_wconf 87' lang='lat' dir='ltr'><strong>quater</strong></span> <span class='ocrx_word' id='word_1_142' title='bbox 1102 2171 1131 2219; x_wconf 90' lang='lat' dir='ltr'><strong>et</strong></span> <span class='ocrx_word' id='word_1_143' title='bbox 1149 2160 1245 2219; x_wconf 79' lang='lat' dir='ltr'><strong>tricies</strong></span> <span class='ocrx_word' id='word_1_144' title='bbox 1266 2160 1383 2218; x_wconf 84' lang='lat' dir='ltr'><strong>virtutis</strong></span> <span class='ocrx_word' id='word_1_145' title='bbox 1404 2178 1496 2218; x_wconf 83' lang='lat' dir='ltr'><strong>canoa</strong></span> <span class='ocrx_word' id='word_1_146' title='bbox 1568 2160 1569 2163; x_wconf 69' lang='grc'>’</span> 
     </span>
     <span class='ocr_line' id='line_1_17' title="bbox 426 2263 1496 2341; baseline 0.003 -23"><span class='ocrx_word' id='word_1_147' title='bbox 426 2263 551 2323; x_wconf 83' lang='lat' dir='ltr'><strong>donatus</strong></span> <span class='ocrx_word' id='word_1_148' title='bbox 583 2264 622 2321; x_wconf 87' lang='lat' dir='ltr'><strong>ab</strong></span> <span class='ocrx_word' id='word_1_149' title='bbox 643 2264 867 2340; x_wconf 78' lang='lat' dir='ltr'><strong>imperatoribus</strong></span> <span class='ocrx_word' id='word_1_150' title='bbox 889 2285 967 2335; x_wconf 81' lang='lat' dir='ltr'><strong>eum3</strong></span> <span class='ocrx_word' id='word_1_151' title='bbox 999 2285 1052 2324; x_wconf 82' lang='lat' dir='ltr'><strong>aex</strong></span> <span class='ocrx_word' id='word_1_152' title='bbox 1086 2265 1193 2325; x_wconf 81' lang='lat' dir='ltr'><strong>civicae</strong></span> <span class='ocrx_word' id='word_1_153' title='bbox 1225 2282 1350 2323; x_wconf 84' lang='lat' dir='ltr'><strong>coronae</strong></span> <span class='ocrx_word' id='word_1_154' title='bbox 1386 2266 1496 2341; x_wconf 85' lang='lat' dir='ltr'><strong>accepi.</strong></span> 
     </span>
     <span class='ocr_line' id='line_1_18' title="bbox 428 2358 1496 2445; baseline 0.002 -22"><span class='ocrx_word' id='word_1_155' title='bbox 428 2358 538 2442; x_wconf 78' lang='lat' dir='ltr'><strong>Viginti</strong></span> <span class='ocrx_word' id='word_1_156' title='bbox 560 2369 619 2427; x_wconf 91' lang='lat' dir='ltr'><strong>duo</strong></span> <span class='ocrx_word' id='word_1_157' title='bbox 643 2369 788 2445; x_wconf 75' lang='lat' dir='ltr'><strong>stipendia</strong></span> <span class='ocrx_word' id='word_1_158' title='bbox 822 2390 921 2429; x_wconf 87' lang='lat' dir='ltr'><strong>annua</strong></span> <span class='ocrx_word' id='word_1_159' title='bbox 952 2372 983 2429; x_wconf 89' lang='lat' dir='ltr'><strong>in</strong></span> <span class='ocrx_word' id='word_1_160' title='bbox 1017 2371 1146 2429; x_wconf 85' lang='lat' dir='ltr'><strong>exercitu</strong></span> <span class='ocrx_word' id='word_1_161' title='bbox 1180 2370 1301 2429; x_wconf 82' lang='lat' dir='ltr'><strong>emerita</strong></span> <span class='ocrx_word' id='word_1_162' title='bbox 1338 2370 1436 2427; x_wconf 87' lang='lat' dir='ltr'><strong>habeo</strong></span> <span class='ocrx_word' id='word_1_163' title='bbox 1467 2380 1496 2425; x_wconf 88' lang='lat' dir='ltr'><strong>et</strong></span> 
     </span>
    </p>

    <p class='ocr_par' dir='ltr' id='par_1_7' title="bbox 368 2472 1497 2761">
     <span class='ocr_line' id='line_1_19' title="bbox 368 2472 1496 2550; baseline 0.003 -21"><span class='ocrx_word' id='word_1_164' title='bbox 368 2475 402 2530; x_wconf 83' lang='lat'><strong>12</strong></span> <span class='ocrx_word' id='word_1_165' title='bbox 427 2473 520 2531; x_wconf 80' lang='lat' dir='ltr'><strong>maior</strong></span> <span class='ocrx_word' id='word_1_166' title='bbox 541 2472 625 2531; x_wconf 76' lang='lat' dir='ltr'><strong>annio</strong></span> <span class='ocrx_word' id='word_1_167' title='bbox 646 2493 710 2533; x_wconf 84' lang='lat' dir='ltr'><strong>eum</strong></span> <span class='ocrx_word' id='word_1_168' title='bbox 736 2475 957 2550; x_wconf 79' lang='lat' dir='ltr'><strong>quinquaginta.</strong></span> <span class='ocrx_word' id='word_1_169' title='bbox 1018 2475 1152 2548; x_wconf 82' lang='lat' dir='ltr'><strong>Quodsi</strong></span> <span class='ocrx_word' id='word_1_170' title='bbox 1180 2475 1250 2533; x_wconf 93' lang='lat' dir='ltr'><strong>mihi</strong></span> <span class='ocrx_word' id='word_1_171' title='bbox 1271 2493 1325 2533; x_wconf 88' lang='lat' dir='ltr'><strong>nec</strong></span> <span class='ocrx_word' id='word_1_172' title='bbox 1349 2475 1496 2549; x_wconf 76' lang='lat' dir='ltr'><strong>stipendia</strong></span> 
     </span>
     <span class='ocr_line' id='line_1_20' title="bbox 425 2578 1497 2658; baseline 0.004 -25"><span class='ocrx_word' id='word_1_173' title='bbox 425 2578 524 2635; x_wconf 90' lang='lat' dir='ltr'><strong>omnia</strong></span> <span class='ocrx_word' id='word_1_174' title='bbox 545 2580 667 2637; x_wconf 87' lang='lat' dir='ltr'><strong>emerita</strong></span> <span class='ocrx_word' id='word_1_175' title='bbox 688 2590 785 2637; x_wconf 75' lang='lat' dir='ltr'><strong>essent</strong></span> <span class='ocrx_word' id='word_1_176' title='bbox 802 2581 924 2639; x_wconf 84' lang='lat' dir='ltr'><strong>necdum</strong></span> <span class='ocrx_word' id='word_1_177' title='bbox 947 2590 1018 2640; x_wconf 77' lang='lat' dir='ltr'><strong>cetos</strong></span> <span class='ocrx_word' id='word_1_178' title='bbox 1040 2580 1224 2658; x_wconf 86' lang='lat' dir='ltr'><strong>vacationem</strong></span> <span class='ocrx_word' id='word_1_179' title='bbox 1254 2581 1356 2651; x_wconf 86' lang='lat' dir='ltr'><strong>deret,</strong></span> <span class='ocrx_word' id='word_1_180' title='bbox 1386 2589 1497 2649; x_wconf 63' lang='lat' dir='ltr'><strong>nmen,</strong></span> 
     </span>
     <span class='ocr_line' id='line_1_21' title="bbox 426 2684 1497 2761; baseline 0.004 -22"><span class='ocrx_word' id='word_1_181' title='bbox 426 2702 490 2739; x_wconf 89' lang='lat' dir='ltr'><strong>cum</strong></span> <span class='ocrx_word' id='word_1_182' title='bbox 513 2691 651 2757; x_wconf 85' lang='lat' dir='ltr'><strong>quattuor</strong></span> <span class='ocrx_word' id='word_1_183' title='bbox 673 2684 776 2741; x_wconf 83' lang='lat' dir='ltr'><strong>milites</strong></span> <span class='ocrx_word' id='word_1_184' title='bbox 798 2703 851 2759; x_wconf 89' lang='lat' dir='ltr'><strong>pro</strong></span> <span class='ocrx_word' id='word_1_185' title='bbox 874 2705 921 2742; x_wconf 90' lang='lat' dir='ltr'><strong>me</strong></span> <span class='ocrx_word' id='word_1_186' title='bbox 942 2703 1000 2743; x_wconf 89' lang='lat' dir='ltr'><strong>uno</strong></span> <span class='ocrx_word' id='word_1_187' title='bbox 1021 2686 1105 2743; x_wconf 84' lang='lat' dir='ltr'><strong>vobis</strong></span> <span class='ocrx_word' id='word_1_188' title='bbox 1129 2687 1215 2757; x_wconf 87' lang='lat' dir='ltr'><strong>dere,</strong></span> <span class='ocrx_word' id='word_1_189' title='bbox 1237 2688 1273 2744; x_wconf 91' lang='lat' dir='ltr'><strong>P.</strong></span> <span class='ocrx_word' id='word_1_190' title='bbox 1295 2685 1405 2755; x_wconf 78' lang='lat' dir='ltr'><strong>Licini,</strong></span> <span class='ocrx_word' id='word_1_191' title='bbox 1427 2704 1497 2761; x_wconf 84' lang='lat' dir='ltr'><strong>poa·</strong></span> 
     </span>
    </p>

    <p class='ocr_par' dir='ltr' id='par_1_8' title="bbox 367 2788 1498 3077">
     <span class='ocr_line' id='line_1_22' title="bbox 367 2788 1498 2867; baseline 0.005 -24"><span class='ocrx_word' id='word_1_192' title='bbox 367 2789 402 2843; x_wconf 78' lang='lat'><strong>13</strong></span> <span class='ocrx_word' id='word_1_193' title='bbox 425 2806 503 2857; x_wconf 80' lang='lat' dir='ltr'><strong>sem,</strong></span> <span class='ocrx_word' id='word_1_194' title='bbox 535 2806 627 2845; x_wconf 75' lang='lat' dir='ltr'><strong>recum</strong></span> <span class='ocrx_word' id='word_1_195' title='bbox 649 2795 712 2844; x_wconf 87' lang='lat' dir='ltr'><strong>erat</strong></span> <span class='ocrx_word' id='word_1_196' title='bbox 737 2805 784 2843; x_wconf 88' lang='lat' dir='ltr'><strong>me</strong></span> <span class='ocrx_word' id='word_1_197' title='bbox 805 2788 919 2846; x_wconf 87' lang='lat' dir='ltr'><strong>dimitti.</strong></span> <span class='ocrx_word' id='word_1_198' title='bbox 975 2789 1032 2849; x_wconf 89' lang='lat' dir='ltr'><strong>Sed</strong></span> <span class='ocrx_word' id='word_1_199' title='bbox 1056 2792 1118 2849; x_wconf 73' lang='lat' dir='ltr'><strong>hec</strong></span> <span class='ocrx_word' id='word_1_200' title='bbox 1139 2811 1193 2867; x_wconf 87' lang='lat' dir='ltr'><strong>pro</strong></span> <span class='ocrx_word' id='word_1_201' title='bbox 1215 2810 1305 2851; x_wconf 83' lang='lat' dir='ltr'><strong>cauea</strong></span> <span class='ocrx_word' id='word_1_202' title='bbox 1327 2810 1394 2849; x_wconf 87' lang='lat' dir='ltr'><strong>mea</strong></span> <span class='ocrx_word' id='word_1_203' title='bbox 1417 2792 1498 2849; x_wconf 89' lang='lat' dir='ltr'><strong>dicta</strong></span> 
     </span>
     <span class='ocr_line' id='line_1_23' title="bbox 426 2891 1497 2972; baseline 0.005 -24"><span class='ocrx_word' id='word_1_204' title='bbox 426 2891 575 2967; x_wconf 78' lang='lat' dir='ltr'><strong>accipiatis</strong></span> <span class='ocrx_word' id='word_1_205' title='bbox 609 2891 712 2960; x_wconf 84' lang='lat' dir='ltr'><strong>velim3</strong></span> <span class='ocrx_word' id='word_1_206' title='bbox 745 2891 808 2966; x_wconf 76' lang='lat' dir='ltr'><strong>ipso</strong></span> <span class='ocrx_word' id='word_1_207' title='bbox 841 2911 897 2963; x_wconf 89' lang='lat' dir='ltr'><strong>me,</strong></span> <span class='ocrx_word' id='word_1_208' title='bbox 931 2897 1029 2969; x_wconf 88' lang='lat' dir='ltr'><strong>quoad</strong></span> <span class='ocrx_word' id='word_1_209' title='bbox 1062 2897 1233 2971; x_wconf 82' lang='lat' dir='ltr'><strong>quiequam,</strong></span> <span class='ocrx_word' id='word_1_210' title='bbox 1269 2897 1319 2972; x_wconf 92' lang='lat' dir='ltr'><strong>qui</strong></span> <span class='ocrx_word' id='word_1_211' title='bbox 1350 2898 1497 2955; x_wconf 78' lang='lat' dir='ltr'><strong>exercitus</strong></span> 
     </span>
     <span class='ocr_line' id='line_1_24' title="bbox 426 2995 1497 3077; baseline 0.005 -25"><span class='ocrx_word' id='word_1_212' title='bbox 426 2996 535 3065; x_wconf 80' lang='lat' dir='ltr'><strong>scribit,</strong></span> <span class='ocrx_word' id='word_1_213' title='bbox 556 2995 693 3053; x_wconf 89' lang='lat' dir='ltr'><strong>idoneum</strong></span> <span class='ocrx_word' id='word_1_214' title='bbox 715 2996 834 3055; x_wconf 88' lang='lat' dir='ltr'><strong>militem</strong></span> <span class='ocrx_word' id='word_1_215' title='bbox 856 2999 1005 3072; x_wconf 80' lang='lat' dir='ltr'><strong>iudicabit,</strong></span> <span class='ocrx_word' id='word_1_216' title='bbox 1027 3021 1186 3077; x_wconf 79' lang='lat' dir='ltr'><strong>numquam</strong></span> <span class='ocrx_word' id='word_1_217' title='bbox 1209 3020 1272 3061; x_wconf 82' lang='lat' dir='ltr'><strong>sum</strong></span> <span class='ocrx_word' id='word_1_218' title='bbox 1292 3011 1497 3061; x_wconf 78' lang='lat' dir='ltr'><strong>excusaturus.</strong></span> 
     </span>
    </p>

    <p class='ocr_par' dir='ltr' id='par_1_9' title="bbox 368 3101 1499 3393">
     <span class='ocr_line' id='line_1_25' title="bbox 368 3101 1499 3183; baseline 0.004 -25"><span class='ocrx_word' id='word_1_219' title='bbox 368 3105 403 3158; x_wconf 77' lang='lat' dir='ltr'><strong>tc</strong></span> <span class='ocrx_word' id='word_1_220' title='bbox 428 3101 539 3160; x_wconf 78' lang='lat' dir='ltr'><strong>Ordine</strong></span> <span class='ocrx_word' id='word_1_221' title='bbox 561 3119 619 3175; x_wconf 91' lang='lat' dir='ltr'><strong>quo</strong></span> <span class='ocrx_word' id='word_1_222' title='bbox 641 3118 688 3159; x_wconf 90' lang='lat' dir='ltr'><strong>me</strong></span> <span class='ocrx_word' id='word_1_223' title='bbox 709 3102 827 3178; x_wconf 87' lang='lat' dir='ltr'><strong>dignum</strong></span> <span class='ocrx_word' id='word_1_224' title='bbox 848 3105 976 3164; x_wconf 91' lang='lat' dir='ltr'><strong>iudicent</strong></span> <span class='ocrx_word' id='word_1_225' title='bbox 997 3108 1105 3166; x_wconf 84' lang='lat' dir='ltr'><strong>tribuni</strong></span> <span class='ocrx_word' id='word_1_226' title='bbox 1128 3108 1267 3178; x_wconf 88' lang='lat' dir='ltr'><strong>militum,</strong></span> <span class='ocrx_word' id='word_1_227' title='bbox 1291 3108 1423 3183; x_wconf 81' lang='lat' dir='ltr'><strong>ipsorum</strong></span> <span class='ocrx_word' id='word_1_228' title='bbox 1454 3117 1499 3165; x_wconf 82' lang='lat' dir='ltr'><strong>est</strong></span> 
     </span>
     <span class='ocr_line' id='line_1_26' title="bbox 425 3206 1498 3288; baseline 0.005 -24"><span class='ocrx_word' id='word_1_229' title='bbox 425 3206 591 3282; x_wconf 68' lang='lat' dir='ltr'><strong>potestatis,</strong></span> <span class='ocrx_word' id='word_1_230' title='bbox 621 3208 742 3282; x_wconf 78' lang='lat' dir='ltr'><strong>nequis</strong></span> <span class='ocrx_word' id='word_1_231' title='bbox 766 3228 812 3267; x_wconf 82' lang='lat' dir='ltr'><strong>ute</strong></span> <span class='ocrx_word' id='word_1_232' title='bbox 832 3210 939 3268; x_wconf 81' lang='lat' dir='ltr'><strong>virtute</strong></span> <span class='ocrx_word' id='word_1_233' title='bbox 960 3212 990 3269; x_wconf 88' lang='lat' dir='ltr'><strong>iu</strong></span> <span class='ocrx_word' id='word_1_234' title='bbox 1011 3214 1140 3271; x_wconf 85' lang='lat' dir='ltr'><strong>exercitu</strong></span> <span class='ocrx_word' id='word_1_235' title='bbox 1161 3220 1296 3288; x_wconf 71' lang='lat' dir='ltr'><strong>prestet,</strong></span> <span class='ocrx_word' id='word_1_236' title='bbox 1322 3212 1401 3270; x_wconf 83' lang='lat' dir='ltr'><strong>dabo</strong></span> <span class='ocrx_word' id='word_1_237' title='bbox 1425 3231 1498 3288; x_wconf 89' lang='lat' dir='ltr'><strong>ope-</strong></span> 
     </span>
     <span class='ocr_line' id='line_1_27' title="bbox 425 3314 1497 3393; baseline 0.004 -22"><span class='ocrx_word' id='word_1_238' title='bbox 425 3331 503 3382; x_wconf 82' lang='lat' dir='ltr'><strong>ram3</strong></span> <span class='ocrx_word' id='word_1_239' title='bbox 525 3322 554 3369; x_wconf 91' lang='lat' dir='ltr'><strong>et</strong></span> <span class='ocrx_word' id='word_1_240' title='bbox 577 3331 692 3389; x_wconf 83' lang='lat' dir='ltr'><strong>semper</strong></span> <span class='ocrx_word' id='word_1_241' title='bbox 711 3315 754 3371; x_wconf 90' lang='lat' dir='ltr'><strong>ita</strong></span> <span class='ocrx_word' id='word_1_242' title='bbox 774 3314 879 3373; x_wconf 82' lang='lat' dir='ltr'><strong>fecisse</strong></span> <span class='ocrx_word' id='word_1_243' title='bbox 901 3334 947 3373; x_wconf 89' lang='lat' dir='ltr'><strong>me</strong></span> <span class='ocrx_word' id='word_1_244' title='bbox 969 3326 998 3373; x_wconf 88' lang='lat' dir='ltr'><strong>et</strong></span> <span class='ocrx_word' id='word_1_245' title='bbox 1018 3316 1209 3392; x_wconf 75' lang='lat' dir='ltr'><strong>imperatores</strong></span> <span class='ocrx_word' id='word_1_246' title='bbox 1224 3318 1281 3375; x_wconf 88' lang='lat' dir='ltr'><strong>mei</strong></span> <span class='ocrx_word' id='word_1_247' title='bbox 1303 3327 1340 3387; x_wconf 89' lang='lat' dir='ltr'><strong>et,</strong></span> <span class='ocrx_word' id='word_1_248' title='bbox 1363 3319 1416 3393; x_wconf 88' lang='lat' dir='ltr'><strong>qui</strong></span> <span class='ocrx_word' id='word_1_249' title='bbox 1439 3336 1497 3375; x_wconf 86' lang='lat' dir='ltr'><strong>una</strong></span> 
     </span>
    </p>

    <p class='ocr_par' dir='ltr' id='par_1_10' title="bbox 367 3416 1497 3496">
     <span class='ocr_line' id='line_1_28' title="bbox 367 3416 1497 3496; baseline 0.007 -23"><span class='ocrx_word' id='word_1_250' title='bbox 367 3420 403 3473; x_wconf 83' lang='lat'><strong>15</strong></span> <span class='ocrx_word' id='word_1_251' title='bbox 426 3416 572 3492; x_wconf 79' lang='lat' dir='ltr'><strong>stipendia</strong></span> <span class='ocrx_word' id='word_1_252' title='bbox 592 3417 731 3490; x_wconf 82' lang='lat' dir='ltr'><strong>fecerunt,</strong></span> <span class='ocrx_word' id='word_1_253' title='bbox 753 3427 841 3477; x_wconf 78' lang='lat' dir='ltr'><strong>testea</strong></span> <span class='ocrx_word' id='word_1_254' title='bbox 862 3429 939 3479; x_wconf 83' lang='lat' dir='ltr'><strong>sunt.</strong></span> <span class='ocrx_word' id='word_1_255' title='bbox 973 3422 1037 3479; x_wconf 81' lang='lat' dir='ltr'><strong>Vos</strong></span> <span class='ocrx_word' id='word_1_256' title='bbox 1059 3440 1176 3496; x_wconf 91' lang='lat' dir='ltr'><strong>quoque</strong></span> <span class='ocrx_word' id='word_1_257' title='bbox 1198 3440 1288 3483; x_wconf 77' lang='lat' dir='ltr'><strong>mcum</strong></span> <span class='ocrx_word' id='word_1_258' title='bbox 1321 3432 1382 3494; x_wconf 86' lang='lat' dir='ltr'><strong>eet,</strong></span> <span class='ocrx_word' id='word_1_259' title='bbox 1416 3442 1497 3481; x_wconf 89' lang='lat' dir='ltr'><strong>eom·</strong></span> 
     </span>
    </p>
   </div>
   <div class='ocr_carea' id='block_1_3' title="bbox 318 3648 1498 4153">
    <p class='ocr_par' dir='ltr' id='par_1_11' title="bbox 318 3648 1498 4153">
     <span class='ocr_line' id='line_1_29' title="bbox 426 3648 1496 3720; baseline 0.002 -19"><span class='ocrx_word' id='word_1_260' title='bbox 426 3648 451 3709; x_wconf 81' lang='lat'><strong>7,</strong></span> <span class='ocrx_word' id='word_1_261' title='bbox 471 3654 485 3699; x_wconf 83' lang='lat'>2</span> <span class='ocrx_word' id='word_1_262' title='bbox 505 3650 610 3700; x_wconf 81' lang='lat' dir='ltr'><strong>acrioris</strong></span> <span class='ocrx_word' id='word_1_263' title='bbox 647 3656 661 3699; x_wconf 84' lang='lat'><strong>5</strong></span> <span class='ocrx_word' id='word_1_264' title='bbox 680 3652 817 3715; x_wconf 79' lang='lat' dir='ltr'><strong>adsignare</strong></span> <span class='ocrx_word' id='word_1_265' title='bbox 853 3653 879 3713; x_wconf 88' lang='lat'><strong>8,</strong></span> <span class='ocrx_word' id='word_1_266' title='bbox 901 3658 912 3702; x_wconf 86' lang='lat'>1</span> <span class='ocrx_word' id='word_1_267' title='bbox 934 3653 1104 3703; x_wconf 83' lang='lat' dir='ltr'><strong>uolumtariue</strong></span> <span class='ocrx_word' id='word_1_268' title='bbox 1123 3653 1247 3704; x_wconf 71' lang='lat' dir='ltr'><strong>tinctum</strong></span> <span class='ocrx_word' id='word_1_269' title='bbox 1261 3668 1316 3703; x_wconf 82' lang='lat' dir='ltr'><strong>eum</strong></span> <span class='ocrx_word' id='word_1_270' title='bbox 1328 3654 1332 3720; x_wconf 85' lang='grc' dir='ltr'>Ι</span> <span class='ocrx_word' id='word_1_271' title='bbox 1344 3655 1496 3705; x_wconf 87' lang='lat' dir='ltr'><strong>anthiocum</strong></span> 
     </span>
     <span class='ocr_line' id='line_1_30' title="bbox 318 3735 1497 3803; baseline 0.007 -22"><span class='ocrx_word' id='word_1_272' title='bbox 318 3772 326 3781; x_wconf 94' lang='lat'><strong>.</strong></span> <span class='ocrx_word' id='word_1_273' title='bbox 426 3742 477 3785; x_wconf 76' lang='lat' dir='ltr'><strong>sa</strong></span> <span class='ocrx_word' id='word_1_274' title='bbox 495 3753 528 3787; x_wconf 90' lang='lat' dir='ltr'><strong>m.</strong></span> <span class='ocrx_word' id='word_1_275' title='bbox 549 3736 622 3786; x_wconf 75' lang='lat' dir='ltr'><strong>caelio</strong></span> <span class='ocrx_word' id='word_1_276' title='bbox 641 3735 726 3803; x_wconf 76' lang='lat' dir='ltr'><strong>Siqon.</strong></span> <span class='ocrx_word' id='word_1_277' title='bbox 768 3739 793 3797; x_wconf 87' lang='grc'><strong>9,</strong></span> <span class='ocrx_word' id='word_1_278' title='bbox 815 3744 825 3787; x_wconf 88' lang='lat' dir='ltr'>l</span> <span class='ocrx_word' id='word_1_279' title='bbox 847 3739 969 3787; x_wconf 88' lang='lat' dir='ltr'><strong>anthioco</strong></span> <span class='ocrx_word' id='word_1_280' title='bbox 987 3741 1127 3790; x_wconf 79' lang='lat' dir='ltr'><strong>subactolia</strong></span> <span class='ocrx_word' id='word_1_281' title='bbox 1146 3742 1227 3791; x_wconf 78' lang='lat' dir='ltr'><strong>aetolis</strong></span> <span class='ocrx_word' id='word_1_282' title='bbox 1270 3740 1380 3789; x_wconf 74' lang='lat' dir='ltr'><strong>titelie</strong></span> <span class='ocrx_word' id='word_1_283' title='bbox 1405 3740 1497 3789; x_wconf 78' lang='lat' dir='ltr'><strong>Viden-</strong></span> 
     </span>
     <span class='ocr_line' id='line_1_31' title="bbox 426 3821 1498 3892; baseline 0.005 -22"><span class='ocrx_word' id='word_1_284' title='bbox 426 3821 482 3871; x_wconf 81' lang='lat' dir='ltr'><strong>dum</strong></span> <span class='ocrx_word' id='word_1_285' title='bbox 493 3839 521 3871; x_wconf 84' lang='lat' dir='ltr'><strong>nc</strong></span> <span class='ocrx_word' id='word_1_286' title='bbox 538 3823 612 3873; x_wconf 70' lang='lat' dir='ltr'><strong>scribi</strong></span> <span class='ocrx_word' id='word_1_287' title='bbox 629 3822 726 3873; x_wconf 73' lang='lat' dir='ltr'><strong>dabam:</strong></span> <span class='ocrx_word' id='word_1_288' title='bbox 745 3824 871 3885; x_wconf 76' lang='lat' dir='ltr'><strong>histriis,</strong></span> <span class='ocrx_word' id='word_1_289' title='bbox 883 3839 1042 3887; x_wconf 78' lang='lat' dir='ltr'><strong>quaenuuae</strong></span> <span class='ocrx_word' id='word_1_290' title='bbox 1052 3830 1183 3881; x_wconf 84' lang='lat' dir='ltr'><strong>merebant</strong></span> <span class='ocrx_word' id='word_1_291' title='bbox 1201 3833 1218 3876; x_wconf 82' lang='grc'><strong>4</strong></span> <span class='ocrx_word' id='word_1_292' title='bbox 1234 3824 1309 3892; x_wconf 78' lang='lat' dir='ltr'><strong>Grya</strong></span> <span class='ocrx_word' id='word_1_293' title='bbox 1326 3827 1357 3876; x_wconf 77' lang='grc'><strong>’1.</strong></span> <span class='ocrx_word' id='word_1_294' title='bbox 1373 3826 1498 3892; x_wconf 80' lang='lat' dir='ltr'><strong>Sempro-</strong></span> 
     </span>
     <span class='ocr_line' id='line_1_32' title="bbox 426 3908 1497 3978; baseline 0.007 -22"><span class='ocrx_word' id='word_1_295' title='bbox 426 3908 484 3959; x_wconf 80' lang='lat' dir='ltr'><strong>niue</strong></span> <span class='ocrx_word' id='word_1_296' title='bbox 520 3908 633 3969; x_wconf 78' lang='lat' dir='ltr'><strong>10,2ex</strong></span> <span class='ocrx_word' id='word_1_297' title='bbox 642 3912 798 3975; x_wconf 87' lang='lat' dir='ltr'><strong>triumphum</strong></span> <span class='ocrx_word' id='word_1_298' title='bbox 828 3909 871 3969; x_wconf 84' lang='lat'><strong>11,</strong></span> <span class='ocrx_word' id='word_1_299' title='bbox 894 3916 905 3960; x_wconf 93' lang='lat' dir='ltr'>l</span> <span class='ocrx_word' id='word_1_300' title='bbox 926 3926 942 3959; x_wconf 84' lang='lat' dir='ltr'><strong>a</strong></span> <span class='ocrx_word' id='word_1_301' title='bbox 960 3913 1007 3961; x_wconf 89' lang='lat' dir='ltr'><strong>tito</strong></span> <span class='ocrx_word' id='word_1_302' title='bbox 1026 3927 1119 3976; x_wconf 82' lang='lat' dir='ltr'><strong>gracco</strong></span> <span class='ocrx_word' id='word_1_303' title='bbox 1136 3914 1211 3964; x_wconf 81' lang='lat' dir='ltr'><strong>Frob.</strong></span> <span class='ocrx_word' id='word_1_304' title='bbox 1230 3911 1268 3963; x_wconf 92' lang='lat' dir='ltr'><strong>II.</strong></span> <span class='ocrx_word' id='word_1_305' title='bbox 1285 3914 1444 3978; x_wconf 67' lang='lat' dir='ltr'><strong>{prouincia</strong></span> <span class='ocrx_word' id='word_1_306' title='bbox 1483 3921 1497 3963; x_wconf 76' lang='lat'>2</span> 
     </span>
     <span class='ocr_line' id='line_1_33' title="bbox 425 3996 1497 4065; baseline 0.006 -21"><span class='ocrx_word' id='word_1_307' title='bbox 425 4003 559 4057; x_wconf 85' lang='lat' dir='ltr'><strong>quateret</strong></span> <span class='ocrx_word' id='word_1_308' title='bbox 577 3996 637 4046; x_wconf 76' lang='lat' dir='ltr'><strong>tries</strong></span> <span class='ocrx_word' id='word_1_309' title='bbox 679 3997 870 4047; x_wconf 73' lang='lat' dir='ltr'><strong>temeritabeo</strong></span> <span class='ocrx_word' id='word_1_310' title='bbox 913 3996 955 4057; x_wconf 79' lang='lat'><strong>12,</strong></span> <span class='ocrx_word' id='word_1_311' title='bbox 979 4004 989 4047; x_wconf 89' lang='lat'>1</span> <span class='ocrx_word' id='word_1_312' title='bbox 1016 4012 1048 4048; x_wconf 86' lang='lat' dir='ltr'><strong>ne</strong></span> <span class='ocrx_word' id='word_1_313' title='bbox 1073 4002 1200 4065; x_wconf 82' lang='lat' dir='ltr'><strong>stipendia</strong></span> <span class='ocrx_word' id='word_1_314' title='bbox 1236 4000 1443 4051; x_wconf 69' lang='lat' dir='ltr'><strong>auocationetn</strong></span> <span class='ocrx_word' id='word_1_315' title='bbox 1483 4008 1497 4050; x_wconf 80' lang='lat'><strong>³</strong></span> 
     </span>
     <span class='ocr_line' id='line_1_34' title="bbox 425 4083 1497 4153; baseline 0.006 -22"><span class='ocrx_word' id='word_1_316' title='bbox 425 4097 471 4144; x_wconf 86' lang='lat' dir='ltr'><strong>pro</strong></span> <span class='ocrx_word' id='word_1_317' title='bbox 490 4097 547 4132; x_wconf 91' lang='lat' dir='ltr'><strong>meo</strong></span> <span class='ocrx_word' id='word_1_318' title='bbox 571 4083 645 4133; x_wconf 79' lang='lat' dir='ltr'><strong>uobis</strong></span> <span class='ocrx_word' id='word_1_319' title='bbox 669 4084 742 4133; x_wconf 89' lang='lat' dir='ltr'><strong>daret</strong></span> <span class='ocrx_word' id='word_1_320' title='bbox 757 4083 761 4144; x_wconf 87' lang='grc' dir='ltr'>Ι</span> <span class='ocrx_word' id='word_1_321' title='bbox 776 4096 877 4146; x_wconf 79' lang='lat' dir='ltr'><strong>possem</strong></span> <span class='ocrx_word' id='word_1_322' title='bbox 925 4090 940 4131; x_wconf 86' lang='grc'><strong>4</strong></span> <span class='ocrx_word' id='word_1_323' title='bbox 964 4084 1070 4135; x_wconf 75' lang='lat' dir='ltr'><strong>dimittis</strong></span> <span class='ocrx_word' id='word_1_324' title='bbox 1119 4086 1162 4147; x_wconf 86' lang='lat'><strong>13,</strong></span> <span class='ocrx_word' id='word_1_325' title='bbox 1181 4093 1196 4136; x_wconf 83' lang='lat'><strong>2</strong></span> <span class='ocrx_word' id='word_1_326' title='bbox 1217 4088 1285 4151; x_wconf 88' lang='lat' dir='ltr'><strong>quod</strong></span> <span class='ocrx_word' id='word_1_327' title='bbox 1305 4088 1338 4135; x_wconf 85' lang='lat' dir='ltr'><strong>ad</strong></span> <span class='ocrx_word' id='word_1_328' title='bbox 1358 4088 1497 4153; x_wconf 81' lang='lat' dir='ltr'><strong>quiequam</strong></span> 
     </span>
    </p>
   </div>
   <div class='ocr_carea' id='block_1_4' title="bbox 424 4171 1498 4338">
    <p class='ocr_par' dir='ltr' id='par_1_12' title="bbox 424 4171 1498 4338">
     <span class='ocr_line' id='line_1_35' title="bbox 425 4171 1498 4255; baseline 0.008 -23"><span class='ocrx_word' id='word_1_329' title='bbox 425 4189 441 4232; x_wconf 76' lang='lat'>³</span> <span class='ocrx_word' id='word_1_330' title='bbox 460 4184 587 4234; x_wconf 82' lang='lat' dir='ltr'><strong>iudicauit</strong></span> <span class='ocrx_word' id='word_1_331' title='bbox 609 4197 736 4247; x_wconf 83' lang='lat' dir='ltr'><strong>nusquam</strong></span> <span class='ocrx_word' id='word_1_332' title='bbox 756 4197 829 4235; x_wconf 84' lang='lat' dir='ltr'><strong>auum</strong></span> <span class='ocrx_word' id='word_1_333' title='bbox 872 4186 915 4247; x_wconf 82' lang='lat'><strong>14,</strong></span> <span class='ocrx_word' id='word_1_334' title='bbox 937 4194 947 4237; x_wconf 91' lang='lat' dir='ltr'>l</span> <span class='ocrx_word' id='word_1_335' title='bbox 966 4186 1041 4254; x_wconf 72' lang='lat' dir='ltr'><strong>Gryn.</strong></span> <span class='ocrx_word' id='word_1_336' title='bbox 1062 4189 1177 4239; x_wconf 87' lang='lat' dir='ltr'><strong>ordinem</strong></span> <span class='ocrx_word' id='word_1_337' title='bbox 1193 4190 1199 4251; x_wconf 74' lang='lat' dir='ltr'>l</span> <span class='ocrx_word' id='word_1_338' title='bbox 1214 4171 1344 4239; x_wconf 67' lang='lat' dir='ltr'><strong>iudicaent</strong></span> <span class='ocrx_word' id='word_1_339' title='bbox 1359 4190 1364 4253; x_wconf 81' lang='grc' dir='ltr'>Ι</span> <span class='ocrx_word' id='word_1_340' title='bbox 1380 4192 1498 4255; x_wconf 75' lang='lat' dir='ltr'><strong>iptorum</strong></span> 
     </span>
     <span class='ocr_line' id='line_1_36' title="bbox 424 4269 1127 4338; baseline 0.011 -22"><span class='ocrx_word' id='word_1_341' title='bbox 424 4276 452 4316; x_wconf 83' lang='lat' dir='ltr'><strong>et</strong></span> <span class='ocrx_word' id='word_1_342' title='bbox 487 4276 503 4319; x_wconf 80' lang='lat'><em>8</em></span> <span class='ocrx_word' id='word_1_343' title='bbox 522 4277 551 4317; x_wconf 89' lang='lat' dir='ltr'><strong>ut</strong></span> <span class='ocrx_word' id='word_1_344' title='bbox 568 4284 669 4334; x_wconf 76' lang='lat' dir='ltr'><strong>semper</strong></span> <span class='ocrx_word' id='word_1_345' title='bbox 682 4269 757 4320; x_wconf 76' lang='lat' dir='ltr'><strong>Gran,</strong></span> <span class='ocrx_word' id='word_1_346' title='bbox 774 4273 779 4333; x_wconf 92' lang='grc'>1</span> <span class='ocrx_word' id='word_1_347' title='bbox 795 4270 943 4323; x_wconf 74' lang='lat' dir='ltr'><strong>iecissemut</strong></span> <span class='ocrx_word' id='word_1_348' title='bbox 961 4276 1127 4338; x_wconf 75' lang='lat' dir='ltr'><strong>imperatores</strong></span> 
     </span>
    </p>
   </div>
   <div class='ocr_carea' id='block_1_5' title="bbox 0 0 1746 5084">
    <p class='ocr_par' dir='ltr' id='par_1_13' title="bbox 0 0 1746 5084">
     <span class='ocr_line' id='line_1_37' title="bbox 0 0 1746 5084; baseline 0 0"><span class='ocrx_word' id='word_1_349' title='bbox 0 0 1746 5084; x_wconf 95' lang='lat' dir='ltr'><strong> </strong></span> 
     </span>
    </p>
   </div>
  </div>
 </body>
</html>
