<?xml version="1.0" encoding="UTF-8"?>
<!DOCTYPE html PUBLIC "-//W3C//DTD XHTML 1.0 Transitional//EN"
    "http://www.w3.org/TR/xhtml1/DTD/xhtml1-transitional.dtd">
<html xmlns="http://www.w3.org/1999/xhtml" xml:lang="en" lang="en">
 <head>
  <title>
</title>
<meta http-equiv="Content-Type" content="text/html;charset=utf-8" />
  <meta name='ocr-system' content='tesseract 3.04.00' />
  <meta name='ocr-capabilities' content='ocr_page ocr_carea ocr_par ocr_line ocrx_word'/>
</head>
<body>
  <div class='ocr_page' id='page_1' title='image "./titiliviihistor02ussigoog_0124.png"; bbox 0 0 3475 5084; ppageno 0'>
   <div class='ocr_carea' id='block_1_1' title="bbox 461 498 1174 576">
    <p class='ocr_par' dir='ltr' id='par_1_1' title="bbox 461 498 1174 576">
     <span class='ocr_line' id='line_1_1' title="bbox 461 498 1174 576; baseline -0.007 -22"><span class='ocrx_word' id='word_1_1' title='bbox 461 509 500 564; x_wconf 81' lang='grc'><strong>94</strong></span> <span class='ocrx_word' id='word_1_2' title='bbox 725 499 804 552; x_wconf 82' lang='lat' dir='ltr'><strong>Liber</strong></span> <span class='ocrx_word' id='word_1_3' title='bbox 821 500 906 576; x_wconf 71' lang='lat' dir='ltr'><strong>xan.</strong></span> <span class='ocrx_word' id='word_1_4' title='bbox 944 500 991 564; x_wconf 75' lang='lat' dir='ltr'><strong>(A.</strong></span> <span class='ocrx_word' id='word_1_5' title='bbox 1011 515 1036 550; x_wconf 89' lang='grc' dir='ltr'><strong>ιι.</strong></span> <span class='ocrx_word' id='word_1_6' title='bbox 1057 514 1079 550; x_wconf 91' lang='lat' dir='ltr'><strong>c.</strong></span> <span class='ocrx_word' id='word_1_7' title='bbox 1101 498 1174 565; x_wconf 74' lang='grc'>583.)</span> 
     </span>
    </p>
   </div>
   <div class='ocr_carea' id='block_1_2' title="bbox 334 685 1506 2653">
    <p class='ocr_par' dir='ltr' id='par_1_2' title="bbox 334 685 1506 2653">
     <span class='ocr_line' id='line_1_2' title="bbox 417 685 1506 762; baseline -0.007 -16"><span class='ocrx_word' id='word_1_8' title='bbox 417 707 531 762; x_wconf 90' lang='lat' dir='ltr'><strong>cunque</strong></span> <span class='ocrx_word' id='word_1_9' title='bbox 553 705 637 744; x_wconf 84' lang='lat' dir='ltr'><strong>casus</strong></span> <span class='ocrx_word' id='word_1_10' title='bbox 663 687 729 744; x_wconf 86' lang='lat' dir='ltr'><strong>belli</strong></span> <span class='ocrx_word' id='word_1_11' title='bbox 753 686 865 758; x_wconf 88' lang='lat' dir='ltr'><strong>tulerit,</strong></span> <span class='ocrx_word' id='word_1_12' title='bbox 901 695 952 744; x_wconf 89' lang='lat' dir='ltr'><strong>aut</strong></span> <span class='ocrx_word' id='word_1_13' title='bbox 979 686 1073 743; x_wconf 84' lang='lat' dir='ltr'><strong>victor</strong></span> <span class='ocrx_word' id='word_1_14' title='bbox 1095 686 1197 742; x_wconf 85' lang='lat' dir='ltr'><strong>liberet</strong></span> <span class='ocrx_word' id='word_1_15' title='bbox 1219 685 1319 742; x_wconf 87' lang='lat' dir='ltr'><strong>orbem</strong></span> <span class='ocrx_word' id='word_1_16' title='bbox 1343 692 1506 739; x_wconf 86' lang='lat' dir='ltr'><strong>terrarum</strong></span> 
     </span>
     <span class='ocr_line' id='line_1_3' title="bbox 359 788 1505 868; baseline -0.004 -17"><span class='ocrx_word' id='word_1_17' title='bbox 359 796 394 851; x_wconf 88' lang='grc'><strong>10</strong></span> <span class='ocrx_word' id='word_1_18' title='bbox 417 795 455 852; x_wconf 89' lang='lat' dir='ltr'><strong>ab</strong></span> <span class='ocrx_word' id='word_1_19' title='bbox 476 793 599 868; x_wconf 89' lang='lat' dir='ltr'><strong>imperio</strong></span> <span class='ocrx_word' id='word_1_20' title='bbox 623 792 767 848; x_wconf 87' lang='lat' dir='ltr'><strong>Romano.</strong></span> <span class='ocrx_word' id='word_1_21' title='bbox 811 793 880 849; x_wconf 91' lang='lat' dir='ltr'><strong>Non</strong></span> <span class='ocrx_word' id='word_1_22' title='bbox 904 811 967 850; x_wconf 90' lang='lat' dir='ltr'><strong>esse</strong></span> <span class='ocrx_word' id='word_1_23' title='bbox 988 790 1354 850; x_wconf 83' lang='lat' dir='ltr'><strong>admirabilius&#39;Romanos</strong></span> <span class='ocrx_word' id='word_1_24' title='bbox 1371 788 1505 847; x_wconf 79' lang='lat' dir='ltr'><strong>Graecia</strong></span> 
     </span>
     <span class='ocr_line' id='line_1_4' title="bbox 418 894 1505 975; baseline -0.006 -20"><span class='ocrx_word' id='word_1_25' title='bbox 418 898 501 975; x_wconf 90' lang='lat' dir='ltr'><strong>pelli,</strong></span> <span class='ocrx_word' id='word_1_26' title='bbox 533 917 620 971; x_wconf 89' lang='lat' dir='ltr'><strong>quam</strong></span> <span class='ocrx_word' id='word_1_27' title='bbox 648 896 844 954; x_wconf 88' lang='lat' dir='ltr'><strong>Hannibalem</strong></span> <span class='ocrx_word' id='word_1_28' title='bbox 880 897 968 955; x_wconf 86' lang='lat' dir='ltr'><strong>ltalia</strong></span> <span class='ocrx_word' id='word_1_29' title='bbox 996 897 1109 972; x_wconf 80' lang='lat' dir='ltr'><strong>pulsum</strong></span> <span class='ocrx_word' id='word_1_30' title='bbox 1141 913 1218 963; x_wconf 72' lang='lat' dir='ltr'><strong>esse,</strong></span> <span class='ocrx_word' id='word_1_31' title='bbox 1247 914 1343 969; x_wconf 93' lang='lat' dir='ltr'><strong>neque</strong></span> <span class='ocrx_word' id='word_1_32' title='bbox 1372 894 1505 960; x_wconf 79' lang='lat' dir='ltr'><strong>hercule</strong></span> 
     </span>
     <span class='ocr_line' id='line_1_5' title="bbox 387 1000 1501 1076; baseline -0.004 -15"><span class='ocrx_word' id='word_1_33' title='bbox 387 1048 394 1062; x_wconf 94' lang='lat'><strong>.</strong></span> <span class='ocrx_word' id='word_1_34' title='bbox 419 1003 535 1072; x_wconf 84' lang='lat' dir='ltr'><strong>videre,</strong></span> <span class='ocrx_word' id='word_1_35' title='bbox 563 1002 612 1076; x_wconf 89' lang='lat' dir='ltr'><strong>qui</strong></span> <span class='ocrx_word' id='word_1_36' title='bbox 635 1003 803 1072; x_wconf 85' lang='lat' dir='ltr'><strong>conveniat,</strong></span> <span class='ocrx_word' id='word_1_37' title='bbox 832 1001 915 1059; x_wconf 83' lang='lat' dir='ltr'><strong>fratri</strong></span> <span class='ocrx_word' id='word_1_38' title='bbox 939 1000 1096 1058; x_wconf 78' lang='lat' dir='ltr'><strong>adfectanti</strong></span> <span class='ocrx_word' id='word_1_39' title='bbox 1124 1019 1177 1075; x_wconf 90' lang='lat' dir='ltr'><strong>per</strong></span> <span class='ocrx_word' id='word_1_40' title='bbox 1203 1000 1337 1057; x_wconf 89' lang='lat' dir='ltr'><strong>iniuriam</strong></span> <span class='ocrx_word' id='word_1_41' title='bbox 1366 1018 1501 1075; x_wconf 87' lang='lat' dir='ltr'><strong>regnum</strong></span> 
     </span>
     <span class='ocr_line' id='line_1_6' title="bbox 359 1106 1504 1182; baseline 0.002 -23"><span class='ocrx_word' id='word_1_42' title='bbox 359 1106 391 1160; x_wconf 90' lang='lat' dir='ltr'><strong>ll</strong></span> <span class='ocrx_word' id='word_1_43' title='bbox 418 1127 532 1165; x_wconf 89' lang='lat' dir='ltr'><strong>summa</strong></span> <span class='ocrx_word' id='word_1_44' title='bbox 546 1108 575 1163; x_wconf 86' lang='lat' dir='ltr'><strong>vi</strong></span> <span class='ocrx_word' id='word_1_45' title='bbox 590 1108 738 1176; x_wconf 73' lang='lat' dir='ltr'><strong>restitisse,</strong></span> <span class='ocrx_word' id='word_1_46' title='bbox 754 1106 923 1181; x_wconf 82' lang='lat' dir='ltr'><strong>alienigenis</strong></span> <span class='ocrx_word' id='word_1_47' title='bbox 937 1107 1011 1164; x_wconf 91' lang='lat' dir='ltr'><strong>bene</strong></span> <span class='ocrx_word' id='word_1_48' title='bbox 1025 1117 1109 1182; x_wconf 87' lang='lat' dir='ltr'><strong>parto</strong></span> <span class='ocrx_word' id='word_1_49' title='bbox 1126 1126 1160 1163; x_wconf 89' lang='lat' dir='ltr'><strong>eo</strong></span> <span class='ocrx_word' id='word_1_50' title='bbox 1177 1107 1288 1163; x_wconf 83' lang='lat' dir='ltr'><strong>cedere.</strong></span> <span class='ocrx_word' id='word_1_51' title='bbox 1330 1106 1504 1163; x_wconf 87' lang='lat' dir='ltr'><strong>Postremo</strong></span> 
     </span>
     <span class='ocr_line' id='line_1_7' title="bbox 416 1211 1500 1287; baseline -0.003 -17"><span class='ocrx_word' id='word_1_52' title='bbox 416 1214 459 1271; x_wconf 87' lang='lat' dir='ltr'><strong>ita</strong></span> <span class='ocrx_word' id='word_1_53' title='bbox 481 1213 515 1269; x_wconf 85' lang='lat' dir='ltr'><strong>dc</strong></span> <span class='ocrx_word' id='word_1_54' title='bbox 536 1213 611 1269; x_wconf 93' lang='lat' dir='ltr'><strong>bello</strong></span> <span class='ocrx_word' id='word_1_55' title='bbox 631 1223 660 1269; x_wconf 91' lang='lat' dir='ltr'><strong>et</strong></span> <span class='ocrx_word' id='word_1_56' title='bbox 681 1230 753 1287; x_wconf 89' lang='lat' dir='ltr'><strong>pace</strong></span> <span class='ocrx_word' id='word_1_57' title='bbox 776 1211 875 1285; x_wconf 85' lang='lat' dir='ltr'><strong>quaeri,</strong></span> <span class='ocrx_word' id='word_1_58' title='bbox 897 1221 929 1267; x_wconf 90' lang='lat' dir='ltr'><strong>ut</strong></span> <span class='ocrx_word' id='word_1_59' title='bbox 946 1211 1021 1267; x_wconf 89' lang='lat' dir='ltr'><strong>iuter</strong></span> <span class='ocrx_word' id='word_1_60' title='bbox 1042 1230 1142 1268; x_wconf 91' lang='lat' dir='ltr'><strong>omnes</strong></span> <span class='ocrx_word' id='word_1_61' title='bbox 1164 1211 1328 1281; x_wconf 76' lang='lat' dir='ltr'><strong>conveniat,</strong></span> <span class='ocrx_word' id='word_1_62' title='bbox 1351 1230 1411 1267; x_wconf 92' lang='lat' dir='ltr'><strong>nec</strong></span> <span class='ocrx_word' id='word_1_63' title='bbox 1431 1222 1500 1267; x_wconf 88' lang='lat' dir='ltr'><strong>tur-</strong></span> 
     </span>
     <span class='ocr_line' id='line_1_8' title="bbox 416 1315 1503 1393; baseline 0 -20"><span class='ocrx_word' id='word_1_64' title='bbox 416 1317 659 1393; x_wconf 68' lang='lat' dir='ltr'><strong>piusquicquam</strong></span> <span class='ocrx_word' id='word_1_65' title='bbox 688 1335 859 1390; x_wconf 88' lang='lat' dir='ltr'><strong>essequam</strong></span> <span class='ocrx_word' id='word_1_66' title='bbox 890 1316 952 1373; x_wconf 87' lang='lat' dir='ltr'><strong>sine</strong></span> <span class='ocrx_word' id='word_1_67' title='bbox 979 1315 1135 1373; x_wconf 84' lang='lat' dir='ltr'><strong>certamine</strong></span> <span class='ocrx_word' id='word_1_68' title='bbox 1157 1317 1277 1373; x_wconf 84' lang='lat' dir='ltr'><strong>cessisse</strong></span> <span class='ocrx_word' id='word_1_69' title='bbox 1298 1334 1410 1391; x_wconf 90' lang='lat' dir='ltr'><strong>regno,</strong></span> <span class='ocrx_word' id='word_1_70' title='bbox 1440 1333 1503 1373; x_wconf 88' lang='lat' dir='ltr'><strong>nec</strong></span> 
     </span>
     <span class='ocr_line' id='line_1_9' title="bbox 417 1421 1500 1497; baseline 0 -20"><span class='ocrx_word' id='word_1_71' title='bbox 417 1422 585 1497; x_wconf 85' lang='lat' dir='ltr'><strong>praeclarius</strong></span> <span class='ocrx_word' id='word_1_72' title='bbox 611 1421 766 1495; x_wconf 90' lang='lat' dir='ltr'><strong>quicquam</strong></span> <span class='ocrx_word' id='word_1_73' title='bbox 789 1440 873 1495; x_wconf 83' lang='lat' dir='ltr'><strong>quam</strong></span> <span class='ocrx_word' id='word_1_74' title='bbox 899 1440 952 1496; x_wconf 87' lang='lat' dir='ltr'><strong>pro</strong></span> <span class='ocrx_word' id='word_1_75' title='bbox 978 1421 1118 1497; x_wconf 81' lang='lat' dir='ltr'><strong>dignitate</strong></span> <span class='ocrx_word' id='word_1_76' title='bbox 1139 1440 1174 1478; x_wconf 91' lang='lat' dir='ltr'><strong>ac</strong></span> <span class='ocrx_word' id='word_1_77' title='bbox 1196 1422 1349 1481; x_wconf 90' lang='lat' dir='ltr'><strong>maiestate</strong></span> <span class='ocrx_word' id='word_1_78' title='bbox 1372 1440 1500 1478; x_wconf 89' lang='lat' dir='ltr'><strong>omnem</strong></span> 
     </span>
     <span class='ocr_line' id='line_1_10' title="bbox 416 1524 1067 1609; baseline -0.003 -26"><span class='ocrx_word' id='word_1_79' title='bbox 416 1524 563 1583; x_wconf 83' lang='lat' dir='ltr'><strong>fortunam</strong></span> <span class='ocrx_word' id='word_1_80' title='bbox 586 1536 736 1602; x_wconf 86' lang='lat' dir='ltr'><strong>expertum</strong></span> <span class='ocrx_word' id='word_1_81' title='bbox 758 1544 830 1587; x_wconf 88' lang='lat' dir='ltr'><strong>esse.</strong></span> <span class='ocrx_word' id='word_1_82' title='bbox 1066 1604 1067 1609; x_wconf 7' lang='grc' dir='ltr'>ἵ</span> 
     </span>
     <span class='ocr_line' id='line_1_11' title="bbox 334 1620 1498 1706; baseline -0.002 -18"><span class='ocrx_word' id='word_1_83' title='bbox 334 1620 373 1694; x_wconf 76' lang='lat'><strong>51</strong></span> <span class='ocrx_word' id='word_1_84' title='bbox 458 1701 466 1706; x_wconf 21' lang='grc' dir='ltr'><em>Α</em></span> <span class='ocrx_word' id='word_1_85' title='bbox 501 1631 607 1700; x_wconf 82' lang='lat' dir='ltr'><strong>Pellae,</strong></span> <span class='ocrx_word' id='word_1_86' title='bbox 636 1632 665 1687; x_wconf 94' lang='lat' dir='ltr'><strong>in</strong></span> <span class='ocrx_word' id='word_1_87' title='bbox 687 1642 785 1687; x_wconf 85' lang='lat' dir='ltr'><strong>vetere</strong></span> <span class='ocrx_word' id='word_1_88' title='bbox 814 1627 897 1705; x_wconf 83' lang='lat' dir='ltr'><strong>regia</strong></span> <span class='ocrx_word' id='word_1_89' title='bbox 917 1630 1127 1701; x_wconf 83' lang='lat' dir='ltr'><strong>Macedonum,</strong></span> <span class='ocrx_word' id='word_1_90' title='bbox 1156 1632 1212 1687; x_wconf 92' lang='lat' dir='ltr'><strong>hoc</strong></span> <span class='ocrx_word' id='word_1_91' title='bbox 1240 1630 1393 1688; x_wconf 91' lang='lat' dir='ltr'><strong>consilium</strong></span> <span class='ocrx_word' id='word_1_92' title='bbox 1419 1638 1498 1686; x_wconf 85' lang='lat' dir='ltr'><strong>erat.</strong></span> 
     </span>
     <span class='ocr_line' id='line_1_12' title="bbox 420 1719 1498 1810; baseline -0.005 -15"><span class='ocrx_word' id='word_1_93' title='bbox 420 1735 585 1806; x_wconf 87' lang='lat' dir='ltr'><strong>„Geramus</strong></span> <span class='ocrx_word' id='word_1_94' title='bbox 601 1740 689 1809; x_wconf 86' lang='lat' dir='ltr'><strong>ergo“</strong></span> <span class='ocrx_word' id='word_1_95' title='bbox 713 1719 816 1809; x_wconf 84' lang='lat' dir='ltr'><strong>inquit,</strong></span> <span class='ocrx_word' id='word_1_96' title='bbox 839 1737 902 1803; x_wconf 86' lang='lat' dir='ltr'><strong>„dis</strong></span> <span class='ocrx_word' id='word_1_97' title='bbox 923 1737 996 1793; x_wconf 90' lang='lat' dir='ltr'><strong>bene</strong></span> <span class='ocrx_word' id='word_1_98' title='bbox 1016 1736 1191 1806; x_wconf 88' lang='lat' dir='ltr'><strong>iuvantibus,</strong></span> <span class='ocrx_word' id='word_1_99' title='bbox 1214 1737 1330 1810; x_wconf 87' lang='lat' dir='ltr'><strong>quando</strong></span> <span class='ocrx_word' id='word_1_100' title='bbox 1350 1736 1393 1791; x_wconf 86' lang='lat' dir='ltr'><strong>ita</strong></span> <span class='ocrx_word' id='word_1_101' title='bbox 1409 1734 1498 1791; x_wconf 88' lang='lat' dir='ltr'><strong>vide-</strong></span> 
     </span>
     <span class='ocr_line' id='line_1_13' title="bbox 417 1840 1499 1916; baseline -0.001 -19"><span class='ocrx_word' id='word_1_102' title='bbox 417 1850 473 1908; x_wconf 87' lang='lat' dir='ltr'><strong>tur,</strong></span> <span class='ocrx_word' id='word_1_103' title='bbox 488 1840 624 1899; x_wconf 84' lang='lat' dir='ltr'><strong>bellum.“</strong></span> <span class='ocrx_word' id='word_1_104' title='bbox 650 1841 824 1914; x_wconf 87' lang='lat' dir='ltr'><strong>Litterisque</strong></span> <span class='ocrx_word' id='word_1_105' title='bbox 839 1841 917 1897; x_wconf 86' lang='lat' dir='ltr'><strong>circa</strong></span> <span class='ocrx_word' id='word_1_106' title='bbox 931 1840 1082 1916; x_wconf 67' lang='lat' dir='ltr'><strong>praefectos</strong></span> <span class='ocrx_word' id='word_1_107' title='bbox 1098 1841 1233 1913; x_wconf 77' lang='lat' dir='ltr'><strong>dimissis,</strong></span> <span class='ocrx_word' id='word_1_108' title='bbox 1249 1841 1356 1899; x_wconf 84' lang='lat' dir='ltr'><strong>Citium</strong></span> <span class='ocrx_word' id='word_1_109' title='bbox 1375 1841 1499 1913; x_wconf 86' lang='lat' dir='ltr'><strong>(Mace-</strong></span> 
     </span>
     <span class='ocr_line' id='line_1_14' title="bbox 377 1937 1497 2022; baseline 0.002 -21"><span class='ocrx_word' id='word_1_110' title='bbox 377 1937 512 2001; x_wconf 80' lang='lat' dir='ltr'><strong>2d0niae</strong></span> <span class='ocrx_word' id='word_1_111' title='bbox 540 1944 678 2019; x_wconf 91' lang='lat' dir='ltr'><strong>oppidum</strong></span> <span class='ocrx_word' id='word_1_112' title='bbox 709 1945 770 2021; x_wconf 78' lang='lat' dir='ltr'><strong>est)</strong></span> <span class='ocrx_word' id='word_1_113' title='bbox 802 1946 901 2021; x_wconf 89' lang='lat' dir='ltr'><strong>copias</strong></span> <span class='ocrx_word' id='word_1_114' title='bbox 932 1964 1032 2001; x_wconf 92' lang='lat' dir='ltr'><strong>omnes</strong></span> <span class='ocrx_word' id='word_1_115' title='bbox 1060 1946 1211 2012; x_wconf 87' lang='lat' dir='ltr'><strong>contrahit.</strong></span> <span class='ocrx_word' id='word_1_116' title='bbox 1258 1947 1342 2022; x_wconf 82' lang='lat' dir='ltr'><strong>lpse,</strong></span> <span class='ocrx_word' id='word_1_117' title='bbox 1373 1957 1497 2003; x_wconf 87' lang='lat' dir='ltr'><strong>centum</strong></span> 
     </span>
     <span class='ocr_line' id='line_1_15' title="bbox 417 2040 1497 2125; baseline -0.001 -19"><span class='ocrx_word' id='word_1_118' title='bbox 417 2049 682 2110; x_wconf 83' lang='lat' dir='ltr'><strong>hostiissacrificio</strong></span> <span class='ocrx_word' id='word_1_119' title='bbox 711 2051 848 2125; x_wconf 83' lang='lat' dir='ltr'><strong>regaliter</strong></span> <span class='ocrx_word' id='word_1_120' title='bbox 869 2040 1025 2120; x_wconf 77' lang='lat' dir='ltr'><strong>Minerva,</strong></span> <span class='ocrx_word' id='word_1_121' title='bbox 1056 2069 1143 2124; x_wconf 86' lang='lat' dir='ltr'><strong>quum</strong></span> <span class='ocrx_word' id='word_1_122' title='bbox 1171 2060 1278 2108; x_wconf 85' lang='lat' dir='ltr'><strong>vocant</strong></span> <span class='ocrx_word' id='word_1_123' title='bbox 1302 2051 1497 2120; x_wconf 89' lang='lat' dir='ltr'><strong>Alcidemon,</strong></span> 
     </span>
     <span class='ocr_line' id='line_1_16' title="bbox 417 2136 1495 2231; baseline 0.004 -22"><span class='ocrx_word' id='word_1_124' title='bbox 417 2152 512 2222; x_wconf 86' lang='lat' dir='ltr'><strong>facto,</strong></span> <span class='ocrx_word' id='word_1_125' title='bbox 533 2173 599 2210; x_wconf 91' lang='lat' dir='ltr'><strong>cum</strong></span> <span class='ocrx_word' id='word_1_126' title='bbox 621 2168 844 2231; x_wconf 87' lang='lat' dir='ltr'><strong>purpuratorum</strong></span> <span class='ocrx_word' id='word_1_127' title='bbox 867 2164 896 2213; x_wconf 89' lang='lat' dir='ltr'><strong>et</strong></span> <span class='ocrx_word' id='word_1_128' title='bbox 918 2136 1072 2212; x_wconf 82' lang='lat' dir='ltr'><strong>satellitum</strong></span> <span class='ocrx_word' id='word_1_129' title='bbox 1096 2175 1184 2212; x_wconf 88' lang='lat' dir='ltr'><strong>manu</strong></span> <span class='ocrx_word' id='word_1_130' title='bbox 1208 2154 1356 2230; x_wconf 86' lang='lat' dir='ltr'><strong>profectus</strong></span> <span class='ocrx_word' id='word_1_131' title='bbox 1381 2154 1495 2213; x_wconf 91' lang='lat' dir='ltr'><strong>Citium</strong></span> 
     </span>
     <span class='ocr_line' id='line_1_17' title="bbox 418 2260 1494 2319; baseline 0.003 -4"><span class='ocrx_word' id='word_1_132' title='bbox 418 2269 471 2316; x_wconf 87' lang='lat' dir='ltr'><strong>est.</strong></span> <span class='ocrx_word' id='word_1_133' title='bbox 519 2260 565 2316; x_wconf 88' lang='lat' dir='ltr'><strong>Eo</strong></span> <span class='ocrx_word' id='word_1_134' title='bbox 590 2260 649 2316; x_wconf 88' lang='lat' dir='ltr'><strong>iam</strong></span> <span class='ocrx_word' id='word_1_135' title='bbox 679 2281 779 2317; x_wconf 88' lang='lat' dir='ltr'><strong>omnes</strong></span> <span class='ocrx_word' id='word_1_136' title='bbox 811 2262 1005 2319; x_wconf 88' lang='lat' dir='ltr'><strong>Macedonum</strong></span> <span class='ocrx_word' id='word_1_137' title='bbox 1035 2269 1062 2317; x_wconf 89' lang='lat' dir='ltr'><strong>et</strong></span> <span class='ocrx_word' id='word_1_138' title='bbox 1093 2270 1276 2317; x_wconf 86' lang='lat' dir='ltr'><strong>externorum</strong></span> <span class='ocrx_word' id='word_1_139' title='bbox 1311 2261 1494 2318; x_wconf 86' lang='lat' dir='ltr'><strong>auxiliorum</strong></span> 
     </span>
     <span class='ocr_line' id='line_1_18' title="bbox 378 2344 1494 2440; baseline 0.002 -19"><span class='ocrx_word' id='word_1_140' title='bbox 378 2359 395 2413; x_wconf 84' lang='lat'><strong>3</strong></span> <span class='ocrx_word' id='word_1_141' title='bbox 418 2376 613 2421; x_wconf 85' lang='lat' dir='ltr'><strong>convenerant</strong></span> <span class='ocrx_word' id='word_1_142' title='bbox 634 2366 734 2440; x_wconf 77' lang='lat' dir='ltr'><strong>copiae.</strong></span> <span class='ocrx_word' id='word_1_143' title='bbox 779 2364 885 2424; x_wconf 86' lang='lat' dir='ltr'><strong>Castra</strong></span> <span class='ocrx_word' id='word_1_144' title='bbox 906 2376 973 2423; x_wconf 90' lang='lat' dir='ltr'><strong>ante</strong></span> <span class='ocrx_word' id='word_1_145' title='bbox 1002 2344 1102 2422; x_wconf 89' lang='lat' dir='ltr'><strong>urbem</strong></span> <span class='ocrx_word' id='word_1_146' title='bbox 1125 2366 1221 2440; x_wconf 91' lang='lat' dir='ltr'><strong>ponit,</strong></span> <span class='ocrx_word' id='word_1_147' title='bbox 1250 2385 1413 2440; x_wconf 90' lang='lat' dir='ltr'><strong>omnesque</strong></span> <span class='ocrx_word' id='word_1_148' title='bbox 1444 2387 1494 2423; x_wconf 89' lang='lat' dir='ltr'><strong>ar·</strong></span> 
     </span>
     <span class='ocr_line' id='line_1_19' title="bbox 419 2470 1494 2546; baseline 0.006 -22"><span class='ocrx_word' id='word_1_149' title='bbox 419 2479 523 2525; x_wconf 82' lang='lat' dir='ltr'><strong>mutos·</strong></span> <span class='ocrx_word' id='word_1_150' title='bbox 541 2471 569 2526; x_wconf 89' lang='lat' dir='ltr'><strong>in</strong></span> <span class='ocrx_word' id='word_1_151' title='bbox 592 2488 696 2545; x_wconf 91' lang='lat' dir='ltr'><strong>campo</strong></span> <span class='ocrx_word' id='word_1_152' title='bbox 720 2471 865 2527; x_wconf 88' lang='lat' dir='ltr'><strong>instruxit.</strong></span> <span class='ocrx_word' id='word_1_153' title='bbox 909 2470 1030 2529; x_wconf 89' lang='lat' dir='ltr'><strong>Summa</strong></span> <span class='ocrx_word' id='word_1_154' title='bbox 1059 2471 1185 2527; x_wconf 92' lang='lat' dir='ltr'><strong>omnium</strong></span> <span class='ocrx_word' id='word_1_155' title='bbox 1215 2472 1494 2546; x_wconf 83' lang='lat' dir='ltr'><strong>quadragintatria</strong></span> 
     </span>
     <span class='ocr_line' id='line_1_20' title="bbox 419 2574 1493 2653; baseline 0.006 -24"><span class='ocrx_word' id='word_1_156' title='bbox 419 2574 498 2630; x_wconf 87' lang='lat' dir='ltr'><strong>milia</strong></span> <span class='ocrx_word' id='word_1_157' title='bbox 525 2585 639 2631; x_wconf 87' lang='lat' dir='ltr'><strong>armata</strong></span> <span class='ocrx_word' id='word_1_158' title='bbox 665 2574 765 2644; x_wconf 86' lang='lat' dir='ltr'><strong>fuere,</strong></span> <span class='ocrx_word' id='word_1_159' title='bbox 796 2594 918 2649; x_wconf 91' lang='lat' dir='ltr'><strong>quorum</strong></span> <span class='ocrx_word' id='word_1_160' title='bbox 948 2594 1017 2650; x_wconf 88' lang='lat' dir='ltr'><strong>pars</strong></span> <span class='ocrx_word' id='word_1_161' title='bbox 1042 2575 1133 2633; x_wconf 83' lang='lat' dir='ltr'><strong>ferme</strong></span> <span class='ocrx_word' id='word_1_162' title='bbox 1162 2577 1282 2633; x_wconf 87' lang='lat' dir='ltr'><strong>dimidia</strong></span> <span class='ocrx_word' id='word_1_163' title='bbox 1308 2578 1493 2653; x_wconf 78' lang='lat' dir='ltr'><strong>phalangitas</strong></span> 
     </span>
    </p>
   </div>
   <div class='ocr_carea' id='block_1_3' title="bbox 378 2664 1492 2763">
    <p class='ocr_par' dir='ltr' id='par_1_3' title="bbox 378 2664 1492 2763">
     <span class='ocr_line' id='line_1_21' title="bbox 378 2664 1492 2763; baseline 0.004 -27"><span class='ocrx_word' id='word_1_164' title='bbox 378 2670 508 2736; x_wconf 65' lang='lat' dir='ltr'><strong>‘lerant</strong></span> <span class='ocrx_word' id='word_1_165' title='bbox 553 2678 678 2753; x_wconf 82' lang='lat' dir='ltr'><strong>Hippias</strong></span> <span class='ocrx_word' id='word_1_166' title='bbox 702 2682 847 2736; x_wconf 86' lang='lat' dir='ltr'><strong>Beroeaeus</strong></span> <span class='ocrx_word' id='word_1_167' title='bbox 869 2664 1001 2753; x_wconf 67' lang='lat' dir='ltr'><strong>p&#39;raeerat.</strong></span> <span class='ocrx_word' id='word_1_168' title='bbox 1044 2681 1167 2738; x_wconf 73' lang='lat' dir='ltr'><strong>Deleeta</strong></span> <span class='ocrx_word' id='word_1_169' title='bbox 1194 2684 1298 2763; x_wconf 85' lang='lat' dir='ltr'><strong>deinde</strong></span> <span class='ocrx_word' id='word_1_170' title='bbox 1326 2694 1354 2740; x_wconf 87' lang='lat' dir='ltr'><strong>et</strong></span> <span class='ocrx_word' id='word_1_171' title='bbox 1377 2684 1492 2740; x_wconf 87' lang='lat' dir='ltr'><strong>viribus</strong></span> 
     </span>
    </p>
   </div>
   <div class='ocr_carea' id='block_1_4' title="bbox 311 2784 1492 3281">
    <p class='ocr_par' dir='ltr' id='par_1_4' title="bbox 311 2784 1492 3281">
     <span class='ocr_line' id='line_1_22' title="bbox 419 2784 1492 2858; baseline 0.005 -18"><span class='ocrx_word' id='word_1_172' title='bbox 419 2794 447 2840; x_wconf 89' lang='lat' dir='ltr'><strong>et</strong></span> <span class='ocrx_word' id='word_1_173' title='bbox 469 2784 574 2840; x_wconf 85' lang='lat' dir='ltr'><strong>robore</strong></span> <span class='ocrx_word' id='word_1_174' title='bbox 596 2784 688 2839; x_wconf 87' lang='lat' dir='ltr'><strong>aetatis</strong></span> <span class='ocrx_word' id='word_1_175' title='bbox 710 2803 747 2840; x_wconf 91' lang='lat' dir='ltr'><strong>ex</strong></span> <span class='ocrx_word' id='word_1_176' title='bbox 769 2785 846 2840; x_wconf 92' lang='lat' dir='ltr'><strong>omni</strong></span> <span class='ocrx_word' id='word_1_177' title='bbox 870 2794 1044 2841; x_wconf 87' lang='lat' dir='ltr'><strong>cetratorum</strong></span> <span class='ocrx_word' id='word_1_178' title='bbox 1067 2805 1187 2843; x_wconf 90' lang='lat' dir='ltr'><strong>numero</strong></span> <span class='ocrx_word' id='word_1_179' title='bbox 1210 2788 1368 2844; x_wconf 79' lang='lat' dir='ltr'><strong>duomilia</strong></span> <span class='ocrx_word' id='word_1_180' title='bbox 1391 2800 1492 2858; x_wconf 83' lang='lat' dir='ltr'><strong>erant3</strong></span> 
     </span>
     <span class='ocr_line' id='line_1_23' title="bbox 418 2889 1491 2966; baseline 0.007 -23"><span class='ocrx_word' id='word_1_181' title='bbox 418 2906 524 2962; x_wconf 85' lang='lat' dir='ltr'><strong>agema</strong></span> <span class='ocrx_word' id='word_1_182' title='bbox 545 2890 620 2944; x_wconf 88' lang='lat' dir='ltr'><strong>hanc</strong></span> <span class='ocrx_word' id='word_1_183' title='bbox 641 2889 696 2963; x_wconf 87' lang='lat' dir='ltr'><strong>ipsi</strong></span> <span class='ocrx_word' id='word_1_184' title='bbox 717 2889 859 2963; x_wconf 92' lang='lat' dir='ltr'><strong>legionem</strong></span> <span class='ocrx_word' id='word_1_185' title='bbox 883 2891 1041 2960; x_wconf 72' lang='lat' dir='ltr'><strong>vocabant,</strong></span> <span class='ocrx_word' id='word_1_186' title='bbox 1063 2891 1215 2966; x_wconf 73' lang='lat' dir='ltr'><strong>praefectos</strong></span> <span class='ocrx_word' id='word_1_187' title='bbox 1236 2893 1366 2949; x_wconf 88' lang='lat' dir='ltr'><strong>hahebat</strong></span> <span class='ocrx_word' id='word_1_188' title='bbox 1389 2894 1491 2950; x_wconf 89' lang='lat' dir='ltr'><strong>Leon-</strong></span> 
     </span>
     <span class='ocr_line' id='line_1_24' title="bbox 311 2984 1491 3070; baseline 0.003 -18"><span class='ocrx_word' id='word_1_189' title='bbox 311 3044 313 3052; x_wconf 28' lang='lat'><strong>,</strong></span> <span class='ocrx_word' id='word_1_190' title='bbox 379 2984 395 3037; x_wconf 81' lang='lat'><strong>5</strong></span> <span class='ocrx_word' id='word_1_191' title='bbox 419 3001 518 3050; x_wconf 87' lang='lat' dir='ltr'><strong>natum</strong></span> <span class='ocrx_word' id='word_1_192' title='bbox 542 3004 570 3050; x_wconf 91' lang='lat' dir='ltr'><strong>et</strong></span> <span class='ocrx_word' id='word_1_193' title='bbox 584 2994 780 3069; x_wconf 87' lang='lat' dir='ltr'><strong>Thrasippum</strong></span> <span class='ocrx_word' id='word_1_194' title='bbox 796 2995 961 3070; x_wconf 85' lang='lat' dir='ltr'><strong>Eulyestas.</strong></span> <span class='ocrx_word' id='word_1_195' title='bbox 1004 2993 1173 3053; x_wconf 85' lang='lat' dir='ltr'><strong>Ceterorum</strong></span> <span class='ocrx_word' id='word_1_196' title='bbox 1195 3006 1381 3066; x_wconf 89' lang='lat' dir='ltr'><strong>cetratorum,</strong></span> <span class='ocrx_word' id='word_1_197' title='bbox 1401 2999 1491 3056; x_wconf 89' lang='lat' dir='ltr'><strong>trium</strong></span> 
     </span>
     <span class='ocr_line' id='line_1_25' title="bbox 417 3087 1490 3177; baseline 0.007 -23"><span class='ocrx_word' id='word_1_198' title='bbox 417 3096 509 3155; x_wconf 81' lang='lat' dir='ltr'><strong>ferme</strong></span> <span class='ocrx_word' id='word_1_199' title='bbox 524 3099 632 3156; x_wconf 88' lang='lat' dir='ltr'><strong>milium</strong></span> <span class='ocrx_word' id='word_1_200' title='bbox 643 3087 806 3169; x_wconf 90' lang='lat' dir='ltr'><strong>hominum,</strong></span> <span class='ocrx_word' id='word_1_201' title='bbox 827 3103 886 3158; x_wconf 90' lang='lat' dir='ltr'><strong>dux</strong></span> <span class='ocrx_word' id='word_1_202' title='bbox 902 3109 964 3157; x_wconf 88' lang='lat' dir='ltr'><strong>erat</strong></span> <span class='ocrx_word' id='word_1_203' title='bbox 979 3102 1148 3177; x_wconf 87' lang='lat' dir='ltr'><strong>Antiphilus</strong></span> <span class='ocrx_word' id='word_1_204' title='bbox 1167 3102 1329 3159; x_wconf 82' lang='lat' dir='ltr'><strong>Edessaeus.</strong></span> <span class='ocrx_word' id='word_1_205' title='bbox 1363 3103 1490 3161; x_wconf 76' lang='lat' dir='ltr'><strong>Paeones</strong></span> 
     </span>
     <span class='ocr_line' id='line_1_26' title="bbox 418 3205 1491 3281; baseline 0.006 -21"><span class='ocrx_word' id='word_1_206' title='bbox 418 3214 447 3261; x_wconf 88' lang='lat' dir='ltr'><strong>et</strong></span> <span class='ocrx_word' id='word_1_207' title='bbox 469 3223 506 3261; x_wconf 87' lang='lat' dir='ltr'><strong>ex</strong></span> <span class='ocrx_word' id='word_1_208' title='bbox 526 3205 658 3262; x_wconf 88' lang='lat' dir='ltr'><strong>Parorea</strong></span> <span class='ocrx_word' id='word_1_209' title='bbox 678 3216 706 3262; x_wconf 91' lang='lat' dir='ltr'><strong>et</strong></span> <span class='ocrx_word' id='word_1_210' title='bbox 726 3206 968 3281; x_wconf 86' lang='lat' dir='ltr'><strong>Parastrymonia</strong></span> <span class='ocrx_word' id='word_1_211' title='bbox 990 3206 1068 3278; x_wconf 90' lang='lat' dir='ltr'><strong>(sunt</strong></span> <span class='ocrx_word' id='word_1_212' title='bbox 1090 3212 1186 3263; x_wconf 81' lang='lat' dir='ltr'><strong>autem</strong></span> <span class='ocrx_word' id='word_1_213' title='bbox 1211 3225 1246 3263; x_wconf 88' lang='lat' dir='ltr'><strong>ea</strong></span> <span class='ocrx_word' id='word_1_214' title='bbox 1267 3206 1334 3263; x_wconf 85' lang='lat' dir='ltr'><strong>loca</strong></span> <span class='ocrx_word' id='word_1_215' title='bbox 1355 3208 1491 3267; x_wconf 85' lang='lat' dir='ltr'><strong>subiecta</strong></span> 
     </span>
    </p>
   </div>
   <div class='ocr_carea' id='block_1_5' title="bbox 419 3445 1488 3699">
    <p class='ocr_par' dir='ltr' id='par_1_5' title="bbox 419 3445 1488 3699">
     <span class='ocr_line' id='line_1_27' title="bbox 419 3445 1488 3528; baseline 0.002 -18"><span class='ocrx_word' id='word_1_216' title='bbox 419 3445 551 3510; x_wconf 69' lang='lat' dir='ltr'><strong>aliberait</strong></span> <span class='ocrx_word' id='word_1_217' title='bbox 577 3462 797 3520; x_wconf 82' lang='lat' dir='ltr'><strong>10‚4restitnisse</strong></span> <span class='ocrx_word' id='word_1_218' title='bbox 827 3458 1227 3524; x_wconf 78' lang='lat' dir='ltr'><strong>ll,2itabellod19.Em.538</strong></span> <span class='ocrx_word' id='word_1_219' title='bbox 1257 3460 1488 3528; x_wconf 76' lang='lat' dir='ltr'><strong>tquicquampro</strong></span> 
     </span>
     <span class='ocr_line' id='line_1_28' title="bbox 419 3548 1488 3613; baseline 0.003 -18"><span class='ocrx_word' id='word_1_220' title='bbox 419 3548 544 3608; x_wconf 81' lang='lat' dir='ltr'><strong>dignitate</strong></span> <span class='ocrx_word' id='word_1_221' title='bbox 555 3549 586 3595; x_wconf 91' lang='lat' dir='ltr'><strong>ad</strong></span> <span class='ocrx_word' id='word_1_222' title='bbox 598 3549 732 3597; x_wconf 81' lang='lat' dir='ltr'><strong>maiestate</strong></span> <span class='ocrx_word' id='word_1_223' title='bbox 770 3548 957 3612; x_wconf 87' lang='lat' dir='ltr'><strong>LI,1‚lpelle</strong></span> <span class='ocrx_word' id='word_1_224' title='bbox 987 3548 1100 3610; x_wconf 80' lang='lat' dir='ltr'><strong>2inquid</strong></span> <span class='ocrx_word' id='word_1_225' title='bbox 1131 3548 1241 3595; x_wconf 82' lang='lat' dir='ltr'><strong>3titium</strong></span> <span class='ocrx_word' id='word_1_226' title='bbox 1271 3550 1385 3613; x_wconf 72' lang='lat' dir='ltr'><strong>lomois</strong></span> <span class='ocrx_word' id='word_1_227' title='bbox 1397 3561 1488 3598; x_wconf 85' lang='lat' dir='ltr'><strong>contra</strong></span> 
     </span>
     <span class='ocr_line' id='line_1_29' title="bbox 419 3632 1486 3699; baseline 0.003 -16"><span class='ocrx_word' id='word_1_228' title='bbox 419 3634 475 3699; x_wconf 88' lang='lat' dir='ltr'><strong>ipsa</strong></span> <span class='ocrx_word' id='word_1_229' title='bbox 492 3644 594 3683; x_wconf 88' lang='lat' dir='ltr'><strong>centum</strong></span> <span class='ocrx_word' id='word_1_230' title='bbox 607 3635 687 3684; x_wconf 85' lang='lat' dir='ltr'><strong>hostis</strong></span> <span class='ocrx_word' id='word_1_231' title='bbox 727 3634 779 3693; x_wconf 61' lang='lat'><strong>22</strong></span> <span class='ocrx_word' id='word_1_232' title='bbox 799 3633 1124 3683; x_wconf 83' lang='lat' dir='ltr'><strong>uocantalcidemcouiacto</strong></span> <span class='ocrx_word' id='word_1_233' title='bbox 1139 3632 1164 3682; x_wconf 84' lang='grc' dir='ltr'><em>Τ</em></span> <span class='ocrx_word' id='word_1_234' title='bbox 1162 3635 1276 3695; x_wconf 79' lang='lat' dir='ltr'><strong>arnebus3</strong></span> <span class='ocrx_word' id='word_1_235' title='bbox 1296 3632 1372 3699; x_wconf 78' lang='lat' dir='ltr'><strong>Gryn.</strong></span> <span class='ocrx_word' id='word_1_236' title='bbox 1390 3634 1486 3685; x_wconf 68' lang='lat' dir='ltr'><strong>uocant</strong></span> 
     </span>
    </p>
   </div>
   <div class='ocr_carea' id='block_1_6' title="bbox 411 3719 1487 3889">
    <p class='ocr_par' dir='ltr' id='par_1_6' title="bbox 411 3719 1487 3889">
     <span class='ocr_line' id='line_1_30' title="bbox 411 3719 1487 3789; baseline 0.003 -3"><span class='ocrx_word' id='word_1_237' title='bbox 411 3737 537 3786; x_wconf 77' lang='lat' dir='ltr'><strong>&#39;Alcidem</strong></span> <span class='ocrx_word' id='word_1_238' title='bbox 548 3737 665 3788; x_wconf 85' lang='lat' dir='ltr'><strong>coniecto</strong></span> <span class='ocrx_word' id='word_1_239' title='bbox 683 3745 698 3787; x_wconf 80' lang='grc'><strong>3</strong></span> <span class='ocrx_word' id='word_1_240' title='bbox 711 3754 802 3787; x_wconf 86' lang='lat' dir='ltr'><strong>manus</strong></span> <span class='ocrx_word' id='word_1_241' title='bbox 822 3744 838 3785; x_wconf 82' lang='lat'>4</span> <span class='ocrx_word' id='word_1_242' title='bbox 848 3719 1032 3787; x_wconf 74' lang='lat' dir='ltr'><strong>macedeonum</strong></span> <span class='ocrx_word' id='word_1_243' title='bbox 1043 3747 1208 3786; x_wconf 85' lang='lat' dir='ltr'><strong>externorum</strong></span> <span class='ocrx_word' id='word_1_244' title='bbox 1219 3737 1374 3786; x_wconf 80' lang='lat' dir='ltr'><strong>auxiliorum</strong></span> <span class='ocrx_word' id='word_1_245' title='bbox 1393 3738 1487 3789; x_wconf 75' lang='lat' dir='ltr'><strong>Vahlen</strong></span> 
     </span>
     <span class='ocr_line' id='line_1_31' title="bbox 419 3823 1485 3889; baseline 0.004 -17"><span class='ocrx_word' id='word_1_246' title='bbox 419 3823 511 3889; x_wconf 69' lang='lat' dir='ltr'><strong>(Gryn,</strong></span> <span class='ocrx_word' id='word_1_247' title='bbox 531 3827 756 3889; x_wconf 85' lang='lat' dir='ltr'><strong>externorumque)</strong></span> <span class='ocrx_word' id='word_1_248' title='bbox 795 3825 820 3883; x_wconf 85' lang='lat'><strong>3,</strong></span> <span class='ocrx_word' id='word_1_249' title='bbox 844 3830 855 3873; x_wconf 86' lang='lat'>1</span> <span class='ocrx_word' id='word_1_250' title='bbox 876 3825 936 3888; x_wconf 88' lang='lat' dir='ltr'><strong>poni</strong></span> <span class='ocrx_word' id='word_1_251' title='bbox 957 3826 1040 3874; x_wconf 86' lang='lat' dir='ltr'><strong>omnia</strong></span> <span class='ocrx_word' id='word_1_252' title='bbox 1059 3833 1222 3887; x_wconf 85' lang='lat' dir='ltr'><strong>armatosque</strong></span> <span class='ocrx_word' id='word_1_253' title='bbox 1244 3828 1272 3874; x_wconf 78' lang='grc'><strong>,2</strong></span> <span class='ocrx_word' id='word_1_254' title='bbox 1291 3825 1387 3872; x_wconf 83' lang='lat' dir='ltr'><strong>struxit</strong></span> <span class='ocrx_word' id='word_1_255' title='bbox 1410 3824 1485 3876; x_wconf 82' lang='lat' dir='ltr'><strong>Gran.</strong></span> 
     </span>
    </p>
   </div>
   <div class='ocr_carea' id='block_1_7' title="bbox 417 3913 1485 4338">
    <p class='ocr_par' dir='ltr' id='par_1_7' title="bbox 417 3913 1485 4338">
     <span class='ocr_line' id='line_1_32' title="bbox 419 3913 1485 3995; baseline 0.004 -20"><span class='ocrx_word' id='word_1_256' title='bbox 419 3925 615 3992; x_wconf 69' lang='lat' dir='ltr'><strong>{quadraginta</strong></span> <span class='ocrx_word' id='word_1_257' title='bbox 634 3930 704 3977; x_wconf 85' lang='lat' dir='ltr'><strong>milia</strong></span> <span class='ocrx_word' id='word_1_258' title='bbox 725 3921 800 3977; x_wconf 81' lang='lat' dir='ltr'><strong>Gran.</strong></span> <span class='ocrx_word' id='word_1_259' title='bbox 838 3928 964 3978; x_wconf 75' lang='lat' dir='ltr'><strong>thereos</strong></span> <span class='ocrx_word' id='word_1_260' title='bbox 1004 3927 1029 3987; x_wconf 86' lang='lat'><strong>4,</strong></span> <span class='ocrx_word' id='word_1_261' title='bbox 1052 3935 1064 3978; x_wconf 91' lang='lat'>1</span> <span class='ocrx_word' id='word_1_262' title='bbox 1085 3935 1113 3975; x_wconf 91' lang='lat' dir='ltr'><strong>ut</strong></span> <span class='ocrx_word' id='word_1_263' title='bbox 1131 3928 1229 3976; x_wconf 88' lang='lat' dir='ltr'><strong>uiribus</strong></span> <span class='ocrx_word' id='word_1_264' title='bbox 1267 3913 1485 3995; x_wconf 82' lang='lat' dir='ltr'><strong>2cctratioruml</strong></span> 
     </span>
     <span class='ocr_line' id='line_1_33' title="bbox 418 4012 1485 4079; baseline 0.003 -17"><span class='ocrx_word' id='word_1_265' title='bbox 418 4014 469 4063; x_wconf 91' lang='lat' dir='ltr'><strong>duo</strong></span> <span class='ocrx_word' id='word_1_266' title='bbox 487 4024 561 4063; x_wconf 83' lang='lat' dir='ltr'><strong>crant</strong></span> <span class='ocrx_word' id='word_1_267' title='bbox 578 4016 686 4077; x_wconf 86' lang='lat' dir='ltr'><strong>hagcma</strong></span> <span class='ocrx_word' id='word_1_268' title='bbox 704 4014 771 4061; x_wconf 89' lang='lat' dir='ltr'><strong>hanc</strong></span> <span class='ocrx_word' id='word_1_269' title='bbox 791 4012 891 4079; x_wconf 79' lang='lat' dir='ltr'><strong>Kreyss.</strong></span> <span class='ocrx_word' id='word_1_270' title='bbox 916 4013 1007 4079; x_wconf 69' lang='lat' dir='ltr'><strong>(Gryu.</strong></span> <span class='ocrx_word' id='word_1_271' title='bbox 1027 4016 1078 4063; x_wconf 89' lang='lat' dir='ltr'><strong>duo</strong></span> <span class='ocrx_word' id='word_1_272' title='bbox 1097 4021 1170 4062; x_wconf 82' lang='lat' dir='ltr'><strong>erant</strong></span> <span class='ocrx_word' id='word_1_273' title='bbox 1187 4020 1315 4075; x_wconf 86' lang='lat' dir='ltr'><strong>agemata,</strong></span> <span class='ocrx_word' id='word_1_274' title='bbox 1335 4014 1405 4063; x_wconf 87' lang='lat' dir='ltr'><strong>hanc</strong></span> <span class='ocrx_word' id='word_1_275' title='bbox 1424 4016 1485 4079; x_wconf 85' lang='lat' dir='ltr'><strong>ipsi)</strong></span> 
     </span>
     <span class='ocr_line' id='line_1_34' title="bbox 418 4095 1485 4167; baseline 0.003 -18"><span class='ocrx_word' id='word_1_276' title='bbox 418 4106 433 4149; x_wconf 81' lang='lat'><strong>3</strong></span> <span class='ocrx_word' id='word_1_277' title='bbox 456 4100 531 4167; x_wconf 79' lang='lat' dir='ltr'><strong>Gryn.</strong></span> <span class='ocrx_word' id='word_1_278' title='bbox 542 4101 672 4149; x_wconf 85' lang='lat' dir='ltr'><strong>habebant</strong></span> <span class='ocrx_word' id='word_1_279' title='bbox 687 4108 709 4148; x_wconf 84' lang='lat' dir='ltr'><strong>et</strong></span> <span class='ocrx_word' id='word_1_280' title='bbox 720 4101 863 4149; x_wconf 84' lang='lat' dir='ltr'><strong>Leonatum</strong></span> <span class='ocrx_word' id='word_1_281' title='bbox 894 4102 1061 4165; x_wconf 73' lang='lat' dir='ltr'><strong>ttrasippum</strong></span> <span class='ocrx_word' id='word_1_282' title='bbox 1074 4095 1223 4164; x_wconf 84' lang='lat' dir='ltr'><strong>(Eulyestus</strong></span> <span class='ocrx_word' id='word_1_283' title='bbox 1235 4109 1384 4163; x_wconf 71' lang='lat' dir='ltr'><strong>comuptunt</strong></span> <span class='ocrx_word' id='word_1_284' title='bbox 1408 4100 1485 4153; x_wconf 82' lang='lat' dir='ltr'><strong>Gran.</strong></span> 
     </span>
     <span class='ocr_line' id='line_1_35' title="bbox 417 4185 1485 4255; baseline 0.002 -20"><span class='ocrx_word' id='word_1_285' title='bbox 417 4187 559 4249; x_wconf 78' lang='lat' dir='ltr'><strong>Lyncestae</strong></span> <span class='ocrx_word' id='word_1_286' title='bbox 576 4185 753 4250; x_wconf 76' lang='lat' dir='ltr'><strong>probabiliter.)</strong></span> <span class='ocrx_word' id='word_1_287' title='bbox 797 4185 822 4255; x_wconf 82' lang='lat'><strong>5,</strong></span> <span class='ocrx_word' id='word_1_288' title='bbox 842 4193 857 4236; x_wconf 82' lang='lat'>2</span> <span class='ocrx_word' id='word_1_289' title='bbox 877 4188 985 4235; x_wconf 87' lang='lat' dir='ltr'><strong>millium</strong></span> <span class='ocrx_word' id='word_1_290' title='bbox 1002 4188 1006 4251; x_wconf 87' lang='grc' dir='ltr'>Ι</span> <span class='ocrx_word' id='word_1_291' title='bbox 1023 4187 1163 4250; x_wconf 86' lang='lat' dir='ltr'><strong>anthipilus</strong></span> <span class='ocrx_word' id='word_1_292' title='bbox 1183 4187 1313 4236; x_wconf 83' lang='lat' dir='ltr'><strong>aedissoeus</strong></span> <span class='ocrx_word' id='word_1_293' title='bbox 1350 4192 1366 4235; x_wconf 78' lang='grc'><strong>3</strong></span> <span class='ocrx_word' id='word_1_294' title='bbox 1386 4203 1421 4237; x_wconf 86' lang='lat' dir='ltr'><strong>ax</strong></span> <span class='ocrx_word' id='word_1_295' title='bbox 1438 4204 1485 4252; x_wconf 87' lang='lat' dir='ltr'><strong>pa·</strong></span> 
     </span>
     <span class='ocr_line' id='line_1_36' title="bbox 417 4270 1280 4338; baseline 0 -18"><span class='ocrx_word' id='word_1_296' title='bbox 417 4286 481 4321; x_wconf 83' lang='lat' dir='ltr'><strong>rona</strong></span> <span class='ocrx_word' id='word_1_297' title='bbox 500 4271 585 4337; x_wconf 65' lang='lat' dir='ltr'><strong>Sigon.</strong></span> <span class='ocrx_word' id='word_1_298' title='bbox 606 4270 694 4338; x_wconf 75' lang='lat' dir='ltr'><strong>(Gryn.</strong></span> <span class='ocrx_word' id='word_1_299' title='bbox 713 4274 829 4337; x_wconf 83' lang='lat' dir='ltr'><strong>putoria)</strong></span> <span class='ocrx_word' id='word_1_300' title='bbox 844 4274 849 4335; x_wconf 91' lang='grc'>1</span> <span class='ocrx_word' id='word_1_301' title='bbox 864 4274 1054 4338; x_wconf 82' lang='lat' dir='ltr'><strong>perstrymonla</strong></span> <span class='ocrx_word' id='word_1_302' title='bbox 1073 4272 1129 4337; x_wconf 72' lang='lat' dir='ltr'><strong>My.</strong></span> <span class='ocrx_word' id='word_1_303' title='bbox 1148 4271 1204 4321; x_wconf 85' lang='lat' dir='ltr'><strong>Em.</strong></span> <span class='ocrx_word' id='word_1_304' title='bbox 1224 4271 1280 4321; x_wconf 70' lang='lat'><strong>538</strong></span> 
     </span>
    </p>
   </div>
   <div class='ocr_carea' id='block_1_8' title="bbox 0 0 1742 5084">
    <p class='ocr_par' dir='ltr' id='par_1_8' title="bbox 0 0 1742 5084">
     <span class='ocr_line' id='line_1_37' title="bbox 0 0 1742 5084; baseline 0 7"><span class='ocrx_word' id='word_1_305' title='bbox 0 0 1742 5084; x_wconf 95' lang='lat' dir='ltr'><strong> </strong></span> 
     </span>
    </p>
   </div>
  </div>
 </body>
</html>
