3475 5084
556 535 635 584 Liber
651 532 737 584 XLII.
774 533 822 596 (Δ.
842 533 904 584 cnr.
927 536 999 600 1⁷2.)
1231 547 1267 600 57

239 725 370 782 Romam
404 728 552 779 venerunt.
604 720 737 794 Quorum
770 721 865 778 oratio
898 720 966 793 fnit,
999 739 1096 796 regem
1130 723 1310 784 educendum
1333 727 1352 782 t

240 829 334 885 filium
352 829 479 885 Romam
501 827 623 896 misisse,
646 835 678 883 ut
700 826 759 884 iam
781 826 848 883 inde
867 845 886 882 a
905 845 996 900 puero
1018 828 1201 886 adsuesceret
1223 831 1311 888 mori·

240 915 464 992 bus‘Romauis
477 932 710 1006 hominibusque.
741 931 856 1000 Petere,
879 941 911 989 ut
932 951 997 989 eum
1011 951 1070 989 non
1091 935 1145 990 snb
1164 936 1310 1010 hospitum
1334 937 1352 992 d

241 1039 335 1096 modo
355 1036 537 1113 privatorum
566 1038 716 1106 custodia,
746 1037 797 1094 sed
826 1036 950 1111 publica
969 1037 1058 1094 'etiam
1080 1057 1156 1096 curm
1175 1059 1210 1096 ac
1231 1041 1311 1098 velut

239 1143 339 1200 truteloe
372 1141 480 1200 vellent
509 1161 582 1202 esse.
636 1141 764 1218 Egregie
793 1161 829 1199 ec
856 1141 963 1216 legatio
990 1151 1075 1217 grata
1107 1146 1219 1202 senatui
1246 1145 1309 1204 fuit.
1333 1148 1351 1204 6

240 1248 462 1319 Decreverunt‚
492 1257 524 1305 ut
546 1246 600 1306 Cu.
623 1247 749 1306 Sicinius
777 1257 884 1323 prator
912 1247 988 1304 aedee
1014 1247 1168 1306 instructas
1191 1250 1311 1322 locaret,

240 1353 291 1409 nbi
325 1353 402 1410 tilius
433 1354 511 1428 regis
543 1354 722 1428 comitesque
748 1353 810 1410 eius
839 1353 974 1410 habitare
1002 1363 1080 1410 recte
1101 1365 1228 1428 possent.
1271 1357 1312 1414 Et

241 1459 392 1515 Threcum
418 1458 537 1533 legatis,
559 1458 673 1529 Madia,
694 1457 927 1532 Odomantisqne
948 1471 977 1516 et
998 1458 1119 1533 sapen,
1141 1461 1311 1519 societatem

240 1563 460 1638 amicitiamque
481 1564 645 1639 petentibus
666 1575 704 1635 et,
727 1565 805 1638 quod
828 1564 974 1638 petebant,
998 1565 1097 1622 datum
1120 1574 1173 1635 est,
1195 1577 1224 1622 et
1246 1587 1310 1624 mu·

239 1687 314 1725 nera
336 1669 429 1725 diuum
449 1669 559 1726 milium
577 1669 641 1726 aeris
660 1687 781 1726 summa
798 1669 827 1725 in
844 1669 974 1744 singulos
994 1671 1090 1728 missa.
1124 1672 1189 1728 Hos
1211 1673 1310 1746 utique
1334 1667 1350 1722 7

238 1773 377 1848 populos,
399 1774 478 1847 quod
500 1776 538 1830 ab
561 1784 643 1849 tergo
665 1775 846 1832 Macedonia
867 1775 995 1832 Threcia
1017 1785 1109 1845 esset,
1140 1777 1310 1852 adsumptos

238 1879 269 1935 in
300 1880 471 1936 societatem
500 1881 677 1954 gandebant.
731 1879 788 1939 Sed
815 1890 847 1935 nt
871 1879 901 1935 in
923 1881 999 1937 Asia
1021 1900 1138 1955 quoquc
1159 1893 1187 1940 et
1208 1883 1309 1940 insulis

238 1985 397 2059 explorata
420 1986 519 2042 omnia
541 1995 645 2054 esseut,
667 1984 715 2043 Ti.
730 1982 884 2041 Claudium
898 1987 1056 2053 Neronem,
1078 1987 1121 2048 M.
1145 1988 1309 2044 Decimium

238 2088 355 2164 legatos
383 2090 532 2151 miserunt.
586 2091 679 2148 Adire
705 2107 756 2146 eos
783 2088 901 2147 Cretam
931 2101 960 2148 et
989 2092 1125 2149 Rhodum
1155 2092 1309 2163 iusserunt,
1332 2086 1350 2142 8

238 2195 327 2250 simul
348 2215 492 2252 renovare
511 2196 679 2265 amicitiem,
695 2195 781 2253 simui
797 2195 951 2271 speculari,
972 2216 1041 2254 num
1056 2197 1202 2255 sollicitati
1221 2197 1310 2254 animi

238 2301 387 2358 sociorum
411 2303 450 2358 ab
471 2320 540 2376 rege
561 2303 671 2360 Perseo
693 2311 798 2359 essent.

324 2407 361 2463 In
379 2425 522 2480 suspensa
536 2407 653 2464 civitate
672 2407 710 2462 ad
729 2405 959 2480 expectationem
977 2405 1046 2462 novi
1066 2406 1143 2475 belli,
1166 2417 1308 2463 necturna
1351 2392 1394 2464 20

238 2519 415 2586 tempestate
428 2512 562 2569 columna
579 2521 708 2568 rostrata
724 2511 753 2566 in
769 2508 916 2584 Capitolio
938 2509 1014 2566 belin
1032 2509 1176 2568 Punico*
1189 2513 1206 2547 ⁴⁸
1219 2528 1308 2581 cous„

239 2617 287 2674 cui
311 2618 426 2693 college
449 2617 513 2676 Ser.
536 2615 749 2686 Fulviumn,
781 2625 843 2672 tota
866 2616 904 2671 ad
926 2615 1014 2672 imum
1036 2614 1157 2672 inlmiuc
1178 2616 1309 2672 discussa

210 2728 291 2779 *est
336 2723 385 2780 Es
405 2741 462 2791 res,
483 2722 608 2797 prodigii
629 2722 695 2778 loco
716 2722 826 2790 habita,
848 2723 888 2778 ad
908 2733 1039 2778 senatum
1060 2721 1154 2778 relate
1176 2731 1227 2780 est.
1249 2721 1309 2778 Pa·
1332 2717 1349 2773 2

237 2837 298 2886 tres
323 2838 354 2884 et
374 2829 416 2884 od
435 2828 603 2902 haruspices
630 2826 731 2885 referri
761 2838 790 2883 et
815 2827 996 2884 decemviros
1024 2827 1105 2884 adire
1130 2826 1220 2883 libros
1249 2826 1308 2882 ins·

238 2943 349 2992 serunt.
394 2933 569 2989 Decemviri·
582 2932 762 2988 lustrandum
784 2932 938 3006 oppidum,
963 2933 1201 3008 supplicationem
1224 2934 1308 2989 obsc-
1332 2930 1349 2985 3

238 3039 459 3112 cratiouemque
486 3037 667 3108 habendum,
695 3036 819 3094 victimis
847 3038 1006 3096 maioribus
1036 3039 1255 3096 sacrificandum
1280 3047 1309 3093 et

238 3278 263 3337 4,
287 3285 298 3327 1
322 3277 400 3343 Gryu.
422 3275 584 3325 educandum
629 3272 654 3334 5,
675 3279 690 3322 8
708 3275 788 3323 tutele
835 3273 861 3331 6,
883 3279 894 3322 l
925 3280 950 3322 et
972 3286 1058 3334 regem
1085 3277 1111 3320 et
1135 3271 1231 3332 legatio
1253 3269 1306 3334 My.

238 3365 295 3414 Em.
314 3363 378 3414 517.
399 3362 492 3428 (crya
512 3363 551 3411 Eu
569 3361 637 3422 regis
655 3361 721 3422 leg.)
767 3365 782 3409 2
810 3361 872 3409 adis
891 3359 952 3408 Post
969 3360 1030 3408 aedis
1049 3360 1185 3408 instructus
1204 3358 1309 3420 spatium

238 3468 341 3500 vacuum
361 3459 396 3499 est
409 3449 444 3498 13
458 3449 588 3499 litterarum
604 3445 640 3495 od
653 3447 727 3510 finem
745 3463 828 3496 uersus
844 3447 895 3495 riae
913 3445 964 3495 ullo
981 3463 1078 3494 rasura.
1104 3445 1251 3492 ithebitsre
1266 3459 1309 3494 rec

238 3547 345 3603 possent
356 3537 412 3605 My.
423 3536 515 3602 (Gryn.
526 3537 644 3586 habitare
653 3535 773 3599 poscent)
789 3535 794 3595 Ι
810 3542 906 3582 trecum
926 3532 1017 3598 (Gryn.
1029 3533 1173 3590 Thracum)
1210 3531 1308 3592 tiege-

238 3625 272 3674 tis
283 3625 520 3689 sediscepuutisque
533 3632 559 3671 et
573 3622 634 3672 satis
648 3623 795 3670 societatem
811 3619 896 3671 Weiss.
921 3620 1022 3674 {Madia
1031 3617 1164 3682 Gaenisqnc
1177 3627 1203 3666 et
1216 3618 1309 3675 Astiis)

239 3711 326 3775 cth.
346 3709 439 3775 (Gryn.
459 3711 550 3771 legatis
568 3710 638 3772 apud
656 3722 683 3757 se
702 3708 904 3770 disceptantibus
922 3715 947 3754 et
965 3707 1127 3767 societatem)
1167 3709 1309 3752 Munera

239 3798 350 3847 militum
363 3798 422 3845 reris
440 3799 561 3856 (sommae
576 3804 661 3844 contro
672 3792 863 3843 consuetudinem
877 3791 947 3842 Liuii
958 3790 1022 3841 addi
1032 3790 1101 3840 Dok.
1116 3788 1308 3845 auimodncrtit.)

239 3881 291 3946 'm
302 3884 398 3931 troeciae
408 3881 497 3947 (Grya.
510 3882 633 3942 Thracia)
652 3888 669 3929 4
679 3888 698 3930 t.
710 3880 839 3929 claudium
850 3877 935 3943 Siqua.
957 3877 1003 3936 8,1
1016 3887 1041 3926 et
1051 3878 1168 3926 rhodium
1188 3877 1249 3934 XX,
1257 3876 1281 3933 1,
1293 3880 1308 3923 2

239 3970 401 4034 tempestatei
426 3969 546 4017 columna
567 3975 696 4032 prostrata
711 3973 716 4028 Ι
730 3967 826 4029 punico
850 3981 923 4014 cons.
948 3966 989 4012 cui
1016 3961 1126 4028 (Scripta
1137 3965 1242 4028 fuerant
1251 3964 1309 4027 sere

240 4071 304 4121 dect
329 4045 402 4122 bello
420 4071 520 4122 Punico
543 4072 628 4135 priore
643 4071 729 4136 posita
745 4071 780 4119 ob
798 4069 931 4118 victoriam
950 4068 987 4117 Μ.
1010 4067 1098 4116 AEmili
1116 4067 1242 4123 consulis,
1267 4066 1308 4114 cui

240 4159 353 4222 collega)
406 4157 432 4218 2,
455 4165 465 4207 1
485 4159 587 4223 prodigi
624 4164 685 4206 set
701 4157 853 4220 horuspices
873 4155 967 4203 referre
987 4153 1042 4218 My.
1060 4151 1125 4216 (Ost.
1145 4170 1165 4202 c.
1185 4151 1231 4208 23,
1249 4151 1269 4199 3
1287 4159 1311 4200 et

240 4245 283 4305 24,
308 4247 369 4295 det
385 4243 430 4305 25,
448 4236 486 4293 a*
500 4243 576 4311 ὂψ.
595 4252 681 4308 patres
705 4244 739 4292 cd
761 4242 788 4292 h.
803 4241 910 4304 referre)
954 4240 980 4301 3,
1000 4245 1015 4290 2
1034 4241 1191 4290 diutissimus
1209 4238 1309 4302 oppidis

240 4333 381 4383 maioribus
