3475 5084
868 544 1025 605 Fragmenta

647 698 658 729 l

840 742 882 791 Eu
901 742 941 792 lib.
963 741 1051 793 CXX·

483 836 549 902 49Ἳ
573 836 613 891 Μ.
635 832 737 892 Cicero
759 837 812 893 sub
835 838 990 893 adventurn
1012 835 1226 894 triumvirorum
1248 836 1321 892 urbe
1342 846 1464 903 cesserat,

417 961 470 1017 pro
493 952 570 998 certo
592 942 711 1004 habens,
745 942 775 998 id
797 936 875 1016 quo‘d
901 954 977 1009 erat,
1008 962 1066 999 non
1087 942 1180 1017 magis
1202 940 1333 998 Antonio
1355 940 1423 1014 eripi
1442 960 1467 997 se

418 1068 504 1123 quarn
530 1046 638 1106 Caesari
660 1045 792 1104 Cassium
815 1058 843 1105 et
857 1049 986 1106 'Brutum
1015 1068 1109 1126 posse.
1154 1048 1255 1107 Primo
1282 1046 1314 1102 in
1336 1046 1468 1102 Tuscula·

418 1175 485 1212 num
507 1154 595 1231 fugit,
625 1154 692 1209 inde
719 1156 891 1211 transversis
919 1154 1068 1212 itineribus
1095 1154 1125 1210 in
1147 1152 1356 1221 Formianum,
1386 1162 1417 1208 ut
1436 1155 1470 1209 ab

392 1258 520 1317 ¹Caieta
554 1279 657 1317 navem
691 1278 915 1327 conscensurus,
949 1261 1147 1337 proficiscitur.
1205 1259 1293 1318 Unde
1325 1256 1472 1331 aliquoties

416 1367 446 1423 in
468 1366 556 1423 altum
580 1372 747 1441 provectum
767 1385 855 1440 quum
874 1367 959 1423 modo
976 1368 1054 1427 venti
1069 1366 1184 1423 adversi
1195 1364 1369 1433 retulissent,
1391 1364 1473 1419 modo

417 1473 480 1547 ipse
500 1473 684 1529 iactationem
706 1472 799 1540 naris,
820 1490 896 1529 caeco
921 1472 1054 1529 volvente
1075 1474 1177 1541 fluctu,
1208 1471 1269 1547 pati
1290 1472 1349 1527 non
1371 1480 1475 1545 posset,

417 1579 532 1635 taediunr
555 1578 670 1634 tandem
693 1596 757 1634 eum
780 1590 808 1633 et
830 1576 906 1651 fugae
938 1590 966 1632 et
995 1578 1060 1634 vitae
1087 1578 1176 1652 cepit,
1211 1593 1420 1651 regressusque
1440 1572 1476 1629 ad

417 1685 593 1759 superiorem
606 1682 715 1750 villam,
738 1700 802 1756 quae
821 1684 909 1757 paulo
932 1682 996 1757 plus
1019 1682 1095 1739 mille
1116 1683 1248 1757 passibus
1265 1701 1284 1737 a
1298 1680 1375 1737 mari
1387 1680 1476 1745 abest,

398 1769 563 1863 ’πΜοτίειιἰι
582 1788 673 1863 inquit
693 1787 740 1856 „in
756 1788 851 1861 patria
863 1807 940 1873 saepe
952 1794 1096 1845 servata“.
1138 1787 1218 1877 §atis
1240 1795 1357 1844 constat
1378 1803 1478 1841 servos

364 1879 366 1888 Ι
416 1896 529 1953 fortiter
550 1895 727 1968 fideliterque
749 1903 868 1968 paratos
890 1893 978 1951 fuisse
1008 1896 1046 1951 ad
1067 1894 1275 1959 dimicandum
1307 1892 1404 1967 ipsum
1429 1891 1478 1946 de-

415 1999 485 2074 poni
506 1998 645 2065 lecticam,
668 2009 695 2055 et
708 2000 820 2073 quietos
836 2000 906 2074 pati,
929 2001 1081 2074 quod'sors
1092 2001 1192 2074 iniqua
1204 2007 1329 2073 cogeret,
1350 1997 1478 2053 iussisse.

417 2105 598 2162 Prominenti
628 2121 664 2161 ex
691 2106 793 2163 lectica
821 2106 1017 2181 praebentique
1043 2108 1191 2163 immotam
1221 2104 1362 2161 cervicem
1390 2113 1480 2177 caput

417 2198 566 2286 praecisum
578 2223 630 2268 est.
676 2212 740 2269 Nec
755 2211 826 2267 satis
838 2212 950 2269 stolidae
962 2212 1122 2270 crudelitati
1141 2211 1260 2267 militum
1280 2208 1351 2279 suin
1374 2228 1481 2266 manus

417 2336 550 2391 quoque,
580 2317 728 2393 scripsisse
757 2317 865 2391 aliquid
887 2318 916 2374 in
938 2319 1097 2377 Antonium
1121 2318 1345 2393 exprobrantes,
1377 2316 1481 2390 praeci-

417 2424 528 2480 derunt.
567 2425 614 2480 lta
636 2422 757 2483 relatum
781 2433 868 2499 caput
895 2425 933 2480 ad
955 2425 1131 2496 Antonium,
1161 2424 1298 2497 iussuque
1320 2421 1382 2478 eius
1402 2421 1483 2477 inter

417 2529 489 2586 duas
511 2508 613 2585 manus
634 2529 663 2585 in
681 2530 782 2585 rost-ris
804 2530 940 2604 positum,
968 2531 1017 2588 ubi
1038 2531 1086 2587 ille
1103 2530 1212 2599 consul,
1240 2528 1288 2585 ubi
1310 2546 1387 2602 saepo
1410 2546 1484 2583 con-

416 2635 534 2703 sularis,
564 2635 614 2692 ubi
640 2654 675 2691 eo
698 2634 763 2708 ipso
792 2653 867 2690 auno
897 2637 1035 2693 adversus
1058 2636 1233 2705 Antonium,
1267 2643 1377 2709 quanta
1398 2633 1485 2689 nulla

416 2759 543 2814 unquam
575 2741 702 2796 humana
730 2758 804 2809 vox,
843 2759 908 2796 curn
945 2742 1136 2798 admiratione
1163 2740 1332 2815 eloquentiae
1361 2740 1485 2795 auditus

416 2843 519 2902 iuerat.
564 2846 625 2902 Vix
652 2846 815 2903 attollentes
841 2864 902 2919 prta
929 2846 1057 2903 lacrimis
1086 2846 1185 2903 oculos
1212 2844 1342 2903 homines
1372 2846 1485 2903 intueri

416 2952 559 3018 trucidat-a
571 2953 699 3009 membra
710 2951 770 3007 eius
781 2961 924 3026 poterant.
936 2982 972 2993 -
984 2952 1068 3009 Vixit
1079 2961 1137 3008 tres
1159 2962 1187 3007 et
1207 2951 1360 3027 sexaginta
1374 2971 1486 3021 annoS,

416 3069 461 3128 ut,
490 3058 515 3115 si
542 3059 585 3115 vis
608 3058 742 3128 afuisset,
769 3076 805 3112 ne
834 3056 990 3114 immatura
1020 3058 1133 3133 quidem
1163 3076 1241 3115 mors
1262 3057 1354 3114 videri
1375 3060 1486 3132 possit.

415 3163 566 3238 Ingenium
591 3176 619 3221 et
641 3165 775 3239 operibus
804 3172 832 3219 et
852 3164 978 3238 praemiis
1000 3184 1119 3239 operum
1141 3163 1227 3233 ielix;
1262 3164 1324 3238 ipse
1352 3161 1485 3221 fortunae

315 3273 318 3284 '
417 3268 465 3324 diu
493 3289 640 3345 prosperae
677 3279 704 3326 et
734 3269 764 3325 in
800 3268 888 3343 longo
918 3279 1017 3326 tenore
1046 3269 1191 3327 felicitatis
1217 3268 1329 3345 magnis
1360 3268 1485 3326 interim

417 3374 490 3431 ictus
510 3376 694 3444 vulneribus,
718 3374 838 3443 exsilio,
868 3374 953 3430 ruina
977 3378 1116 3449 partium,
1144 3396 1198 3452 pro
1222 3377 1324 3451 quibus
1346 3385 1486 3447 steterat,

415 3480 481 3537 filiae
503 3482 581 3538 exitu
603 3492 662 3539 tarn
685 3481 760 3538 tristi
783 3490 870 3555 atque
893 3482 1007 3551 acerbo,
1035 3484 1162 3539 omnium
1185 3484 1371 3539 adversorum
1394 3481 1486 3545 nihil,

415 3594 447 3642 ut
468 3587 532 3656 siro
554 3587 670 3661 dignum
693 3597 764 3656 erat,
787 3585 851 3642 tulit
870 3572 1123 3659 praetermorem
1146 3606 1209 3663 quae
1230 3606 1298 3643 vere
1320 3586 1486 3644 aestimanti

416 3690 509 3747 minus
530 3691 648 3767 indigna
673 3692 764 3748 videri
785 3690 887 3766 potuit,
917 3694 996 3766 quod
1017 3712 1035 3749 a
1055 3693 1165 3750 victore
1186 3693 1300 3750 inimico
1322 3694 1391 3749 nihil
1414 3713 1485 3751 cru-

415 3796 506 3853 delius
525 3816 629 3871 passus
651 3807 723 3867 erat,
745 3815 833 3872 quern
855 3798 933 3870 qnod
953 3798 1077 3887 eiusdem
1100 3797 1223 3857 fortunae
1241 3816 1360 3874 compos
1382 3799 1416 3855 in
1446 3821 1486 3858 eo

415 3902 539 3960 fecisset.
592 3904 623 3962 Si
647 3903 711 3977 quis
732 3913 828 3959 tamen
850 3903 1003 3960 virtutibus
1026 3904 1097 3961 ritis
1118 3904 1258 3979 pensarit,
1285 3905 1330 3962 vir
1351 3924 1486 3981 magnus

416 4026 451 4064 ac
480 4009 674 4067 memorabilis
702 4008 773 4078 fuit,
806 4018 835 4065 et
862 4008 892 4064 in
925 4010 1005 4065 cuius
1034 4009 1134 4067 laudes
1164 4010 1363 4084 exsequendas
1391 4010 1485 4069 Cice-

415 4128 486 4169 rone
508 4114 659 4171 laudatore
679 4134 753 4189 opus
774 4113 870 4174 fuerit.
908 4123 1000 4175 Seneca
1019 4124 1090 4175 Blet.
1111 4124 1210 4175 Suasor.
1237 4125 1282 4177 VI.

809 4251 853 4301 Es
871 4252 910 4301 tu.
927 4250 1073 4302 CXXVII.

486 4342 531 4407 50)
549 4340 676 4401 Quoniam
694 4344 760 4392 inter
780 4346 926 4406 Angustum
950 4354 975 4393 st
993 4345 1136 4394 Antonium
1161 4344 1274 4408 reliquiar
1299 4344 1384 4392 adhue
1404 4360 1486 4395 erent
