3475 5084
527 553 604 602 Liber
620 552 703 600 XLV.
747 551 793 615 (Δ.
812 550 873 601 chr.
890 553 959 617 168.)
1159 558 1214 611 211

215 753 267 797 tum
294 750 417 797 vocatos
443 759 520 811 esse;
551 741 592 797 ibi
621 740 776 815 Agepolim
803 716 961 816 prinoipem
987 758 1085 797 eorum
1113 740 1155 795 ita
1180 740 1303 797 locu-4

215 857 283 903 tum:
304 847 412 904 Missos
434 864 498 903 esse
520 847 634 921 legatos
655 847 692 902 ab
703 846 825 904 Rhodiis
845 846 882 902 ad
905 864 1005 921 pacem
1027 846 1261 902 interllomanos

214 964 237 1007 et
255 953 368 1009 Persea
389 950 568 1023 faciendam,
597 953 725 1026 quodid
747 952 853 1009 bellum
876 969 966 1026 grave
988 951 1082 1025 adque
1103 950 1261 1007 incommo-

212 1056 272 1111 dum
296 1054 420 1115 Graeciae
443 1058 531 1127 omni,
555 1070 755 1133 sumptuosum
780 1076 814 1115 ac
836 1059 1008 1115 damnosum
1030 1056 1100 1132 ipsis
1122 1056 1262 1112 Romanis

212 1174 287 1219 esset.
334 1163 496 1219 Fortunam
524 1163 623 1239 populi
645 1164 770 1220 Romani
793 1161 1004 1232 benefecisse,
1027 1162 1161 1236 quando,
1182 1162 1261 1217 linito
1284 1165 1301 1217 5

212 1268 287 1325 aliter
308 1269 406 1340 bello,
440 1269 605 1343 gratulandi
627 1270 681 1326 sibi
702 1271 739 1327 de
759 1270 883 1327 victoria
911 1268 1026 1343 egregia
1047 1269 1187 1326 Romanis
1210 1287 1261 1343 op·

211 1373 411 1447 portunitatem
433 1375 566 1433 dedisset.
619 1376 692 1431 Haec
713 1377 751 1433 ab
772 1375 889 1433 Rhodio
910 1375 1002 1443 diota3
1030 1393 1198 1449 responsum
1224 1375 1261 1431 ab
1284 1374 1301 1428 6

211 1490 302 1536 senatu
326 1498 407 1551 esse,
428 1481 560 1538 Rhodios
587 1501 640 1537 nec
670 1482 834 1539 utilitatium
857 1479 980 1539 Graeciae
1007 1499 1076 1537 cura
1098 1499 1191 1555 neque
1218 1480 1261 1537 in-

211 1602 360 1658 pensarum
389 1587 488 1662 populi
518 1588 660 1655 Romani,
690 1588 742 1644 sed
771 1607 824 1663 pro
853 1588 963 1643 Perseo
990 1586 1163 1661 legationem
1197 1604 1261 1642 eam

211 1691 324 1751 misisse.
372 1694 451 1750 Nam
474 1693 500 1750 si
521 1712 557 1749 ea
577 1693 679 1750 fnisset
703 1712 782 1763 eura,
804 1711 869 1766 quae
891 1692 1090 1761 simularetur,
1113 1701 1172 1747 tum
1196 1692 1260 1747 mit·
1283 1691 1299 1744 7

211 1797 303 1853 tendos
336 1797 451 1872 legatos
473 1798 581 1869 fuisse,
614 1817 678 1855 oum
700 1800 843 1869 Perseus,
875 1799 904 1855 in
928 1798 1111 1856 Thessaliam
1135 1798 1262 1854 exercitu

210 1901 336 1973 inducto,
373 1922 425 1978 per
456 1905 601 1962 biennium
625 1904 745 1963 Graecas
775 1906 861 1961 urbes
892 1905 964 1962 alias
999 1904 1156 1972 obsideret,
1190 1904 1261 1960 alias

211 2006 419 2064 denuntiatione
441 2028 587 2067 armorum
609 2020 738 2068 terreret.
786 2012 863 2069 Tum
886 2012 993 2068 nullum
1018 2010 1099 2085 pacis
1120 2011 1158 2067 ab
1174 2004 1258 2068 ¹Rho·
1282 2006 1298 2060 8

211 2112 255 2169 diis
276 2115 453 2171 mentionem
476 2113 592 2175 factam.
633 2118 795 2192 Postquam
817 2127 968 2192 superatos
991 2116 1081 2173 saltus
1102 2126 1261 2191 transgres-

211 2234 306 2292 sosque
327 2220 359 2276 in
382 2221 584 2278 Macedoniam
608 2224 758 2280 Romanos
780 2224 923 2280 audierint
951 2232 979 2279 et
1005 2222 1144 2278 inclusum
1173 2220 1263 2277 teneri

210 2322 318 2396 Persea,
342 2335 412 2382 tune
433 2328 564 2385 Rhodios
586 2327 760 2403 legationem
781 2329 902 2400 misisse,
924 2348 982 2385 non
1004 2328 1041 2383 ad
1063 2327 1150 2383 ullam
1176 2325 1262 2382 aliam

212 2446 261 2485 rem
284 2450 374 2505 quam
399 2434 436 2489 ad
459 2434 569 2490 Persea
591 2453 627 2491 ex
648 2434 797 2491 inminenti
818 2436 946 2511 periculo
965 2433 1152 2509 eripiendum.
1187 2428 1260 2488 Cum

210 2533 257 2592 hoc
277 2556 420 2612 responso
442 2539 554 2614 legatos
576 2540 718 2597 dimissos.

282 2644 344 2700 Per
365 2629 483 2701 eosdem
505 2646 566 2701 dies
589 2657 617 2702 et
639 2647 680 2702 M.
702 2646 867 2715 Marcellus,
888 2662 925 2701 ex
946 2643 1095 2719 provincia
1116 2642 1260 2717 Hispania

210 2745 353 2818 decedens,
375 2750 536 2806 Marcolica
557 2751 646 2810 nobili
668 2753 739 2809 itrbe
761 2766 864 2826 capta,
893 2752 990 2807 decem
1020 2749 1118 2824 pondo
1146 2749 1210 2805 auri
1233 2759 1261 2804 et

210 2856 312 2925 argenti
349 2855 388 2911 ad
420 2872 562 2912 summam
595 2858 718 2915 sestertii
758 2858 873 2914 deciens
912 2858 942 2913 in
974 2856 1106 2912 aerarium
1141 2854 1259 2910 rettulit.

209 2957 311 3016 Paulus
334 2960 474 3018 AEmilius
498 2962 598 3018 consul
619 2982 684 3019 cum
706 2972 820 3033 castra,
852 2975 885 3018 ut
906 2980 995 3036 supra
1016 2962 1122 3017 dictum
1144 2972 1198 3030 est,
1223 2960 1260 3015 ad
1283 2954 1300 3009 2

210 3060 282 3120 Siras
304 3077 391 3121 terrae
413 3064 613 3125 Odomanticae
635 3069 769 3138 haberet,
801 3068 902 3123 litterae
931 3068 968 3123 ab
990 3086 1059 3141 rege
1082 3068 1188 3124 Perseo
1210 3085 1262 3140 per

209 3167 343 3241 ignobiles
366 3181 424 3227 tres
447 3172 559 3247 legatos
582 3174 691 3230 tradita
721 3175 747 3228 ei
774 3183 851 3243 sunt,
884 3192 954 3248 quas
975 3190 1035 3227 cum
1057 3183 1201 3240 cerneret,
1234 3183 1262 3227 et

208 3272 264 3347 ipse
283 3276 484 3335 inlacrimasse
505 3279 610 3335 dicitur
630 3278 701 3336 sorti
721 3280 863 3347 humanae,
887 3278 980 3353 quod,
1004 3277 1052 3351 qui
1074 3278 1163 3352 paulo
1186 3287 1262 3346 ante,
1284 3270 1300 3324 3

208 3576 231 3635 4,
248 3586 262 3627 3
280 3596 313 3629 cx
331 3595 422 3644 persea
450 3590 465 3629 4
485 3583 572 3645 gratiae
591 3582 673 3629 omnis
710 3580 736 3638 5,
757 3578 910 3628 llortuuam
928 3564 1260 3644 bperbenelioiissequendo

210 3663 258 3729 My.
274 3665 399 3716 Elam
418 3667 510 3733 (Gryn.
532 3668 660 3716 fortunam
684 3668 794 3731 perbene
813 3665 916 3725 fecisse,
945 3668 1060 3729 quando)
1078 3668 1082 3727 Ι
1098 3666 1168 3714 finito
1188 3666 1261 3713 aliter

207 3750 269 3800 bello
287 3755 418 3816 sequendo
437 3755 509 3803 aliter
528 3755 673 3816 gratulandi
698 3755 834 3815 tegraeciae
852 3768 971 3802 romanos
999 3753 1048 3811 6,1
1069 3754 1100 3801 ab
1119 3768 1225 3801 romano
1244 3757 1258 3800 2

205 3841 636 3905 graeciaenequeenraiupensarum
649 3838 833 3904 Masonsa
857 3846 914 3888 3ea
933 3840 1031 3888 misisse
1067 3838 1259 3899 l‚2tessaliam

207 3928 360 3987 &lrodiis
401 3933 577 3993 2tsuperatos
596 3929 622 3975 in
641 3928 720 3977 saltus
738 3927 786 3989 H.)
823 3927 981 3976 saudirent
1002 3925 1076 3976 Gron.
1119 3927 1259 3974 trhodios

208 4030 229 4064 u.
251 4017 398 4080 legionem!
423 4016 535 4065 adultam
554 4015 632 4063 uliam
669 4020 683 4063 5
705 4028 821 4078 perseam
863 4013 910 4074 IV,
932 4014 956 4071 1,
977 4020 991 4062 3
1011 4015 1154 4063 sestertium
1177 4014 1259 4073 Grum,

208 4103 257 4153 Em.
268 4104 321 4155 594
336 4123 358 4155 n.
375 4108 380 4168 Ι
395 4104 462 4153 Alibi
480 4102 566 4151 Livius
583 4103 608 4150 in
625 4101 671 4151 huo
688 4120 714 4151 re
732 4102 789 4150 tulit
807 4110 850 4149 out
867 4100 954 4149 intulit
970 4099 1035 4158 dicit,
1050 4101 1094 4149 etsi
1103 4097 1260 4158 XXXVII,

208 4189 249 4248 57,
266 4191 381 4256 1221109.
392 4190 539 4239 rettulisset.
567 4188 592 4247 2,
610 4195 624 4236 2
644 4188 857 4237 odomantldichte
873 4186 956 4252 Sigon.
994 4189 1127 4250 alegatos
1146 4194 1260 4235 cerneret

209 4274 259 4340 My.
270 4277 325 4328 Em.
336 4276 391 4328 593
405 4275 492 4343 (Grya.
503 4278 617 4339 baberet,
627 4290 685 4324 cum
703 4276 800 4323 litteras
818 4275 851 4323 ab
871 4288 930 4337 rege
940 4274 1035 4323 Perseo
1048 4300 1080 4312 -
1091 4284 1141 4322 tres
1160 4273 1259 4335 legatos

208 4366 328 4428 comeret)
364 4372 380 4413 4
401 4366 477 4414 sortis
494 4362 545 4413 Ed.
572 4361 669 4412 Vuscos.

1016 4447 1062 4501 14'
