3475 5084
588 528 666 578 sne
683 527 754 578 ηπ.
791 528 901 592 (scs.
916 530 987 594 ue.)
1240 538 1275 612 ¹⁹.

242 711 367 797 ludatus
379 713 426 748 ⁵*
448 709 578 785 Senatus,
600 715 704 772 litteris
725 714 850 785 auditis,
873 716 1010 773 tumultus
1032 716 1093 773 eius
1114 730 1204 771 causa
1225 714 1318 790 legio·

249 834 316 873 nem
336 817 453 873 tertiam
477 819 514 874 ed
537 817 571 878 C.
584 817 737 876 Claudium
760 821 962 894 proconsulem
978 821 1007 878 in
1022 821 1151 880 Galliam
1174 821 1318 895 proficisci

248 919 343 991 iussit,
367 931 397 978 et
417 922 587 981 duumviros
612 925 733 981 navales
760 943 826 982 cum
860 925 954 983 classe
975 926 1062 1009 Pisas
1083 925 1133 994 irs,
1156 926 1206 999 qui
1228 926 1317 1001 Ligu·
1342 931 1357 986 7

248 1045 313 1083 rum
336 1045 431 1095 oram,
454 1029 638 1086 maritumum
661 1049 778 1105 quoque
801 1042 942 1088 terrorem
965 1031 1168 1100 admoventes,
1196 1031 1318 1088 circum·

248 1143 446 1190 sectarentur.
503 1135 616 1192 Eodem
637 1136 725 1192 Pisas
756 1145 787 1191 et
809 1134 846 1208 Q.
868 1135 992 1194 Petllius
1023 1134 1125 1192 consul
1152 1135 1189 1192 sd
1211 1153 1317 1192 conve·
1340 1141 1358 1196 8

248 1236 388 1294 ciendum
410 1239 550 1296 exercitui
575 1240 646 1296 dina
667 1240 808 1298 edixerat.
865 1239 906 1296 Et
927 1237 961 1297 0.
984 1237 1124 1296 Claudius
1153 1240 1318 1315 proconsul,
1339 1245 1358 1302 9

249 1341 353 1398 audita
380 1343 538 1401 rebellione
559 1343 717 1419 Ligurum,
747 1353 852 1420 prester
885 1361 935 1402 eas
961 1344 1081 1418 copies,
1115 1363 1189 1420 ques
1220 1363 1317 1402 secum

248 1447 369 1504 Parmte
395 1449 539 1516 habebat,
571 1449 719 1507 subitariis
752 1449 880 1507 collectis
902 1446 1057 1517 militibus,
1088 1449 1247 1508 exercitum
1280 1448 1318 1506 ad

248 1553 323 1610 lines
345 1553 487 1627 Ligurum
510 1553 650 1610 admovit.

347 1658 458 1714 Hostes
486 1658 541 1715 sub
569 1657 726 1714 adventum
758 1654 792 1716 C.
815 1653 937 1724 Claudi,
969 1675 987 1712 a
1012 1673 1070 1730 quo
1102 1657 1175 1714 duce
1204 1675 1235 1714 se
1257 1676 1315 1715 me·
1360 1647 1400 1720 18

249 1761 397 1818 minorant
416 1780 509 1837 nuper
530 1763 568 1818 ad
595 1763 782 1820 Scultennam
804 1761 913 1817 flumen
938 1759 1030 1816 victos
1051 1759 1244 1834 fugatosque,
1272 1762 1316 1820 lo·

247 1883 350 1922 eorum
374 1866 468 1940 magis
489 1866 625 1941 praesidio
650 1866 790 1923 adversus
811 1863 965 1922 infeliciter
982 1873 1130 1939 expertam
1146 1864 1204 1922 viru
1228 1884 1316 1940 quem

248 1970 340 2026 armis
351 1987 384 2027 se
405 1969 561 2039 defensuri,
582 1971 657 2028 duos
678 1982 800 2038 montes,
813 1970 917 2027 Letum
940 1978 969 2025 et
983 1967 1147 2039 Ballistam,
1169 1980 1317 2045 ceperunt,

248 2092 334 2130 muro
342 2076 483 2148 fossaque
504 2075 623 2150 insuper
642 2074 778 2150 amplexi.
810 2073 938 2132 Tardius
960 2091 997 2129 ex
1022 2074 1099 2148 agris
1122 2074 1317 2150 demigrantes
1340 2083 1358 2138 2

248 2179 382 2253 oppressi
405 2181 443 2236 ad
460 2181 495 2237 M
516 2189 546 2237 et
572 2181 601 2237 D
622 2180 778 2254 perierunt.
826 2176 922 2236 Ceteri
945 2178 1089 2235 montibus
1118 2195 1149 2235 se
1171 2181 1316 2251 tenebant,
1339 2187 1357 2243 3

247 2293 277 2340 et
298 2302 336 2340 ne
357 2283 387 2340 in
410 2294 488 2342 metu
509 2285 625 2359 quidem
647 2283 771 2340 feritatis
785 2282 920 2357 ingenitae
933 2282 1025 2353 obliti,
1046 2284 1169 2341 steviunt
1189 2285 1219 2342 in
1240 2303 1317 2360 pres·

247 2387 328 2456 dem,
350 2407 416 2462 quas
430 2387 550 2444 Mutinae
571 2398 658 2462 parta
681 2396 753 2444 erat.
787 2383 929 2460 Captivos
951 2405 1015 2444 cum
1039 2387 1119 2444 foede
1140 2388 1317 2448 laceratione

246 2491 438 2560 interficiunt3
461 2511 569 2567 pecora
588 2493 618 2549 in
639 2492 716 2550 fenis
737 2490 883 2548 trucidant
903 2491 1000 2548 verius
1022 2490 1129 2566 passim
1153 2510 1240 2566 quam
1262 2495 1318 2551 rite

246 2598 424 2657 sacrificant.
483 2596 589 2654 Satiati
615 2596 694 2653 caede
720 2594 929 2665 animantium,
962 2613 1027 2668 quse
1061 2595 1190 2652 inanime
1225 2599 1358 2669 erantl

246 2701 410 2777 parietibus
431 2701 572 2775 adfigunt,
593 2718 667 2758 vass
687 2700 781 2758 omnis
802 2699 935 2774 generis,
958 2700 1021 2759 usui
1044 2700 1138 2776 magis
1159 2719 1246 2775 quam
1269 2722 1317 2760 or·

246 2815 389 2862 numento
410 2806 440 2862 in
461 2805 587 2880 speeiem
608 2803 697 2862 facta
750 2804 788 2878 Q.
809 2804 931 2862 Petilius
954 2804 1064 2872 consul,
1085 2823 1121 2861 ue
1142 2806 1263 2864 absente
1283 2825 1316 2866 se
1339 2809 1357 2864 t

247 2910 461 2979 debellaretur,
495 2910 668 2968 litterasad
691 2909 725 2971 C.
749 2907 903 2967 Claudium
927 2907 1013 2978 misit,
1047 2916 1079 2964 ut
1100 2924 1164 2968 com
1187 2914 1316 2970 exercitu

247 3015 288 3070 sd
309 3033 341 3071 se
363 3015 392 3071 in
415 3014 545 3072 Galliam
567 3015 691 3083 veniret3
725 3015 836 3089 campis
858 3012 969 3070 Macris
998 3029 1030 3068 se
1056 3030 1121 3070 eum
1145 3026 1316 3092 expectatu-

245 3139 322 3176 rum.
372 3118 489 3177 Litteris
511 3119 648 3193 acceptis,
680 3116 821 3175 Claudius
850 3135 888 3174 ex
915 3115 1071 3190 Liguribus
1100 3130 1199 3175 cestra
1225 3121 1357 3177 movitd

246 3224 468 3299 exercitumque
497 3224 535 3280 ed
569 3241 690 3296 campos
716 3223 834 3278 Macros
868 3220 980 3278 consuli
1012 3219 1141 3279 tradidit.
1201 3221 1315 3281 Eodem

245 3328 351 3403 paucis
371 3337 440 3404 post
460 3328 561 3386 diebus
581 3325 762 3386 0-Valcrius
784 3324 886 3383 consul
908 3323 982 3382 alter
1002 3323 1089 3380 venit.
1137 3324 1194 3395 Ibi,
1215 3326 1315 3384 divisis
1339 3332 1354 3387 7

245 3619 271 3678 8,
295 3625 308 3667 1
329 3618 523 3680 eodemipsssed
542 3632 567 3680 q.
586 3614 698 3680 poetilius
718 3612 818 3679 Kreyss.
839 3611 931 3678 (Grpe.
945 3612 1045 3661 Eodem
1059 3618 1084 3660 et
1095 3610 1126 3670 Q.
1139 3613 1182 3675 P.)
1210 3620 1225 3662 2
1243 3629 1316 3664 exer.

246 3707 327 3754 citum
348 3705 466 3753 edixerat
501 3704 527 3762 9,
546 3709 562 3750 s
581 3714 670 3766 penne
686 3700 691 3763 Ι
707 3700 828 3748 subituris
863 3697 1201 3757 XVlll,1‚²cnlteunem
1236 3702 1316 3751 4de·

244 3791 365 3842 sensurus
381 3792 387 3853 Ι
403 3791 490 3838 latum
534 3792 548 3836 ὃ
568 3800 708 3848 murosque
726 3787 831 3848 insuper
849 3783 905 3848 My.
924 3781 980 3833 Em.
997 3781 1061 3832 502.
1082 3782 1170 3850 (Gryn.
1190 3800 1314 3849 muroque

244 3879 311 3942 ins.)
344 3877 371 3935 2,
392 3883 408 3925 2
427 3878 461 3926 ad
479 3883 549 3925 ooet
567 3874 591 3922 d.
636 3873 662 3926 3,
682 3879 698 3920 3
717 3886 768 3932 que
809 3868 836 3928 4,
858 3876 869 3918 t
892 3883 942 3932 que
977 3851 1146 3932 tadullgunt
1181 3870 1312 3920 stactem

245 3964 271 4025 5,
294 3970 305 4013 1
326 3963 440 4029 petilius
475 3961 500 4021 6,
520 3969 534 4009 2
554 3960 616 4011 Post
632 3959 737 4006 tradidit
753 3957 857 4021 mutium
876 3971 976 4004 nocuum
998 3972 1071 4019 usque
1091 3953 1128 4004 od
1137 3956 1214 4018 finem
1233 3973 1315 4005 uersus

244 4053 297 4106 fere
314 4050 349 4099 15
368 4048 508 4098 litterarum.
549 4044 680 4095 Pr⁰cimus
697 4060 779 4092 verm
794 4043 921 4104 (Eodem)
939 4058 956 4090 o
974 4039 1053 4090 littera
1069 4041 1204 4090 maiuscula
1221 4043 1312 4106 incutit.

246 4136 251 4201 Ι
270 4137 373 4185 Eodem
397 4144 511 4198 tempore
535 4132 625 4197 peusis
649 4128 725 4180 Frob.
744 4128 781 4179 11
799 4126 868 4192 [Gsr.
887 4126 944 4176 Em.
964 4125 1018 4176 492
1045 4136 1068 4175 ct
1085 4126 1116 4175 de
1132 4125 1186 4176 cod.
1207 4126 1315 4191 Mogon-

245 4222 295 4271 tiac
312 4220 395 4283 362.)

1049 4297 1084 4343 2*
