3475 5084
493 521 552 577 ras
756 516 834 565 assor
850 514 934 565 xcv.
983 516 1028 579 (s.
1048 532 1073 566 u.
1094 532 1115 568 ο.
1137 516 1208 579 sar.)

450 702 565 771 nostris,
586 710 615 759 et
629 701 673 772 iis,
688 720 770 776 quos,
793 711 826 760 ut
839 704 1018 762 traderemus
1033 706 1126 776 vobis,
1141 704 1323 763 adduximus.
1361 701 1393 760 Si
1405 720 1497 757 omnes

450 808 557 867 Rhodii
577 825 659 883 aque
680 808 761 865 uoxii
783 827 919 880 essemus,
942 790 1020 886 quod
1041 821 1169 870 nostrum
1191 812 1221 867 iu
1238 812 1295 867 hoc
1309 808 1383 866 bello
1397 806 1498 864 mucan

393 921 429 975 10
452 913 548 973 esset?
590 915 691 973 Persei
719 915 851 991 partibus
880 916 1007 977 favimus
1033 929 1076 990 et,
1106 916 1348 993 quemadmodum
1370 912 1500 971 Antiochi

451 1020 637 1095 Philippique
657 1020 734 1077 bello
757 1040 811 1097 pro
833 1024 917 1080 vobis
940 1023 1079 1081 adversus
1094 1041 1186 1098 reges,
1206 1023 1247 1079 sic
1269 1038 1345 1079 nunc
1365 1038 1420 1095 pro
1442 1035 1502 1091 rege

393 1129 424 1182 il
452 1127 591 1184 adversus
612 1144 666 1183 vos
686 1127 826 1185 stetimus.
858 1128 1109 1203 Quemadmodum
1124 1126 1270 1184 soleamus
1293 1124 1387 1183 socies
1408 1124 1504 1180 iuvare

452 1240 480 1287 et
508 1250 595 1305 quam
624 1231 738 1308 inpigre
766 1252 917 1309 capessere
943 1234 1033 1305 bella,
1075 1233 1108 1292 C.
1130 1232 1260 1301 Liuium,
1293 1232 1327 1291 1..
1356 1230 1505 1289 AEmilium
1542 1248 1543 1287 l

450 1337 595 1412 Regillum
615 1338 801 1414 interrogate,
824 1342 874 1415 qui
895 1341 1034 1399 classibus
1055 1337 1159 1397 vestris
1180 1339 1210 1395 in
1227 1338 1302 1396 Asia
1326 1336 1506 1412 prefuerunt.

394 1444 429 1500 12
452 1443 620 1518 Numquam
642 1454 745 1502 vestra
773 1464 863 1504 naves
892 1464 1058 1522 pugnavere
1081 1445 1143 1502 sine
1160 1444 1260 1512 nobis;
1294 1450 1395 1499 nostra
1420 1441 1508 1499 classe

451 1550 645 1626 pugnavimus
666 1552 754 1609 semel
776 1553 814 1609 ad
836 1552 970 1623 Samum,
997 1553 1100 1609 iterum
1122 1551 1151 1607 iu
1173 1548 1350 1625 Pamphylia
1372 1547 1507 1604 adversus

394 1653 429 1709 13
451 1656 647 1714 Hannibalem
674 1656 880 1732 inperatorem.
933 1658 1005 1731 Quas
1032 1656 1154 1714 victoria
1181 1654 1265 1713 nobis
1293 1673 1328 1712 eo
1357 1652 1510 1729 gloriosior

452 1770 512 1830 est,
535 1760 629 1836 quod,
660 1780 723 1819 cum
747 1763 785 1819 ad
807 1763 928 1823 Samum
950 1780 1085 1837 magnam
1109 1770 1220 1837 partem
1242 1760 1361 1817 navium
1386 1758 1510 1815 adverse

452 1883 550 1941 pugna
571 1877 600 1923 et
623 1869 769 1943 egregiam
791 1869 967 1928 iuventutem
991 1868 1202 1938 amisissemus,
1231 1874 1373 1925 uetante
1395 1864 1510 1938 quidem

453 1971 535 2027 clade
555 1972 656 2042 territi,
676 1973 779 2031 iterum
802 1975 866 2032 susi
881 1944 1088 2051 ,sumus'regia
1110 1974 1196 2031 classi
1219 1991 1257 2029 ex
1279 1970 1366 2048 Syria
1387 1968 1512 2027 venienti

396 2080 429 2132 14
453 2077 569 2134 obviam
580 2078 630 2135 ire.
662 2078 735 2137 Hes
745 2098 803 2137 nou
814 2080 958 2155 gloriandi
969 2100 1058 2139 causa
1068 2080 1164 2138 rettuli
1181 2080 1286 2157 (neque
1302 2077 1379 2133 enim
1391 2094 1429 2133 ea
1440 2094 1512 2132 nnnc

452 2191 552 2241 nostra
569 2193 613 2241 est
627 2183 765 2259 fortuna),
782 2188 834 2244 sed
850 2195 881 2243 ut
898 2187 1092 2257 admonerem,
1112 2182 1354 2261 quemadmodum
1372 2182 1513 2239 adiuvare

369 2281 410 2351 23
452 2289 548 2347 socios
562 2289 688 2349 solerent
698 2290 815 2353 Rhodii.
836 2294 971 2364 Praemia,
987 2302 1014 2349 et
1027 2293 1155 2368 Plsihppo
1172 2301 1201 2348 et
1216 2291 1364 2349 Antiocho
1383 2289 1513 2347 devictis.

453 2395 631 2469 amplissima
647 2398 809 2473 accepimus
827 2417 845 2455 a
860 2400 954 2457 vobis.
988 2398 1030 2470 si,
1047 2417 1110 2474 quas
1126 2406 1225 2455 vestra
1240 2415 1316 2453 nune
1335 2404 1379 2453 est
1394 2394 1516 2453 fortuna
1545 2402 1546 2465 ξ

453 2501 538 2560 deum
549 2500 724 2577 benignitate
735 2512 764 2562 et
774 2504 879 2563 virtute
890 2516 997 2576 vestra,
1009 2524 1045 2562 ea
1055 2504 1156 2563 Persei
1170 2503 1281 2573 fuisset,
1292 2512 1320 2558 et
1331 2500 1454 2577 praemia
1465 2519 1515 2576 pe·
1545 2482 1546 2513 ³

453 2607 535 2664 titum
547 2608 586 2665 ad
596 2608 734 2666 victorem
745 2629 842 2685 regem
855 2611 1032 2669 venissemus
1043 2612 1072 2668 in
1084 2610 1297 2678 Macedoniam,
1316 2607 1385 2682 quid
1396 2608 1517 2663 tandem

413 2713 430 2767 2
453 2712 635 2770 diceremus?
669 2716 835 2774 Pecuniane
862 2738 881 2774 a
909 2719 993 2776 nobis
1017 2718 1146 2775 adiutum
1170 2734 1208 2772 an
1228 2711 1392 2772 frumento?
1433 2713 1517 2770 auxi·

453 2818 500 2875 liis
526 2821 709 2877 terrestribus
739 2840 776 2878 an
799 2824 974 2883 navalibus?
1007 2824 1084 2899 qued
1105 2820 1268 2899 praesidium
1292 2819 1420 2876 tenuisse
1443 2818 1518 2876 nos?

414 2926 431 2979 3
455 2922 503 2980 ubi
532 2941 678 2999 pugnasse
708 2937 758 2984 aut
787 2929 840 2985 sub
867 2930 944 2989 illius
974 2931 1093 2989 ducibus
1125 2936 1175 2985 aut
1199 2946 1253 3002 per
1277 2925 1454 3000 nosipsos?
1486 2926 1518 2982 Si

455 3038 604 3102 quaereret,
626 3031 675 3087 ubi
695 3032 777 3089 miles
800 3044 914 3106 noster,
937 3037 987 3095 ubi
1010 3036 1093 3094 navis
1114 3035 1190 3092 intra
1210 3031 1346 3108 praesidia
1366 3048 1420 3087 sua
1443 3030 1516 3087 hris-

454 3142 512 3205 set,
545 3135 614 3209 quid
641 3140 903 3213 responderemus?
946 3140 1072 3199 Causam
1099 3138 1224 3197 fortasse
1252 3136 1411 3195 diceremus
1444 3148 1517 3213 aput

413 3248 432 3297 4
455 3240 604 3311 victorem,
626 3244 868 3317 quemadmodum
892 3254 963 3322 aput
982 3263 1037 3303 vos
1058 3244 1187 3305 dicimus.
1229 3244 1297 3301 Hoc
1310 3241 1385 3299 enim
1400 3242 1515 3319 legatos

455 3354 577 3421 utroque
599 3348 633 3405 de
657 3368 731 3424 pace
755 3352 895 3409 mittendo
917 3351 1062 3409 consecuti
1083 3367 1191 3420 sumus,
1212 3358 1244 3405 ut
1261 3348 1299 3405 ab
1313 3358 1416 3406 neutra
1431 3360 1515 3425 parte

455 3494 595 3503 ---———.
598 3496 685 3505 ..ι-η...-

455 3586 471 3628 3
491 3591 518 3629 ut
536 3583 694 3634 traderemus
712 3593 742 3633 ut
759 3586 832 3634 uobis
868 3590 885 3633 4
904 3584 977 3634 rhodi
993 3586 997 3646 Ι
1013 3584 1073 3633 noxi
1110 3583 1156 3644 10,
1176 3583 1316 3647 lpartibus
1334 3582 1432 3633 fuimus
1451 3583 1514 3645 (Mi-

456 3683 501 3715 nos
513 3668 638 3731 probabile
656 3680 702 3721 est:
722 3671 753 3720 In
770 3672 800 3721 P.
819 3688 844 3736 p.
863 3670 970 3736 fuimus)
988 3673 992 3734 Ι
1008 3672 1120 3720 anthioci
1164 3670 1205 3729 11,
1221 3676 1236 3719 2
1255 3672 1272 3719 l.
1293 3670 1376 3719 alium
1396 3672 1512 3735 regillum

456 3752 532 3817 122
560 3758 643 3805 semul
665 3761 698 3808 sd
725 3760 899 3809 samuliterum
917 3760 943 3808 in
962 3759 1103 3823 pamphilia
1147 3764 1163 3807 3
1190 3759 1387 3821 inperatoremq.
1405 3760 1512 3808 uictoris

456 3858 498 3917 13,
512 3865 528 3907 3
541 3875 642 3923 pugnae
658 3870 685 3912 et
702 3865 834 3925 egraciam
871 3863 1119 3925 literumausregioe
1139 3844 1229 3913 classis
1248 3878 1281 3911 ex
1298 3844 1382 3927 sdyria
1438 3864 1482 3923 14,
1503 3870 1510 3911 l

456 3948 555 3996 rettulit
600 3950 702 4011 XXIII,
721 3951 746 4011 1,
768 3957 777 3999 l
804 3952 908 4016 praemia
931 3959 956 3999 et
980 3950 1100 4000 anthioco
1119 3950 1197 4014 (prius
1221 3958 1246 4001 et
1269 3949 1329 4001 odd.
1356 3949 1461 4015 Weiss.)
1501 3958 1512 3997 2
1546 3950 1547 3979 ³

456 4033 479 4084 si
496 4032 610 4097 qualest
627 4036 880 4087 lorumadeumdeum
898 4038 1053 4100 benignitate
1091 4036 1202 4088 biuisse
1222 4047 1248 4085 et
1281 4038 1412 4101 premium
1458 4038 1511 4099 2,l

457 4122 491 4171 ad
509 4120 637 4173 frumento
665 4125 732 4172 sad
750 4124 886 4174 naualibus
913 4125 1046 4173 edacibus
1064 4139 1109 4188 per
1143 4123 1197 4183 3‚2
1217 4132 1343 4187 queretur
1373 4130 1460 4175 tuos
1493 4124 1513 4177 l.

460 4214 471 4257 1
485 4209 528 4257 hic
547 4209 617 4259 enim
645 4211 794 4274 2ultrsqua
813 4225 877 4275 pace
892 4209 898 4276 Ι
912 4220 942 4261 ut
958 4225 990 4260 ne
1009 4212 1043 4261 sb
1061 4219 1247 4275 utraqueparte
1260 4209 1344 4274 Grau,
1354 4210 1409 4262 Era.
1427 4210 1514 4263 60221
