3475 5084
495 500 533 554 96
579 490 582 498 ’
767 494 845 544 Liber
862 493 947 545 XLII.
984 492 1031 557 (A.
1051 508 1077 543 u.
1097 507 1118 543 c.
1138 493 1210 557 588.)

413 688 429 739 4
452 680 550 738 omnia
571 688 603 738 ut
623 681 764 741 instructa
784 692 946 757 parataque
967 690 1076 752 essent,
1099 678 1242 738 effecerat.
1287 679 1372 736 Mota
1393 694 1497 751 parum·

450 805 502 862 per
525 785 612 856 acies,
633 804 691 844 nou
712 786 788 843 iusto
810 788 931 845 decursu
953 797 1058 856 tamen,
1083 805 1119 843 ne
1140 786 1253 843 stetisse
1275 795 1387 842 tantum
1408 782 1436 839 in
1457 801 1497 838 ar·

451 892 504 949 mis
525 892 703 961 viderentnr3
727 903 921 966 armatosque,
942 891 1016 949 sicut
1038 901 1127 962 erant,
1149 891 1188 947 ad
1204 890 1366 947 contionem
1384 888 1498 946 vocavit.

411 1006 441 1057 5·
450 998 519 1073 Ipse
543 998 669 1055 constitit
690 998 718 1055 ia
740 997 894 1067 tribunali,
926 996 1002 1053 circa
1024 1014 1055 1053 se
1076 997 1186 1053 habens
1208 996 1283 1053 filios
1305 996 1398 1065 duos,
1429 994 1499 1051 euius

450 1104 528 1179 paris
550 1104 702 1179 Philippus
727 1114 831 1160 natura
851 1102 956 1171 frater,
989 1102 1145 1177 adoptione
1171 1102 1262 1171 filius,
1294 1101 1403 1172 minor,
1425 1118 1499 1174 quem

410 1212 427 1265 6
450 1209 650 1267 Alexandrum
673 1209 831 1278 vocabant,
865 1208 1005 1265 naturalis
1027 1218 1097 1266 erat.
1141 1206 1318 1267 cohortatus
1342 1217 1387 1263 est
1408 1206 1501 1263 milites

451 1316 488 1372 ad
509 1314 632 1384 bellum;
664 1314 784 1370 iniurias
810 1314 911 1389 populi
932 1314 1057 1371 Romani
1086 1314 1115 1370 in
1139 1325 1250 1389 patrem
1274 1332 1363 1387 seque
1385 1322 1526 1370 comme-⁴

411 1420 425 1472 7
450 1421 589 1478 moravit:
612 1413 697 1477 lllum
720 1420 853 1476 omnibus
873 1419 1091 1495 indignitatibus
1119 1418 1286 1493 conpulsum
1310 1417 1349 1474 ad
1370 1418 1501 1476 rebellas·

450 1526 528 1596 dum,
550 1525 625 1582 inter
648 1536 821 1600 apparatum
849 1525 915 1582 belli
942 1525 1004 1583 feto
1033 1544 1219 1601 oppressum;
1252 1525 1290 1581 ad
1312 1542 1343 1581 se
1365 1524 1450 1580 simul
1468 1522 1502 1579 le·

450 1642 549 1707 gatos,
586 1631 672 1687 simul
703 1631 806 1689 milites
838 1632 876 1687 ad
909 1632 1094 1707 occupandas
1126 1630 1248 1689 Graeciae
1280 1631 1366 1687 urbes
1399 1630 1502 1687 missos.

411 1736 428 1792 8
450 1737 562 1795 Fallaci
584 1735 687 1793 deinde
714 1737 869 1812 conloquio
891 1757 944 1813 per
971 1738 1095 1812 speciem
1117 1735 1337 1793 reconciliandae
1358 1735 1439 1811 pacis
1459 1753 1502 1791 ex·

450 1851 572 1898 tractam
595 1841 728 1912 hiemem,
750 1852 782 1899 ut
803 1854 917 1919 tempus
939 1844 977 1901 ad
1001 1842 1217 1919 conparandum
1239 1842 1391 1901 haberent.
1434 1838 1503 1897 Con·

449 1948 539 2004 sulem
560 1966 636 2005 nunc
657 1948 755 2005 venire
776 1967 841 2006 cum
863 1950 975 2006 duabus
1001 1949 1162 2024 legionibus
1183 1947 1338 2016 Romanis,
1369 1965 1434 2020 quse
1452 1940 1504 1974 Η
1567 1988 1568 2001 t

449 2064 580 2111 trecenos
601 2054 710 2128 equites
732 2055 868 2126 habeant,
905 2066 934 2113 et
954 2055 1018 2131 pari
1039 2054 1130 2112 ferme
1150 2070 1269 2108 numero
1291 2052 1436 2109 sociorum
1457 2069 1505 2127 pe-
1567 2104 1568 2107 ,

411 2159 541 2217 §iditum
563 2160 758 2235 equitumque.
800 2161 846 2218 Eo
875 2170 906 2217 ut
936 2161 1076 2218 accedant
1101 2176 1200 2232 regum
1224 2157 1350 2229 auxilia,
1371 2158 1505 2215 Eumenis
1567 2158 1568 2170 ³

450 2275 478 2322 et
498 2266 674 2337 Masinissa,
696 2286 754 2323 non
777 2267 842 2342 plus
864 2274 881 2335 †
902 2277 1012 2342 septem
1034 2264 1113 2321 milia
1133 2264 1276 2339 peditum,
1301 2263 1359 2320 duo
1382 2264 1503 2338 equitum
1567 2266 1568 2271 ’

392 2373 427 2426 10
449 2370 555 2430 futura.
610 2372 727 2430 Auditis
748 2373 874 2430 hostium
892 2372 998 2448 copiis,
1028 2371 1204 2446 respicerent
1231 2388 1314 2426 suum
1342 2370 1399 2445 ipsi
1428 2387 1506 2425 exer·

449 2476 552 2546 citum,
586 2489 724 2551 quantum
744 2497 879 2547 numero,
910 2486 1048 2553 quantum
1070 2496 1175 2552 genere
1197 2476 1316 2533 militum
1339 2483 1506 2551 praestarent

447 2582 588 2640 tironibus
615 2584 720 2656 raptim
749 2584 786 2639 ad
812 2584 842 2640 id
870 2584 975 2641 bellum
999 2582 1168 2659 conscriptis
1186 2582 1256 2658 ipsi,
1285 2601 1303 2638 a
1324 2581 1422 2656 pueris
1444 2599 1504 2636 eru·

279 2660 282 2669 ’
314 2677 318 2686 ’
391 2693 422 2745 lt
449 2686 776 2759 arriomanitae,
810 2700 854 2745 tot
883 2689 996 2746 susam
1018 2691 1113 2765 mque
1135 2689 1230 2746 durau
1252 2687 1342 2746 benis.
1386 2685 1505 2745 Auxma

448 2792 588 2849 Romanis
611 2793 709 2867 Lydos
741 2804 769 2850 et
790 2795 925 2871 Phrygas
958 2806 986 2852 et
1007 2796 1150 2853 Numidas
1182 2811 1259 2862 esse,
1292 2792 1347 2849 sibi
1374 2793 1505 2849 Thracas

449 2894 619 2972 Gallosque,
641 2898 835 2957 ferocissimas
856 2902 992 2977 gentium.
1023 2904 1124 2959 'Arma
1143 2900 1208 2957 illos
1229 2888 1345 2967 habere,
1368 2915 1434 2970 qua
1455 2895 1506 2952 sibi

450 3002 571 3077 quisque
591 3005 738 3079 paraverit
757 3024 868 3080 pauper
890 3008 987 3078 miles,
1009 3008 1187 3065 Macedonas
1210 3000 1346 3082 prompta
1368 3022 1408 3059 ex
1429 3003 1506 3078 regio

449 3119 608 3185 apparatu,
641 3130 693 3186 per
724 3123 768 3169 tot
798 3132 890 3171 annos
923 3113 1014 3189 patris
1041 3114 1086 3169 sui
1114 3131 1183 3170 cura
1214 3121 1243 3169 et
1271 3111 1394 3193 inpensa
1421 3108 1505 3167 facta

388 3222 425 3279 tt
449 3213 649 3274 Commeatum
671 3218 727 3276 illis
748 3239 812 3276 oum
835 3219 952 3295 procul,
973 3228 1032 3275 tum
1055 3219 1186 3276 omnibus
1208 3218 1261 3275 sub
1283 3217 1400 3275 casibus
1422 3215 1507 3274 mari·

450 3439 679 3447 ..Ἣ

450 3572 621 3624 aeffecerant
664 3576 690 3637 4,
712 3583 722 3626 1
752 3585 846 3626 motam
897 3577 926 3637 5,
948 3581 958 3624 l
987 3576 1054 3624 filios
1073 3576 1137 3624 duos
1162 3576 1233 3624 cuius
1252 3577 1293 3624 uel
1318 3549 1427 3639 quorum
1451 3592 1506 3641 pars

448 3662 577 3727 philippus
596 3662 650 3729 My.
670 3664 726 3714 Em.
745 3662 801 3713 539
823 3663 915 3730 (Grpe.
934 3664 1012 3723 duos,
1041 3678 1147 3726 quorum
1166 3664 1248 3713 maior
1265 3663 1411 3729 Philippus)
1449 3665 1506 3724 6,1

449 3748 565 3808 iniuriam
587 3748 654 3801 Creu.
680 3754 685 3817 l
709 3754 852 3816 inpetrem
871 3765 898 3801 se
917 3764 1019 3799 omnem
1039 3750 1121 3799 orauit
1174 3749 1204 3810 7,
1227 3756 1236 3799 1
1258 3751 1377 3801 omnibus
1396 3753 1506 3815 dignita-

450 3836 562 3887 tionibus
616 3846 710 3904 apoto
761 3841 786 3899 8,
808 3845 818 3888 1
844 3838 937 3887 deinde
961 3838 987 3885 in
1006 3837 1143 3899 conloquio
1196 3838 1336 3887 thaberet
1354 3854 1422 3888 coss.
1443 3853 1507 3887 nunc

450 3929 465 3972 3
490 3938 538 3987 quc
565 3914 675 3979 tricenos
695 3926 797 3977 Excidit
813 3941 922 3975 tramenta
937 3922 1056 3988 peditam
1082 3934 1202 3991 trecenos
1223 3923 1307 3992 Siqua.
1348 3925 1507 3976 thabebant

450 4010 474 4071 9,
494 4019 509 4061 2
529 4025 626 4080 septem
644 4024 778 4079 comptam
796 4030 853 4073 esse,
871 4011 987 4061 Dulceras
1004 4010 1077 4072 vidia
1096 4014 1160 4077 sort.
1185 4013 1291 4064 XXVII
1315 4011 1506 4078 (lepioaariorarn

451 4118 518 4183 XII,
536 4124 654 4170 sociorum
671 4120 774 4180 totidem,
793 4120 946 4170 auxiliarium
967 4116 1024 4187 ΙΙΙ)
1060 4120 1101 4181 10,
1121 4127 1135 4169 2
1154 4126 1304 4184 prestarent
1321 4095 1362 4167 dei
1381 4120 1506 4169 tironibus

450 4208 544 4256 suelli
563 4210 663 4257 auxilia
715 4209 799 4268 11‚2
830 4211 929 4274 phygos
945 4214 950 4270 Ι
966 4219 1049 4259 tracas
1104 4215 1119 4258 3
1146 4209 1295 4272 armatplios
1313 4210 1409 4259 babere
1428 4223 1506 4275 eqqre

451 4294 499 4343 sibi
519 4296 608 4360 (Grya.
628 4312 666 4356 ea,
685 4299 754 4377 quae)
790 4304 806 4345 4
826 4298 968 4348 macedone
1005 4297 1047 4356 12,
1070 4298 1077 4346 l
1101 4306 1243 4347 commeatu
