3475 5084
728 463 784 512 nn.
804 457 997 513 xor-xntv.
1311 470 1348 525 39
1407 525 1411 533 Ι

328 656 382 709 SC.
411 669 552 723 reportate.
589 662 718 711 Eumenes
739 663 808 711 Asiae
833 678 880 710 rex
903 663 930 710 in
954 670 1041 711 senatu
1067 664 1098 711 de
1117 663 1211 712 Perseo
1230 664 1391 713 Macedoniae

326 766 391 813 rege
411 762 515 816 questus
533 761 580 811 est,
601 755 671 802 cuius
690 754 787 802 iniuria
805 756 830 804 in
853 756 974 819 populum
994 756 1135 804 Romanum
1154 755 1304 806 referuntur.
1349 756 1389 806 Ob

326 862 395 909 quas
414 846 485 896 bello
502 848 526 895 ei
543 847 647 906 indicto,
666 847 696 895 P,
714 846 829 896 Licinius
846 846 953 897 Crassus
972 863 1034 910 eos,
1054 851 1093 896 cui
1112 851 1260 898 mandatum
1282 859 1343 906 arat,
1363 851 1390 897 in

326 938 507 988 Macedoniam
525 940 624 989 transiit
641 940 791 1007 levibusque
813 940 1031 1003 expeditionibus,
1063 942 1221 1005 equestribus
1244 943 1338 1005 proeliis
1363 944 1389 990 in

326 1030 466 1079 Thessalia
484 1047 541 1080 cum
559 1032 655 1081 Perseo
669 1049 758 1096 purum
776 1032 843 1088 felici
861 1041 951 1081 eventu
969 1034 1100 1097 pugnavit.
1139 1034 1209 1083 Inter
1227 1035 1388 1085 Masinissam

326 1134 355 1172 et
368 1121 592 1187 Carthaginienses
612 1126 642 1174 de
660 1141 724 1187 agro
743 1126 792 1175 fuit
809 1128 854 1185 lis;
874 1126 927 1207 qius
945 1127 981 1174 eis
1000 1127 1033 1174 ad
1052 1128 1245 1190 disceptandum
1264 1144 1280 1175 a
1300 1112 1390 1177 senatu

327 1218 412 1266 datus.
449 1217 539 1278 Legati
559 1218 629 1266 missi
648 1218 679 1265 ad
695 1219 783 1291 'socias
801 1220 914 1267 civitates
934 1233 1057 1281 regesque
1080 1221 1216 1281 rogandos,
1240 1229 1268 1269 ut
1289 1222 1315 1269 in
1339 1222 1389 1270 fide

326 1318 519 1373 permanerent,
546 1311 722 1360 dubitantibus
746 1311 861 1359 Rhodiis.
899 1310 1019 1359 Lustrum
1045 1328 1060 1361 a
1084 1313 1231 1361 censoribus
1259 1315 1388 1363 conditum

327 1410 380 1462 est3
407 1416 486 1451 censa
508 1410 570 1464 suut·
593 1404 683 1452 civium
708 1406 792 1467 capita
811 1403 958 1454 CCLXVII
977 1400 1150 1461 CCXXXI¹).
1188 1407 1239 1455 Res
1266 1416 1389 1470 praeterea

326 1496 449 1544 adversus
468 1492 564 1544 Corsos
583 1503 608 1543 et
626 1496 733 1557 Ligures
751 1511 872 1561 prospere
891 1506 977 1559 gestas
996 1500 1116 1547 continet,

729 1658 779 1707 EX
796 1657 864 1707 LIB.
885 1658 983 1707 XLIII.

397 1772 522 1823 Praetores
533 1773 637 1836 aliquot,
654 1775 765 1837 eoquod
784 1789 860 1822 avare
876 1782 902 1822 et
917 1773 1053 1822 crudeliter
1065 1773 1211 1836 provincias
1227 1772 1388 1821 administra-

325 1875 424 1926 verant,
444 1867 558 1915 damuati
576 1872 644 1914 suut.
680 1866 957 1917 nursiamcasam
974 1880 1073 1929 procos.
1095 1866 1237 1928 complures
1251 1867 1276 1913 in
1288 1865 1389 1915 Gracia

325 1962 403 2010 urbes
421 1960 577 2022 expugnavit
595 1966 620 2005 et
637 1959 774 2007 crudeliter
791 1960 921 2023 corripuit.
959 1958 999 2008 Ob
1012 1958 1037 2006 id
1057 1958 1158 2020 captivi,
1179 1960 1221 2021 qni
1240 1960 1272 2007 ab
1291 1974 1321 2007 co
1340 1958 1386 2006 sub

327 2068 423 2102 corona
446 2052 589 2111 venierunt,
615 2065 648 2100 ex
674 2048 723 2101 SC.
750 2059 840 2116 postea
864 2051 976 2101 restituti
1004 2057 1072 2100 suut.
1132 2049 1197 2099 Item
1222 2066 1237 2099 a
1261 2049 1387 2114 praefectis

326 2144 448 2193 classium
466 2144 638 2192 Romanorum
658 2143 737 2191 multa
762 2144 917 2207 impotenter
941 2145 966 2191 in
990 2145 1072 2193 socios
1094 2142 1170 2192 facta.
1207 2144 1258 2193 Res
1277 2159 1292 2191 a
1310 2143 1387 2191 Perse

327 2251 388 2299 rege
410 2236 437 2284 in
458 2237 568 2285 Thracia
585 2250 705 2299 prospere
727 2245 812 2298 gestas
840 2237 965 2294 continet,
991 2236 1064 2285 victis
1088 2235 1216 2285 Dardanis
1242 2244 1267 2283 at
1291 2234 1386 2297 illyria,

327 2329 399 2378 cuius
423 2344 467 2377 rex
492 2340 545 2377 erat
564 2327 681 2377 Gentius.
723 2330 824 2391 Motus,
848 2330 890 2394 qui
914 2331 940 2377 in
965 2328 1090 2391 Hispania
1113 2328 1145 2376 ab
1170 2326 1279 2377 Olonico
1304 2325 1386 2376 factus

302 2441 306 2450 ’
326 2430 393 2480 arat,
426 2423 480 2486 ipso
505 2422 657 2485 interempto
683 2423 805 2471 consedit.
854 2422 891 2471 M.
916 2421 1037 2470 AEmilius
1063 2421 1174 2485 Lepidus
1200 2435 1216 2468 a
1241 2420 1386 2469 censoribus

324 2516 442 2579 princeps
461 2522 557 2563 saumas
573 2515 662 2563 lectus.

726 2640 776 2689 EX
793 2641 861 2689 LIB.
882 2640 977 2690 XLIV.

395 2754 427 2815 Q.
447 2756 560 2805 Marcius
577 2757 712 2821 Philippus
736 2772 782 2822 per
799 2757 882 2805 invios
901 2756 981 2806 saltus
999 2758 1141 2819 penetravit
1159 2758 1185 2805 in
1204 2752 1383 2803 Macedoniam

324 2855 350 2895 et
385 2849 530 2911 complures
561 2850 638 2898 urbes
668 2849 808 2914 occuparit.
868 2848 962 2897 Rhodii
984 2850 1117 2899 'miserunt
1148 2850 1247 2911 legatos
1272 2847 1381 2896 Romam

324 2940 451 2989 minantes
462 2942 536 3004 fore,
559 2950 587 2989 ut
605 2942 700 2991 Perseo
726 2942 824 2990 auxilio
849 2952 948 3005 assent,
974 2943 1023 2989 nisi
1047 2942 1156 3005 populus
1175 2942 1306 2991 Romanus
1325 2953 1383 2986 cum

323 3033 369 3081 illo
393 3047 481 3095 pacem
508 3042 584 3096 atque
609 3034 746 3082 amicitiam
767 3036 890 3095 iungeret.
934 3034 1043 3096 Indigne
1066 3036 1092 3081 id
1117 3035 1205 3084 latum.
1247 3031 1330 3091 Quum
1357 3030 1383 3079 id
1446 3075 1448 3078 ,

291 3152 295 3158 »
322 3126 418 3174 bellum
445 3126 474 3174 L.
498 3125 604 3173 AEmilio
625 3126 707 3175 Paulo
726 3127 853 3190 sequentis
879 3127 938 3174 anni
958 3142 1011 3175 cos.
1030 3128 1122 3174 iterum
1141 3128 1289 3175 mandatum
1308 3130 1382 3180 esset,

321 3218 418 3267 Paulus
436 3219 462 3266 iu
481 3220 600 3267 contione
618 3228 748 3283 precatus,
775 3227 816 3276 ut,
840 3218 963 3281 quidquid
983 3218 1031 3266 diri
1048 3218 1143 3281 populo
1162 3219 1280 3270 Romano
1299 3217 1384 3264 immi·

322 3320 401 3371 neret,
421 3311 446 3358 in
465 3326 538 3359 suam
558 3314 660 3360 domum
679 3319 875 3371 converteretur,
896 3312 963 3360 etin
979 3312 1156 3359 Macedoniam
1176 3307 1303 3375 profectus
1321 3308 1383 3355 vicit

321 3404 418 3452 Persen
449 3411 579 3465 totamque
609 3406 788 3454 Macedoniam
817 3406 842 3452 in
880 3412 1032 3467 potestatem
1072 3405 1175 3466 redegit.
1236 3402 1382 3464 Antequam

322 3494 480 3556 confligeret,
517 3492 664 3559 praedixit')
698 3498 834 3556 exercitui,
868 3512 901 3545 ne
934 3498 1079 3559 miraretur,
1113 3497 1180 3562 quod
1214 3496 1275 3544 luna
1308 3502 1382 3542 nocte

319 3587 438 3651 proxima
469 3587 601 3636 defectura
636 3598 710 3640 esset.
772 3586 879 3652 Gentius
913 3599 1014 3652 quoque
1048 3605 1094 3637 rex
1124 3590 1268 3653 Illyriorum
1302 3601 1381 3659 'quum

319 3679 482 3738 rebellasset,
511 3694 526 3727 a
550 3681 580 3729 L.
599 3680 695 3729 Anicio
721 3691 829 3744 praetora
852 3666 933 3730 victus
960 3682 1026 3730 venit
1050 3682 1077 3729 in
1103 3682 1255 3730 deditionem
1279 3687 1304 3727 et
1325 3693 1381 3727 cum

320 3764 402 3820 uxore
421 3786 451 3820 ac
469 3772 556 3820 liberis
575 3781 602 3819 et
619 3775 768 3838 propinquis
786 3775 896 3823 Romam
914 3774 1005 3823 missus
1024 3783 1068 3823 est.
1106 3773 1196 3835 Legati
1214 3771 1381 3821 Alexandrini

319 3881 335 3913 a
355 3865 491 3927 Cleopatra
509 3874 535 3912 et
548 3863 689 3913 Ptolemaeo
706 3839 809 3927 regibus
827 3874 951 3915 venerunt
969 3873 1103 3928 querentes
1123 3867 1154 3915 de
1173 3866 1304 3915 Antiocho
1322 3878 1381 3926 rege

319 3956 415 4021 Syria,
448 3956 516 4019 quod
543 3957 565 4006 is
591 3958 685 4005 bellum
715 3957 827 4008 inferret.
883 3958 1004 4017 Perseus,
1036 3958 1179 4009 sollicitatis
1205 3960 1232 4006 in
1257 3956 1381 4005 auxilium

383 4210 404 4262 ¹)
419 4210 523 4251 cetxlx
543 4209 611 4249 millla
633 4214 655 4249 et
674 4210 717 4250 XV
735 4211 776 4249 lic.
793 4224 811 4250 c.
824 4214 855 4249 10.
925 4210 947 4259 ¹)
962 4211 1066 4260 Sulplelus
1085 4210 1157 4251 Gallus
1175 4213 1201 4249 tr.
1220 4208 1263 4249 mil,
1283 4208 1391 4257 praedlxlt'

317 4284 360 4323 Ita.
376 4296 393 4322 c.
408 4284 440 4321 ³7.
