3475 5084
574 493 654 547 Liba
668 493 742 549 xm.
779 494 827 557 (Δ.
848 493 909 544 cta.
931 496 1004 556 trs.)
1240 501 1275 554 15

245 674 300 732 luti
322 687 420 747 metu,
457 678 533 736 clem
557 681 686 738 exercitu
712 679 831 747 indicto,
863 699 917 754 per
937 694 1119 738 transversos
1143 678 1249 736 limites
1270 697 1319 736 su·

247 782 366 855 peratis
383 785 548 854 montibus,
568 785 600 842 in
620 803 742 859 campos
764 785 903 857 degressi,
925 803 1027 858 ugrum
1050 784 1242 842 Mutinensem
1266 802 1319 858 po·

247 886 358 960 palati,
391 889 543 962 repentino
573 890 683 965 impetu
719 888 863 946 colonium
893 890 987 965 ipsura
1009 899 1155 964 ceperunt.
1212 888 1249 944 ld
1270 887 1320 946 ubi
1343 884 1360 940 3

247 990 378 1048 Romam
401 993 533 1049 adlatum
560 1005 623 1064 est,
653 1004 771 1050 senatus
793 992 827 1054 C.
850 991 1005 1051 Claudiurn
1033 993 1179 1050 consulem
1203 992 1322 1050 comitia

248 1094 347 1168 primo
380 1114 497 1169 quoque
530 1107 661 1173 tempore
692 1099 802 1156 hebere
833 1099 926 1168 iussit,
959 1099 1121 1172 creatisque
1152 1098 1181 1154 iu
1213 1115 1320 1154 eanum

249 1199 472 1270 magistratibus
499 1202 530 1257 in
560 1203 740 1277 provinciam
770 1202 865 1260 redire
893 1216 922 1259 et
948 1203 1093 1260 colonium
1122 1222 1159 1260 ex
1190 1202 1322 1258 hostibus

250 1303 376 1377 eripere.
423 1304 487 1374 Itu,
517 1308 559 1364 uti
586 1309 698 1366 censuit
720 1319 854 1377 senatus,
886 1308 1005 1364 comitia
1025 1307 1134 1364 babitu.
1180 1304 1362 1368 consulat

249 1407 343 1463 creuti
375 1405 431 1466 Cn.
452 1408 604 1468 Cornelius
634 1412 734 1487 Scipio
766 1411 921 1487 Hispalae,
954 1412 991 1485 Q.
1020 1412 1140 1470 Petilius
1170 1410 1323 1486 Spurinus.

250 1512 401 1569 Praetores
427 1513 495 1571 inde
523 1513 595 1572 lecti
622 1516 662 1574 M.
685 1517 818 1592 Popilius
840 1518 960 1585 Laenss,
983 1517 1018 1574 P.
1042 1515 1167 1572 Licinius
1189 1513 1323 1584 Crassus,
1346 1523 1363 1576 5

250 1615 294 1674 Μ.
319 1615 475 1676 Cornelius
495 1620 606 1694 Scipio,
629 1622 663 1681 L.
686 1622 824 1697 Papirius
845 1623 942 1688 Maso,
963 1622 1005 1678 M.
1016 1622 1156 1690 Aburius,
1179 1621 1214 1679 L.
1225 1620 1324 1694 Aqui·

250 1722 309 1779 lius
333 1721 448 1781 Gallus.
495 1722 530 1781 C.
554 1723 678 1782 Claudio
699 1727 808 1784 consuli
831 1738 1021 1803 prorogatum
1050 1727 1082 1783 in
1104 1743 1209 1783 unnum
1232 1724 1364 1799 impe-6

250 1827 328 1884 rium
351 1840 383 1884 et
404 1827 506 1888 Gallis
526 1831 693 1905 pruvinciu;
714 1844 743 1890 et
763 1851 800 1888 ue
820 1833 914 1889 Histri
936 1833 1022 1899 idem,
1045 1832 1122 1905 quod
1147 1841 1176 1887 et
1194 1828 1324 1902 Ligures,

250 1927 403 2002 fuce'rent,
435 1935 532 1991 socios
565 1936 690 1993 nominis
717 1936 817 1994 Latini
848 1937 878 1992 in
902 1938 1042 1995 Histriam
1076 1937 1217 2002 mitteret,
1250 1950 1324 2006 quos

251 2037 394 2111 triumphi
419 2055 511 2094 causa
538 2039 575 2096 de
596 2041 749 2114 provincie
775 2041 952 2100 deduxisset.
998 2041 1053 2099 Cn.
1073 2039 1208 2098 Cornelio
1236 2037 1324 2110 etQ.
1349 2043 1364 2098 t

251 2142 362 2200 Petilio
384 2142 559 2213 consulibus,
581 2163 640 2218 quo
662 2146 710 2202 die
730 2147 932 2220 magistrarum
954 2147 1088 2215 inierunt,
1106 2142 1322 2200 immolantibus
1343 2139 1505 2195 datam.

251 2247 321 2305 Iovi
340 2247 464 2321 singulis
486 2249 596 2319 bubus,
627 2250 670 2306 uti
692 2250 783 2322 solet,
810 2252 840 2308 in
864 2252 1034 2322 sebastia,
1057 2268 1116 2326 qus
1140 2248 1176 2320 Q.
1201 2248 1323 2305 Petilius
1337 2207 1507 2264 A‘Chr'm'

252 2351 449 2422 sacrificavit,
477 2353 508 2409 in
528 2355 656 2414 iocinere
676 2367 766 2430 caput
786 2375 845 2412 non
866 2356 1025 2412 inventurn.
1072 2355 1108 2411 Id
1130 2372 1194 2409 cum
1217 2352 1254 2409 ud
1279 2369 1325 2408 se·

254 2467 358 2512 ustum
380 2459 547 2530 rettulisset,
572 2461 649 2518 bore
672 2462 808 2536 perlitare
827 2461 933 2517 iussus.
976 2461 1023 2516 De
1044 2458 1201 2533 provinciis
1222 2457 1325 2514 deinde
1348 2460 1366 2517 8

255 2561 407 2618 consultus
428 2576 547 2620 senatus
568 2565 654 2622 Pisas
682 2578 711 2622 et
736 2567 859 2642 Ligures
888 2564 1053 2640 provincius
1081 2563 1246 2620 consulibus
1276 2560 1326 2616 de·

254 2666 359 2723 crevit.
420 2664 476 2723 cat
506 2670 583 2726 Pis-e
615 2672 767 2744 provincia
798 2672 974 2739 obvenisset,
1006 2685 1071 2726 cum
1105 2667 1325 2742 magistratuum
1348 2671 1366 2726 9

255 2771 452 2829 creandorum
475 2785 589 2848 tempus
610 2787 695 2843 esset,
717 2777 756 2832 ad
777 2777 896 2833 comitia
916 2774 1022 2832 reverti
1042 2773 1135 2832 iussit.
1184 2771 1325 2830 Additum
1354 2778 1388 2832 10

256 2876 387 2945 decreto,
409 2888 442 2933 ut
462 2878 545 2934 binus
567 2879 695 2954 legiones
705 2899 799 2936 novus
815 2882 975 2938 scriberent
997 2891 1026 2936 et
1046 2890 1177 2935 trecenos
1199 2876 1327 2950 equites3

255 2993 286 3038 et
308 2983 394 3047 dene,
415 2982 496 3038 milia
524 2983 653 3057 peditum
681 2985 767 3041 sociis
795 2986 965 3059 nominique
986 2984 1093 3042 Lutino
1126 2995 1155 3040 et
1186 2999 1327 3038 sext-enos

256 3086 438 3160 imperarent
460 3089 580 3160 equites.
629 3090 678 3150 Ti.
699 3087 824 3146 Claudio
846 3101 1036 3164 prorogatum
1059 3101 1103 3144 est
1124 3087 1276 3162 imperium
1297 3085 1327 3140 in
1354 3093 1386 3150 ιι

256 3190 288 3246 id
311 3201 438 3265 tempus,
460 3210 518 3265 quo
540 3193 570 3249 in
593 3195 772 3269 provinciam
795 3195 897 3250 consul
917 3195 1052 3250 venisset.

342 3297 424 3352 Dum
460 3297 496 3353 de
534 3296 580 3354 his
611 3301 699 3356 rebus
733 3302 762 3355 iu
793 3312 896 3356 senatu
928 3300 1041 3374 agitur,
1078 3296 1131 3354 Cu.
1167 3295 1329 3365 Cornelius,
1372 3293 1411 3364 15

259 3411 402 3456 evocatus
425 3420 444 3456 s
466 3401 589 3474 viatore,
624 3423 690 3461 cum
721 3404 831 3479 templo
863 3423 997 3478 egressus
1018 3414 1111 3473 esset,
1140 3400 1228 3476 paulo
1262 3409 1330 3473 post

260 3596 456 3638 2trsnstcrsos
475 3588 554 3653 (priua
572 3607 584 3640 s
601 3608 678 3654 supra
696 3588 938 3657 additumllmilites
968 3590 1110 3651 ddigressi
1146 3587 1170 3643 3.
1190 3593 1205 3636 2
1224 3595 1271 3642 est,
1291 3595 1328 3638 sd.

260 3677 395 3725 claudium
437 3677 560 3725 dhubcri
576 3678 581 3740 Ι
598 3679 746 3741 creatisque
781 3678 947 3741 4prorincis
973 3681 986 3724 b
1008 3673 1107 3739 Kreyss.
1128 3675 1240 3760 recipere
1267 3671 1294 3730 4,
1317 3676 1327 3722 Ι

260 3781 348 3829 censis
372 3787 487 3828 senatus,
532 3777 619 3829 Fuitne
649 3781 800 3829 censuerat?
847 3786 862 3827 2
894 3795 943 3843 qne
966 3778 1069 3842 petilius
1093 3779 1228 3842 spuriunus
1270 3775 1329 3834 6‚²

259 3867 336 3915 histri
356 3867 460 3930 quidem
481 3865 581 3931 Kreysr.
609 3865 700 3932 (Grya.
716 3881 818 3929 quoque
830 3867 911 3926 idem)
927 3865 932 3929 1
949 3863 1037 3913 Malim
1057 3865 1125 3928 quod
1140 3865 1247 3926 Ligures
1270 3861 1294 3916 7.
1314 3868 1330 3911 ³

261 3967 320 4016 qun
329 3969 355 4016 q.
385 3952 590 4014 ⁴sacrificubit}
609 3950 684 4018 Gryn.
705 3953 817 4001 iocinore
834 3953 860 4011 8,
879 3959 894 4000 2
915 3953 1060 4000 consultum
1076 3950 1081 4012 Ι
1097 3953 1165 4015 ipsus
1185 3952 1216 3998 ed
1236 3951 1331 4012 ligures

261 4039 288 4098 9,
312 4045 322 4087 t
343 4040 401 4104 pise
416 4039 421 4100 1
437 4041 613 4101 magistratum
662 4039 704 4096 10,
724 4047 739 4088 2
758 4042 860 4088 utuinss
875 4043 880 4098 Ι
896 4049 950 4090 coc.
987 4036 1111 4099 (Cret-criu
1128 4037 1248 4100 placebat:
1268 4037 1332 4085 scri·

262 4123 372 4184 berem,
403 4125 483 4188 quine
499 4125 571 4172 tuiliu
589 4126 615 4172 in
633 4126 749 4187 singulus
768 4137 795 4174 ct
809 4127 923 4174 ducenos
942 4125 1057 4230 peditpp,
1088 4125 1216 4185 trecenos)
1252 4124 1330 4173 edu·

264 4263 307 4324 11,
329 4269 341 4314 l
363 4279 386 4312 c.
407 4263 510 4312 claudio
545 4263 606 4323 XV,
626 4263 651 4322 1,
674 4270 684 4313 l
704 4265 736 4314 iis
753 4264 829 4313 rebus
846 4273 939 4313 seuutn
975 4243 1110 4328 2clmplo
