3475 5084
921 546 979 588 ΧΠ

418 727 507 784 Addo
535 727 621 785 etiam
653 728 682 783 iu
705 728 768 784 cod.
792 728 942 784 Puteaneo
964 726 1077 795 xxn,
1111 729 1163 796 14,
1194 728 1211 784 2
1244 743 1297 801 pro
1320 728 1479 800 quieverant

419 809 505 868 scribi
529 811 641 885 quidam
655 813 779 884 suerum.
823 809 968 880 (Alterius
989 808 1079 876 verbi,
1100 828 1210 884 nequeo,
1234 828 1252 865 u
1272 807 1390 866 librario
1413 827 1477 868 cor·

418 893 495 967 rupti
519 893 682 968 exemplum
703 893 819 950 Vahlen
840 893 959 968 egregia
980 893 1180 950 emendatione
1202 892 1339 967 patefecit
1360 891 1391 948 in
1411 891 1476 950 libr.

418 975 519 1045 XLII,
542 979 590 1046 63,
614 972 683 1049 t.)¹)

501 1057 573 1135 Cap.
597 1062 646 1128 37,
669 1062 696 1116 6.
740 1059 813 1118 Sero
837 1077 856 1116 a
878 1058 1000 1134 Siesbyo
1022 1058 1187 1116 admonitus
1208 1076 1281 1127 sum,
1302 1058 1333 1116 in
1353 1057 1412 1115 bie:
1434 1063 1479 1116 cui

417 1143 532 1198 rescribi
550 1162 603 1198 nort
620 1144 737 1217 placuit,
758 1144 850 1198 nuntio
865 1143 960 1216 ipsius,
982 1143 1032 1216 qui
1052 1143 1158 1200 litterae
1172 1143 1312 1210 attulerat,
1334 1140 1390 1198 dici
1410 1149 1476 1203 cett.

416 1243 507 1300 prave
522 1227 609 1303 maius
627 1245 681 1300 pro
700 1228 757 1282 eius
768 1225 836 1300 poni
849 1224 1024 1298 omninoque
1047 1225 1204 1300 genitivum
1228 1225 1384 1292 abundare,
1407 1243 1476 1282 con·

416 1316 463 1366 tra
477 1320 585 1365 rectam
601 1308 761 1366 orationem
777 1307 861 1378 effici,
883 1307 908 1364 si
923 1308 1082 1366 scribatur:
1103 1310 1196 1364 nuntio
1216 1310 1279 1382 apsi,
1301 1309 1350 1382 qui
1370 1309 1478 1364 litteras

416 1393 556 1460 attulerat,
577 1391 633 1448 dici
652 1401 705 1449 cet.

499 1473 572 1550 Cap.
597 1478 645 1545 43,
661 1477 689 1531 2.
725 1473 802 1548 Quid
823 1474 860 1530 sit
881 1476 909 1530 ia
928 1476 1049 1547 qratiam
1065 1477 1182 1550 petentis
1204 1467 1345 1550 (alicuius)
1367 1472 1477 1548 aliquid

416 1557 573 1615 concedere
594 1568 644 1614 ant
658 1557 775 1614 omnino
789 1556 895 1628 facere,
918 1557 988 1613 satis
1004 1567 1133 1626 constat3
1155 1557 1326 1616 adiectivum
1344 1557 1477 1630 'augendi

416 1640 600 1697 minuendive
621 1659 711 1698 causa
730 1643 828 1714 qratia
850 1640 959 1696 nomini
991 1641 1118 1697 additum
1142 1640 1171 1697 in
1192 1643 1248 1698 hoa
1269 1640 1404 1714 loquendi
1426 1657 1477 1714 ge·

416 1742 485 1780 nere
505 1741 648 1797 nusquam
680 1724 796 1781 memini
831 1723 914 1796 (locis
945 1724 1023 1798 apud
1045 1723 1221 1782 Sehellerum
1249 1734 1278 1780 et
1298 1722 1476 1780 Frenndium

415 1806 510 1864 citatis
533 1807 601 1866 addi
622 1816 718 1882 potest
740 1807 805 1864 Liv.
821 1807 888 1875 XL,
906 1810 950 1876 17,
968 1808 995 1876 2,
1018 1806 1118 1865 Senec.
1140 1808 1225 1865 Rbet.
1254 1826 1282 1882 p.
1307 1809 1365 1863 276
1388 1805 1477 1881 Bip.)‚

415 1907 510 1964 neque
532 1891 624 1964 magis
646 1890 675 1947 in
697 1880 839 1947 consimili
857 1889 994 1960 formula,
1016 1908 1075 1965 qua
1096 1894 1124 1946 iu
1145 1890 1270 1947 bonorem
1286 1890 1402 1950 abatur
1423 1889 1477 1946 ali·

415 1973 483 2047 qnid
511 1973 573 2030 fleri
598 1972 702 2030 dicitur
733 1971 852 2048 (Opusc.
881 1973 975 2030 Acad.
1004 1973 1036 2042 1,
1068 1974 1145 2046 168).
1195 1975 1301 2048 ltaque
1329 1990 1416 2047 quum
1446 1972 1475 2028 in

415 2055 515 2114 codice
547 2055 585 2112 sit
615 2066 641 2113 et
671 2059 727 2114 cum
757 2075 885 2130 moqaom
910 2059 1046 2129 qratiam,
1079 2056 1242 2132 suspicatus
1268 2075 1331 2113 aum
1359 2053 1475 2113 Livium

414 2139 562 2217 scripsisse
589 2149 615 2196 et
638 2149 785 2214 tamquam.
805 2142 833 2195 io
859 2141 980 2213 qratiam
1004 2133 1129 2215 petentia.
1182 2140 1260 2197 Nam
1287 2139 1361 2216 ficta
1387 2138 1474 2199 etiam

414 2222 521 2297 speciei
542 2222 714 2298 significatio
736 2232 859 2297 perapta
881 2232 909 2278 et
929 2241 1021 2298 prope
1041 2222 1206 2280 necessaria
1227 2231 1279 2280 est.
1314 2223 1361 2297 (ln
1382 2240 1474 2280 anno-

414 2304 524 2363 tatione
545 2306 652 2363 excidit
671 2300 752 2380 in.)⁹)
965 2377 966 2380 Ἴ
1429 2369 1431 2376 s

497 2387 569 2462 Cap.
594 2392 676 2459 51,6
701 2408 789 2462 quum
813 2388 855 2444 sic
877 2379 1024 2444 ederetur:
1040 2390 1171 2462 prosecta
1193 2388 1394 2463 Asclepiodoto.
1428 2386 1473 2446 Ab

414 2470 553 2529 Heracleo
580 2489 615 2530 ea
641 2471 727 2528 Sintis
756 2474 810 2528 trio
839 2473 917 2528 milio
941 2469 1078 2528 lbracuru
1108 2478 1178 2542 cet,
1213 2472 1243 2528 in
1264 2470 1473 2546 Asclepiodoto

415 2555 514 2612 deerat
529 2555 821 2630 patriaesignilicatio‚
844 2573 908 2628 qua
929 2554 959 2610 in
980 2554 1082 2612 ceteris
1104 2553 1245 2629 prefectis
1267 2554 1400 2612 omnibus
1421 2555 1473 2610 ad-

415 2637 508 2707 ditur,
537 2640 668 2696 Thraces
699 2650 794 2696 autem
824 2637 979 2695 auxiliares
1009 2656 1108 2694 omues
1136 2639 1213 2712 (nam
1245 2636 1314 2694 nulli
1344 2639 1474 2696 Thraces

413 2719 497 2778 liberi
518 2733 622 2796 praeter
642 2723 696 2778 hos
717 2721 912 2789 nominantur,
936 2721 986 2776 sed
1002 2728 1111 2778 tantum
1128 2722 1257 2778 Thraces
1271 2720 1373 2778 incolae
1388 2721 1474 2778 Paeo-

413 2803 498 2860 nibus
520 2815 549 2861 et
562 2805 741 2880 Agrianibus
762 2803 940 2878 interspersi)
962 2803 1131 2860 dicebantur
1152 2823 1210 2861 non
1231 2803 1324 2860 solum
1349 2822 1386 2860 ex
1407 2802 1475 2862 sin-

399 2884 451 2943 'tis
472 2886 571 2956 fuisse,
593 2908 714 2963 quorum
744 2888 824 2962 regio
849 2886 889 2943 ad
911 2886 1086 2944 occidentem
1110 2887 1272 2963 Strymonis
1299 2897 1327 2944 et
1348 2887 1474 2961 Amphi·

413 2969 489 3046 polis
512 2972 608 3045 posita
628 2972 690 3029 sine
710 2971 798 3028 dnbio
820 2979 882 3026 tum
910 2979 972 3026 tota
1000 2971 1030 3026 in
1052 2971 1245 3028 Macedonum
1268 2969 1380 3028 dicione
1401 2979 1473 3041 erat,

413 3053 465 3110 sed
486 3073 523 3110 ex
543 3073 601 3111 una
627 3056 699 3111 urbs
720 3053 826 3113 Graeca
857 3051 898 3110 ibi
925 3053 1050 3111 condita.
1098 3055 1232 3129 Apparet
1260 3054 1296 3110 ad
1320 3052 1472 3128 Asclepio-

413 3135 514 3195 dotum
534 3139 596 3196 baec
616 3137 774 3212 pertinere:
794 3137 830 3193 ab
851 3137 990 3194 Heracleo
1012 3156 1045 3192 ec
1066 3135 1159 3194 Sintis.
1202 3137 1242 3194 Et
1264 3135 1475 3212 Asclepiodotus

434 3442 459 3500 ¹)
483 3440 547 3505 Cap.
567 3448 613 3499 30,
637 3449 646 3490 1
673 3443 838 3491 licentissime
863 3458 921 3505 pane
947 3442 1114 3504 (precedente
1132 3441 1187 3506 que)
1211 3443 1236 3490 in
1259 3439 1333 3506 plebis
1349 3448 1472 3501 mutatur,

482 3513 585 3560 sublata
611 3513 795 3574 significatione
813 3512 933 3575 pauperis
951 3519 976 3559 et
993 3511 1086 3559 infima
1106 3512 1199 3572 turba,
1218 3526 1275 3574 qum
1293 3511 1375 3561 estin
1392 3526 1472 3574 eqens.

481 3580 568 3630 Etiam
594 3582 620 3630 in
645 3582 819 3645 proximorum
843 3581 977 3629 verborum
1004 3581 1128 3645 scriptura
1146 3583 1283 3630 Hertuiana
1299 3581 1402 3628 verbum
1420 3590 1475 3630 erat

481 3665 533 3700 non
551 3660 622 3700 recto
639 3653 698 3701 loco
716 3652 826 3715 ponitur.
872 3650 935 3715 Gap.
957 3656 1004 3708 34,
1024 3656 1039 3700 9
1067 3667 1142 3714 quam
1167 3652 1192 3700 in
1217 3652 1380 3700 annotatione
1397 3653 1474 3714 poeni

482 3723 663 3781 coniecturam,
681 3736 713 3770 ea
731 3736 807 3783 qnam
822 3721 919 3770 *habeat
939 3736 1051 3780 causam,
1071 3722 1225 3770 declaratum
1244 3731 1283 3770 est
1300 3721 1326 3770 in
1344 3721 1472 3772 Emendd.

482 3806 507 3854 p.
528 3795 578 3838 529
597 3807 632 3850 n.‚
651 3792 800 3854 videturque
818 3791 881 3839 mihi
901 3791 1046 3839 emendatio
1065 3791 1120 3854 ipsa
1138 3806 1257 3854 perquam
1275 3790 1425 3854 probabilis.

429 3889 455 3954 ⁸)
482 3892 544 3956 Cap.
560 3896 601 3954 et,
618 3899 647 3943 ll
668 3909 721 3943 non
736 3902 805 3942 reete
820 3911 867 3959 pro
883 3878 1023 3946 aceenitlerc
1041 3895 1202 3958 Kreyssigius
1215 3902 1239 3943 et
1258 3893 1374 3943 Hertaius
1391 3895 1472 3960 scrip-

481 3971 567 4035 serunt
585 3981 713 4014 accersere.
750 3964 840 4028 Neque
864 3966 931 4014 enim
960 3967 993 4016 A.
1013 3967 1111 4016 Atilius
1135 3965 1189 4028 ipss
1213 3979 1324 4028 praeseus
1348 3973 1393 4014 ant
1412 3980 1473 4028 prc-

481 4034 592 4096 pinquus
610 4035 750 4084 Thessalia
779 4035 871 4084 milites
899 4037 1003 4084 aliunde
1028 4049 1157 4084 accersere
1176 4034 1299 4093 debebat,
1324 4035 1367 4082 sed
1386 4033 1473 4084 Roma

480 4103 641 4166 proficiscens
654 4105 784 4162 aSicinio‚
798 4106 840 4166 qni
859 4105 989 4155 Brundisii
1008 4115 1070 4165 erat,
1092 4106 1118 4153 in
1136 4105 1244 4153 transitu
1259 4105 1383 4167 accipere.
1406 4103 1470 4169 Cap.

479 4177 521 4229 ts,
541 4178 555 4221 5
574 4188 650 4236 prave
674 4174 728 4222 haec
747 4175 981 4235 coniungebantur:
1006 4174 1119 4233 adverso,
1138 4172 1251 4232 seeundo,
1270 4189 1383 4238 qooeque;
1401 4185 1472 4223 recte

479 4243 589 4307 primum
608 4245 723 4294 universe
743 4244 948 4308 coniunguntur:
967 4243 1073 4296 adverso
1089 4241 1247 4310 secundoque,
1266 4252 1319 4292 tum
1338 4243 1474 4294 subiicitur

479 4328 512 4362 ex
528 4328 612 4380 aequo:
631 4331 684 4379 qua
704 4340 736 4352 -·
755 4331 818 4378 qua.
