3475 5084
482 533 488 538 '
503 534 580 582 Liber
597 534 681 583 XLV.
732 534 777 595 (A.
798 533 859 582 um.
884 533 954 596 tor.)
1186 536 1246 593 259

216 716 265 774 sed
290 726 410 792 postero
436 718 493 788 die,
515 739 601 794 quam
625 720 832 794 triumphatum
858 727 950 787 esset,
972 736 1033 791 cum
1052 717 1198 790 privatum
1221 736 1286 777 eum
1311 723 1327 776 4

216 823 340 879 laesurus
363 835 448 896 esset,
468 843 574 881 nomen
591 824 716 882 deferret
731 833 760 881 et
774 823 887 897 legibus
904 822 1111 896 interrogaret3
1133 832 1183 880 aut
1195 824 1287 881 scrius

216 927 327 1001 paulo,
358 948 424 984 cum
452 929 577 1004 primum
605 928 792 1003 magistratus
820 928 883 1002 ipse
913 927 1049 1002 cepisset,
1077 927 1152 984 diem
1180 928 1288 986 diceret

214 1031 336 1104 inimico
359 1042 386 1089 et
408 1053 473 1089 eum
497 1034 535 1091 ad
556 1033 696 1108 populum
726 1042 884 1090 accusaret.
938 1032 987 1087 Ita
1013 1040 1043 1087 et
1063 1030 1187 1104 pretium
1209 1040 1288 1089 recte
1311 1034 1327 1087 5

214 1136 286 1193 facti
311 1138 488 1212 triumphum
512 1138 633 1195 haberet
654 1138 689 1194 L.
711 1136 823 1195 Paulus
843 1156 897 1212 pro
920 1136 1035 1211 egregie
1056 1135 1132 1192 bello
1153 1146 1236 1209 gesto
1258 1146 1288 1193 et

213 1260 346 1316 poenam,
368 1242 392 1299 si
414 1244 482 1318 quid
505 1252 534 1301 ct
554 1256 653 1301 vetere
675 1243 770 1317 gloria
785 1261 839 1299 sua
857 1252 887 1298 et
903 1260 981 1297 nova
996 1240 1142 1315 indignum
1162 1239 1286 1297 fecisset.

215 1347 275 1403 Sed
298 1347 452 1419 videlicet,
474 1350 521 1406 cui
547 1349 655 1406 crimen
677 1347 804 1417 nullum,
826 1348 931 1404 nullum
953 1347 1091 1421 probrum
1115 1345 1210 1403 dicere
1232 1364 1284 1420 po·
1309 1352 1327 1407 6

214 1462 301 1521 terat,
326 1454 388 1510 eins
410 1456 574 1511 obtrectare
597 1453 699 1511 landes
719 1450 822 1512 voluit.
871 1453 958 1510 Diem
987 1452 1129 1526 integrum
1152 1450 1286 1507 hesterno

214 1557 260 1614 die
282 1559 328 1615 od
348 1558 543 1615 accusandum
567 1559 601 1615 L.
613 1557 739 1615 Paulum
757 1555 852 1631 petiit3
875 1568 1013 1632 quattuor
1030 1559 1127 1627 horas,
1146 1570 1285 1630 qnantum

214 1672 372 1737 supererat
392 1664 459 1732 dici,
480 1663 602 1720 dicendo
624 1662 793 1737 absumpsit.
843 1663 916 1737 Quis
939 1682 1075 1737 umquam
1098 1673 1157 1718 tam
1179 1678 1286 1718 nocens
1311 1664 1326 1717 1

214 1786 281 1823 reus
315 1766 387 1837 fuit,
415 1768 495 1825 cuius
522 1768 593 1824 vitia
622 1768 689 1824 vitae
715 1777 759 1824 tot
785 1768 865 1825 horis
898 1769 1029 1843 expromi
1062 1786 1121 1823 non
1149 1765 1286 1841 possent?

215 1873 295 1945 Quid
319 1874 433 1931 interim
456 1874 571 1943 obiecit,
593 1873 670 1947 quod
694 1874 728 1929 L.
752 1872 879 1942 Paulus,
901 1873 924 1929 si
947 1892 1064 1930 causam
1088 1849 1175 1945 dicat,
1196 1891 1286 1948 nega·
1338 1859 1340 1863 ¹

215 1988 276 2035 tum
301 1979 394 2036 velit?
417 1980 500 2035 Duas
512 1980 594 2055 ,mihi
616 1980 720 2055 aliquis
742 1980 892 2035 contiones
907 1997 1063 2054 parumper
1077 1978 1177 2049 faciat,
1198 1998 1285 2035 unam
1310 1978 1327 2035 8

215 2086 342 2141 militurn
365 2085 640 2154 Macedonicorum,
664 2104 766 2159 puram
789 2085 927 2153 alteram,
955 2084 1119 2158 integrioris
1141 2084 1238 2142 iudicii
1258 2093 1287 2141 ct

216 2210 232 2247 a
264 2191 375 2247 favore
407 2200 435 2247 et
468 2190 552 2261 odio,
585 2190 710 2248 universi
732 2190 833 2266 populi
855 2189 990 2247 Romani.
1020 2194 1102 2263 Aput
1123 2192 1285 2247 contionem

214 2308 350 2372 togatam
376 2307 405 2353 ct
432 2297 574 2353 urbanam
600 2296 681 2370 prius
708 2314 776 2352 reus
805 2307 919 2369 agatur.
963 2271 1048 2366 Quid*
1068 2303 1139 2367 aput
1159 2292 1287 2366 Quirites
1309 2296 1327 2351 9

214 2403 386 2472 Romanos,
413 2401 477 2460 Ser.
500 2400 615 2472 Galba,
647 2399 777 2457 diceres?
812 2400 869 2457 llla
901 2398 975 2455 enim
1004 2399 1056 2455 tibi
1083 2408 1145 2454 tota
1172 2399 1287 2455 abscisa

216 2508 316 2564 oratio
339 2518 430 2563 esset:
455 2507 509 2574 „In
528 2506 653 2562 statione
674 2506 804 2563 severius
826 2515 855 2563 et
868 2504 1004 2565 intentius
1019 2502 1159 2572 institisti3
1181 2504 1287 2578 vigiliae

216 2612 354 2670 acerbius
376 2622 405 2669 et
425 2610 588 2685 diligentius
611 2611 766 2668 circumitae
788 2621 869 2679 sunt3
891 2610 987 2684 operis
1009 2609 1180 2684 plusquam
1200 2622 1287 2667 antea

216 2717 323 2787 fecisti,
345 2736 411 2773 cum
438 2717 500 2791 ipse
527 2716 687 2789 imperator
708 2725 740 2772 ut
762 2726 883 2772 exactor
910 2715 1084 2784 circumiret;
1117 2714 1218 2771 eodem
1240 2714 1286 2771 die

218 2831 245 2878 et
267 2823 327 2878 iter
347 2819 442 2878 fecisti
460 2831 498 2880 ¹et
524 2821 554 2876 in
576 2821 666 2877 aciem
690 2840 727 2877 ex
753 2822 855 2878 itinere
876 2821 975 2877 ductus
996 2838 1032 2877 cs.
1080 2818 1126 2876 Ne
1145 2821 1285 2877 victorem
1313 2827 1347 2881 1-0

219 2928 338 3001 quidem
362 2936 392 2982 te
408 2925 595 2999 adquiescere
610 2944 715 3000 passus
737 2938 794 2996 est;
817 2926 916 2983 statim
938 2926 976 2982 ad
998 2926 1213 3000 persequendos
1234 2927 1287 2983 ho·

216 3043 276 3088 stes
300 3031 394 3088 duxit.
437 3028 511 3087 Cum
533 3040 562 3087 te
584 3033 682 3105 praeda
703 3031 856 3106 partienda
869 3030 1043 3105 locupletem
1062 3030 1158 3087 facere
1179 3039 1288 3106 posset,

216 3136 374 3211 pecuniam
401 3136 513 3210 regiam
541 3136 733 3193 translaturus
759 3136 787 3191 in
816 3136 963 3210 triumpho
991 3146 1035 3191 est
1054 3146 1082 3191 et
1102 3135 1131 3191 in
1153 3135 1287 3191 aerarium

217 3241 363 3301 laturus.“
407 3242 481 3299 Haec
508 3242 583 3299 sicut
607 3242 645 3298 ad
668 3240 789 3297 militum
812 3240 926 3297 animos
948 3239 1139 3297 stimulandos
1157 3239 1287 3314 aliquem
1313 3248 1346 3301 11

217 3430 243 3490 4,
265 3437 276 3479 l
300 3430 488 3493 triumphatum
514 3437 552 3477 est
576 3428 704 3491 priuatum
727 3424 801 3477 Gron.
823 3424 882 3489 (etri
902 3427 923 3475 is
947 3435 973 3475 et
997 3424 1066 3489 cum)
1082 3425 1086 3489 Ι
1103 3439 1160 3474 cum
1187 3425 1288 3475 uisurus

217 3517 276 3583 My.
297 3516 314 3566 l.
335 3534 356 3565 c.
400 3522 416 3565 3
435 3513 597 3564 Probabiliter
615 3514 715 3579 Kreyra
735 3514 915 3575 magistratum
933 3514 937 3575 l
959 3513 1042 3561 dicere
1060 3513 1164 3561 inimico
1183 3526 1240 3560 cum
1256 3513 1289 3561 ad

218 3604 277 3669 My.
298 3602 389 3668 (Gryn.
409 3603 514 3660 diceret,
533 3601 664 3649 inimicum
683 3601 727 3665 ad)
763 3601 788 3660 6,
808 3606 819 3649 l
840 3600 937 3647 crimen
952 3599 1050 3647 nullum
1069 3601 1189 3662 probrum
1212 3598 1287 3649 Gran.

222 3691 353 3754 Tunrsort.
365 3691 466 3738 obicere
475 3696 576 3751 poterat
585 3686 668 3749 (Creu.
680 3689 752 3737 euius
760 3688 905 3749 -diccre).
925 3684 987 3734 2De
997 3686 1020 3735 l.
1028 3684 1044 3734 l.
1052 3684 1163 3749 (laudes)
1174 3688 1219 3751 cfr.
1231 3687 1286 3737 Em.

222 3778 276 3827 618
295 3794 318 3826 n.
358 3777 434 3825 ssdie
453 3776 624 3823 accusandum
644 3774 695 3824 Ed.
723 3759 863 3823 Vosoosom‘.
880 3776 884 3830 Ι
901 3763 981 3846 ροπί1λ
1008 3774 1183 3837 ladsumpsit
1228 3774 1288 3834 7‚2

218 3882 286 3931 uitia
301 3882 355 3928 uite
370 3882 377 3942 Ι
391 3880 447 3927 hori
475 3879 525 3936 8‚l
547 3880 646 3941 aliquas
674 3884 690 3926 3
712 3876 779 3927 Creo.
800 3886 826 3926 et
842 3879 876 3928 ab
895 3877 975 3940 odiel
992 3877 1117 3926 uniuersis
1135 3878 1187 3929 iud.
1209 3893 1231 3927 c.
1250 3859 1289 3942 pr]

220 3969 277 4033 My.
294 3968 352 4017 Em.
375 3965 427 4016 618
454 3965 543 4031 (Gryn.
564 3968 681 4014 universo
695 3964 1073 4029 iudieantepopulottomano)
1102 3969 1183 4012 trax
1199 3974 1290 4026 agatur
1315 4015 1317 4019 ,

220 4056 277 4115 9,2
299 4068 366 4115 serg.
387 4054 465 4116 galba
508 4059 524 4101 3
547 4050 701 4101 scribendum
720 4050 814 4100 uidetur
832 4052 923 4101 stetisti
943 4050 1012 4113 (Em.
1036 4048 1101 4111 619)
1124 4041 1131 4112 l
1156 4051 1252 4111 uigiliae
1269 4052 1291 4100 si

221 4141 343 4190 acernias
372 4145 386 4187 5
406 4141 544 4203 imperator
561 4146 588 4187 et
605 4147 709 4187 exactor
726 4137 809 4187 Weiss.
830 4136 920 4203 (Gryn.
933 4137 1092 4201 circumires)
1123 4141 1138 4185 6
1158 4137 1290 4185 exitinere

219 4230 350 4277 uictorem
369 4224 444 4276 Gran.
474 4227 563 4291 (Gryn.
592 4226 670 4273 exit.
691 4225 794 4273 duxisti.
815 4224 854 4273 Ne
873 4223 946 4289 vict.)
989 4224 1031 4283 10,
1052 4229 1067 4272 3
1087 4238 1144 4271 cum
1163 4231 1190 4272 et
1205 4224 1294 4287 prada

222 4314 395 4378 tpecuniam
414 4327 499 4374 regem
535 4310 578 4371 11,
600 4317 611 4359 1
632 4311 793 4375 stipulandos

1044 4403 1094 4451 17*
