3475 5084
636 1210 885 1283 PRAEFATIO

522 1389 568 1453 to.
596 1380 759 1453 Nrconnr
786 1380 993 1454 Mnuvren.

308 1628 360 1722 dn
392 1664 598 1722 absolvendam
621 1665 698 1723 mvn
727 1666 880 1724 editionem
905 1666 1001 1735 tinas,
1029 1666 1077 1739 qur
1107 1665 1211 1742 integri
1236 1680 1287 1725 aur

231 1766 305 1821 paene
328 1749 434 1823 integri
455 1759 623 1823 supersunt,
652 1748 850 1824 subiungimus
872 1749 1036 1824 fragmenta
1054 1749 1208 1819 librorum,
1238 1752 1287 1825 qui

231 1830 448 1902 interciderunt,
485 1842 513 1888 et
541 1832 668 1889 omnium
697 1833 856 1907 periochas,
889 1832 950 1889 sive
978 1833 1119 1907 epitomas
1141 1834 1288 1909 appellare

231 1915 289 1987 quis
300 1915 422 1975 mavult.
465 1916 720 1984 Dubiteveramus,
735 1935 771 1971 an
785 1916 870 1973 etium
886 1916 1006 1973 indicem
1020 1916 1165 1973 hominurn
1178 1937 1288 1974 rerum·

232 2015 282 2069 que
313 1999 393 2073 apud
427 1997 542 2055 Livium
576 2010 865 2056 commemoratorum
898 2000 1117 2069 subiiceremus,
1151 2019 1235 2073 quem
1257 2001 1286 2057 in

231 2078 327 2139 Clerici
352 2081 477 2139 editione
499 2082 680 2149 inchoatum,
708 2102 726 2139 a
751 2081 888 2140 Creverio
911 2093 939 2138 et
957 2082 1197 2140 Drakenborchio
1221 2104 1288 2140 auc·

230 2171 283 2219 tum
302 2176 331 2221 et
342 2165 537 2233 emendatum,
551 2165 747 2241 Kreyssigius,
762 2166 1024 2235 Weissenbornius,
1040 2165 1088 2222 alii
1103 2167 1286 2241 repetierunt.

230 2244 326 2304 Visum
350 2258 395 2305 est
406 2248 534 2305 molestae
556 2267 651 2324 operoe
664 2250 793 2319 multum,
809 2250 938 2306 utilitatis
951 2268 1051 2324 parum
1064 2248 1137 2317 iore,
1158 2250 1182 2305 si
1194 2250 1287 2307 indice

230 2337 282 2385 tem
303 2332 424 2407 copioso
446 2331 609 2387 recedendo
631 2332 784 2388 voluminis
811 2344 839 2388 et
862 2333 975 2407 pondus
1005 2344 1033 2387 et
1054 2332 1175 2405 pretium
1200 2352 1287 2407 auge·

230 2430 329 2479 remus,
341 2434 431 2489 quum
440 2414 606 2487 praesertim,
622 2416 670 2487 qui
682 2416 743 2471 eius
752 2434 835 2471 usum
848 2434 911 2471 cum
924 2425 1023 2472 nostra
1036 2415 1161 2471 editione
1169 2416 1287 2472 coniun-

231 2512 293 2567 gere
304 2498 421 2564 vellent,
436 2496 571 2553 facillime
583 2497 737 2571 seperatim
752 2517 815 2554 eum
832 2517 1002 2573 comparere
1014 2510 1140 2573 possent.
1182 2499 1288 2573 Itaque

232 2576 397 2653 fragmentis
423 2591 452 2635 et
480 2580 623 2655 periochis
651 2580 721 2637 nihil
753 2582 910 2637 adiecimus
945 2582 999 2643 nisi
1027 2601 1140 2651 eorum,
1170 2600 1234 2656 quae
1259 2582 1288 2639 in

232 2659 402 2736 singularum
426 2662 632 2737 particularum
662 2662 880 2739 praeiationibus
902 2665 944 2721 ita
966 2677 1192 2721 commemorata
1212 2676 1288 2735 sunt,

233 2755 260 2799 ut
279 2748 371 2819 possit
393 2746 497 2819 aliquis
519 2748 712 2804 eamemoriae
733 2749 854 2815 obscure
877 2748 1060 2807 obuersantia
1084 2766 1220 2822 quaerere,
1241 2749 1288 2805 in-

232 2825 359 2887 diculum.
1216 2898 1219 2904 ,

308 2907 504 2989 Fragmenta,
539 2932 603 2986 qnae
625 2912 821 2988 appellantur,
852 2913 1056 2989 perdiligenter
1081 2932 1173 2987 nuper
1193 2914 1288 2989 perlu-

231 2996 484 3053 stravitMartinus
502 2993 682 3063 Hertzius¹),
705 2995 763 3052 alia
784 3015 820 3052 ex
843 2998 943 3054 ordine
965 2996 1076 3065 tollens,
1098 2997 1154 3053 alia
1170 2997 1288 3065 addens,

231 3077 304 3134 onius
326 3081 455 3137 rationes
477 3079 527 3135 ubi
548 3082 705 3154 probemus
726 3080 816 3151 (quod
837 3082 866 3136 in
888 3081 1033 3155 plerisque
1052 3076 1106 3154 fit),
1128 3080 1197 3135 nihil
1214 3098 1287 3154 opus

232 3170 270 3215 est
297 3162 344 3220 hio
372 3162 438 3219 dici.
493 3163 579 3236 Quod
608 3175 704 3218 tamen
726 3160 875 3220 Charisius
908 3176 957 3220 atrt
979 3163 1093 3218 Nonius
1123 3161 1288 3236 frequent-er

232 3253 277 3298 eut
302 3246 401 3303 multIs
429 3246 501 3302 locis
531 3246 609 3320 apud
631 3246 745 3301 Livium
779 3246 888 3320 aliquid
911 3245 1030 3322 reperiri
1062 3246 1174 3312 scribit,
1209 3246 1288 3320 quod

231 3326 310 3383 etium
344 3330 374 3385 in
404 3329 485 3385 libris
513 3329 635 3385 servetis
665 3338 769 3396 exstat,
801 3328 1028 3404 fragmentorum
1062 3348 1212 3384 numerum
1243 3329 1287 3385 his

230 3410 396 3468 testimoniis
419 3430 525 3485 augere
546 3412 705 3479 noluimus,
736 3429 789 3467 uec
810 3414 904 3487 magis
926 3432 942 3468 e
964 3411 1130 3470 Cassiodori
1152 3412 1291 3468 chronico

230 3488 273 3546 hic
294 3496 428 3568 ponenda
449 3496 655 3565 iudicavimus,
678 3513 741 3569 quae
763 3513 779 3549 e
801 3496 877 3553 Livii
898 3495 978 3552 libris
999 3495 1122 3569 repetita
1143 3495 1204 3550 iure
1226 3514 1286 3550 cre-

231 3571 339 3648 duntur,
376 3578 491 3635 nomine
524 3589 620 3635 tamen
653 3578 714 3634 eius
745 3597 861 3651 presso,
896 3598 982 3653 quarn
1016 3597 1079 3652 quae
1108 3578 1185 3653 apud
1215 3578 1287 3634 alius

231 3659 379 3732 scriptores
404 3662 548 3735 permulta
570 3681 586 3718 e
609 3661 684 3717 Livii
705 3661 785 3717 libris
807 3663 938 3719 derivata
960 3661 1101 3735 suspicari
1123 3679 1287 3736 possumus.

231 3736 392 3800 Priscianus
414 3745 523 3802 XVIII
547 3749 561 3814 ς
583 3746 640 3800 292
665 3764 693 3818 p.
715 3746 792 3802 1208
816 3747 851 3802 P.
873 3765 931 3802 non
952 3748 1066 3801 assatio
1088 3744 1211 3820 scripsit,
1236 3744 1288 3800 sed

231 3828 313 3881 areeri
335 3826 425 3902 (quod
448 3828 601 3902 exponitur
623 3829 718 3900 traho),
740 3828 819 3885 locos
841 3830 1006 3905 significans
1021 3828 1287 3884 aWeissenbornio

231 3901 366 3965 indicatos
389 3910 468 3981 (add.
490 3912 549 3982 III,
572 3915 620 3979 45,
644 3913 675 3983 2)
705 3921 733 3966 et
754 3910 878 3970 fortasse
903 3912 982 3971 alios.
1030 3912 1077 3967 De
1099 3910 1200 3968 ceteris
1222 3930 1287 3985 per-

231 4003 320 4059 pauca
340 3992 477 4049 dicemus.

231 4124 457 4139 k.—

254 4195 276 4265 ²)
293 4202 333 4252 De
358 4204 389 4254 T.
410 4205 475 4253 Livii
505 4204 655 4267 fragmentis
679 4206 903 4255 commentationis
920 4206 1009 4269 partic.
1028 4206 1041 4255 I
1059 4214 1085 4255 et
1098 4206 1137 4259 Jt.
1186 4205 1287 4256 vratis-

293 4272 366 4323 lnviae
387 4279 453 4323 1864
472 4276 511 4337 (in
529 4276 580 4323 ind.
601 4275 711 4325 scholar.
731 4277 804 4326 nond.
822 4276 948 4338 Vrntisl.).
