3475 5084
452 543 491 600 48
724 541 804 593 Liber
820 537 905 593 XLII.
945 542 990 608 (A.
1004 555 1030 591 u.
1046 555 1068 590 c.
1084 537 1156 602 582.)

326 716 363 790 ll
493 724 635 795 Attalum,
656 724 734 800 regis
755 725 895 783 Eumenis
916 725 1047 796 fratrem,
1068 724 1196 800 legatum
1218 718 1332 778 venisse
1349 721 1481 779 Romam

407 829 545 886 Valerius
559 828 666 887 Antias
687 830 733 887 his
754 831 921 889 consulibus
943 828 1043 888 scribit
1064 829 1101 886 ad
1126 826 1285 885 deferenda
1306 825 1342 882 ds
1365 807 1497 884 Perseo¹

408 933 528 991 erimina
556 933 786 1009 indicandosque
815 945 976 1011 apparatus
1003 933 1087 1003 belli;
1122 932 1248 1009 plurium
1277 931 1412 1001 annales,
1450 939 1482 987 et

409 1038 513 1112 quibus
545 1039 701 1096 credidisse
733 1040 833 1111 malis,
871 1040 967 1116 ipsum
997 1039 1158 1098 Eumenem
1195 1037 1309 1094 venisse
1348 1035 1482 1093 tradunt.

368 1144 386 1199 2
408 1143 554 1201 Eumenes
575 1143 726 1229 igitur,nt
747 1146 872 1204 Romam
894 1144 983 1216 venit,
1004 1153 1142 1219 exceptus
1164 1161 1228 1200 cnm
1251 1150 1333 1199 tanto
1354 1141 1480 1211 honore,

409 1256 548 1333 qnantum
571 1267 630 1305 non
654 1248 763 1306 meritis
788 1257 900 1307 tantum
923 1249 998 1320 eins,
1030 1249 1082 1307 sed
1111 1246 1257 1306 beneflciis
1285 1247 1373 1304 etiem
1408 1247 1482 1316 snis,

407 1351 536 1427 ingentia
558 1370 623 1427 quae
643 1353 673 1410 in
696 1372 762 1410 eum
795 1364 934 1430 congesta
956 1363 1055 1424 erent,
1088 1353 1295 1411 existimabant
1316 1351 1426 1422 deberi,
1460 1370 1480 1408 a

368 1459 534 1533 dprsetore
565 1458 596 1515 iu
622 1467 755 1515 senatum
782 1467 827 1516 est
854 1458 1044 1518 introductus.
1103 1456 1230 1516 Causam
1259 1457 1395 1514 veniendi
1421 1455 1482 1514 sibi

407 1562 534 1620 Romam
556 1561 646 1620 fuisse
668 1563 758 1633 dixit,-
772 1573 878 1638 preater
899 1565 1084 1640 cupiditatem
1107 1561 1307 1621 videndideos
1326 1562 1480 1620 homines-

408 1683 479 1740 que,
513 1685 635 1741 quornm
658 1667 798 1726 beneflcio
826 1668 857 1726 in
887 1687 921 1726 ea
946 1667 1065 1727 fortuna
1087 1676 1175 1739 esset,
1208 1685 1298 1743 supra
1324 1681 1413 1741 quem
1442 1685 1481 1724 nc

408 1780 512 1846 optare
535 1772 649 1846 quidem
672 1773 800 1844 auderet,
823 1775 910 1832 etiam
933 1783 965 1831 ut
986 1792 1084 1832 coram
1108 1781 1238 1831 moneret
1258 1779 1411 1843 senatum,
1448 1781 1481 1828 ut

368 1874 385 1927 4
408 1875 510 1933 Persei
532 1877 644 1934 conatis
666 1877 783 1935 obviem
810 1879 875 1940 iret.
928 1877 1021 1937 Orsus
1048 1879 1116 1937 inde
1144 1897 1163 1935 a
1183 1877 1313 1952 Philippi
1340 1876 1480 1948 consiliis,
1571 1935 1572 1954 ,

409 1997 507 2036 necem
529 1981 661 2038 Demetri
691 1982 743 2040 filii
770 1984 894 2055 rettulit,
930 1983 1112 2041 adversantis
1133 1985 1269 2041 Romano
1291 1981 1385 2052 bell03
1418 1983 1479 2039 Ba·
1571 2005 1572 2018 ¹

408 2092 572 2142 stamarnm
593 2095 708 2161 gentem
731 2089 855 2146 excitam
878 2089 995 2146 sedibus
1009 2088 1078 2159 suis,
1101 2105 1223 2162 quorum
1247 2085 1363 2144 auxiliis
1385 2085 1480 2144 fretus

369 2194 386 2246 5
408 2189 437 2245 in
459 2189 575 2247 Italiam
599 2192 744 2250 transiret.
792 2194 865 2251 Haec
887 2212 951 2250 eum
976 2193 1155 2252 volutantem
1177 2192 1207 2249 in
1226 2191 1334 2263 animo,
1357 2209 1480 2266 oppres-

408 2312 472 2351 sum
493 2293 571 2367 fato,
592 2315 713 2372 regnum
737 2298 764 2355 ei
786 2297 953 2372 reliquisse,
976 2317 1061 2372 quem
1084 2296 1303 2355 infestissimum
1325 2313 1390 2354 esse
1413 2313 1479 2354 sen·

408 2397 493 2456 sisset
513 2401 664 2461 Romanis.
712 2404 818 2477 Itaque
838 2403 949 2462 Persea
971 2403 1176 2460 hereditarium
1199 2421 1217 2458 a
1240 2411 1325 2476 patre
1345 2401 1480 2458 relictum

408 2503 514 2561 bellum
537 2513 566 2562 et
587 2506 673 2563 simul
694 2525 759 2564 cum
785 2507 908 2584 imperio
936 2508 1075 2565 traditum
1096 2507 1214 2566 iamiam
1245 2505 1372 2581 primum
1401 2507 1482 2563 alere

369 2606 386 2660 6
409 2627 445 2666 ec
465 2608 567 2667 fovere
588 2612 721 2669 omnibus
744 2612 881 2670 consiliis.
914 2613 1186 2687 Florereproeteree
1207 2611 1365 2682 iuventute,
1389 2629 1481 2686 quem

408 2712 526 2787 stirpem
548 2713 638 2789 longa
658 2735 718 2790 pax
737 2716 874 2788 ediderit,
895 2717 999 2775 florere
1021 2717 1125 2794 opibus
1146 2716 1238 2792 regni,
1259 2715 1365 2772 florere
1386 2716 1476 2772 etiem

408 2825 509 2885 aetate3
538 2834 603 2891 quae
633 2836 698 2877 cum
725 2822 856 2896 corporis
887 2821 993 2879 robore
1015 2841 1050 2880 ac
1072 2822 1182 2879 viribus
1203 2821 1317 2896 vigeat,
1347 2820 1479 2879 animum

369 2929 384 2979 7
409 2939 471 2978 esse
493 2922 683 2981 inveteratum
716 2925 827 2983 diutina
849 2935 912 2984 erte
934 2927 1029 3002 ndque
1058 2945 1112 2984 usu
1139 2926 1216 2986 belli.
1269 2925 1335 2982 Iam
1363 2925 1433 2983 inde
1461 2944 1480 2982 a

408 3043 499 3101 puero
520 3027 611 3102 petris
633 3030 823 3113 contubernio
853 3032 995 3090 Romanis
1017 3049 1133 3106 quoqne
1165 3030 1262 3102 bellis,
1299 3049 1357 3087 non
1380 3031 1480 3088 linitu-

408 3131 463 3188 mis
484 3140 606 3204 tentum,
628 3134 796 3207 adsuetum
817 3137 937 3194 missum
960 3155 978 3194 a
998 3145 1083 3212 patre
1102 3136 1133 3193 in
1155 3135 1353 3210 expeditiones
1369 3135 1479 3192 multas

368 3237 573 3311 dveniesque.
619 3241 683 3297 Iam
706 3260 743 3299 ex
765 3260 823 3315 quo
843 3243 907 3318 ipse
929 3241 1087 3317 accepisset
1109 3258 1245 3316 regnum,
1271 3239 1380 3311 multe,
1412 3257 1479 3315 quas
1573 3303 1574 3306 Ἴ

408 3359 467 3398 non
488 3341 527 3413 vi,
549 3360 607 3400 non
630 3345 699 3402 dolo
720 3346 890 3422 Philippus,
912 3346 1010 3405 omnia
1032 3354 1183 3421 expertus,
1205 3345 1348 3420 potuisset
1370 3344 1478 3416 moliri,

367 3452 385 3505 9
408 3446 580 3525 admirando
601 3468 696 3507 rerum
719 3468 853 3510 successu
876 3452 1010 3510 tenuisse.
1046 3449 1218 3510 Adeessisse
1239 3449 1278 3506 ad
1299 3449 1377 3506 vires
1400 3468 1478 3520 eam,

407 3679 457 3741 XI,
480 3687 503 3741 l,
525 3687 536 3730 l
562 3683 655 3732 uidisse
679 3697 776 3732 romam
820 3689 835 3731 2
860 3685 893 3733 de
916 3697 1027 3747 persone
1075 3683 1135 3743 Ἡ
1160 3683 1215 3732 eins
1243 3688 1268 3730 et
1287 3681 1419 3730 beneflciis
1460 3687 1475 3730 ³

407 3783 547 3846 ingentiaq.
566 3785 593 3832 in
611 3799 669 3832 enm
684 3787 688 3850 Ι
703 3786 851 3835 existiment
869 3787 956 3836 deberi
973 3767 1011 3850 pr.
1031 3787 1058 3833 in
1076 3792 1191 3836 senatum
1204 3783 1260 3849 My.
1275 3783 1364 3849 (Gryn.
1385 3785 1477 3835 existi-

407 3877 490 3919 maret
499 3870 585 3918 deberi
594 3886 620 3934 p.
628 3871 670 3930 R„
679 3871 707 3922 in
719 3873 847 3931 senatum)
864 3871 914 3930 3,s
926 3869 1000 3935 Gryn.
1008 3872 1106 3920 visendi
1118 3871 1234 3936 (uiuendi
1242 3869 1291 3933 Η.)
1306 3867 1475 3934 equorumiq.

406 3955 534 4004 beneflcio
569 3959 632 4003 4ut
649 3965 889 4006 coronammoneret
936 3955 1119 4022 4‚1phitippi
1144 3957 1257 4007 consulis
1286 3959 1412 4006 eromeni
1448 3957 1474 4016 5,

410 4046 421 4089 l
441 4041 496 4089 lraee
514 4054 572 4087 eum
597 4041 755 4092 uoluntatem
778 4044 783 4104 Ι
805 4043 1006 4106 enimopressum
1055 4049 1070 4092 3
1095 4059 1139 4093 em.
1165 4057 1181 4092 a
1225 4047 1241 4090 4
1267 4041 1345 4092 Verba
1368 4043 1476 4092 iamiam
1522 4049 1529 4062 “

406 4133 516 4196 primum
542 4129 622 4180 mendi
637 4137 747 4193 suspecto
765 4128 833 4192 (Em.
853 4129 907 4179 513
925 4130 970 4194 re).
1009 4128 1134 4180 Koclrias:
1157 4128 1333 4192 iampridem.
1378 4127 1474 4178 Vahlen

406 4218 459 4266 iem
471 4230 566 4266 annum
585 4217 721 4282 septimum
740 4218 810 4280 (ann.
829 4217 882 4265 iam
893 4224 956 4281 sept.
975 4215 1069 4280 malim)
1106 4215 1156 4278 6,ι
1177 4216 1310 4265 iubentute
1341 4213 1365 4275 7,
1387 4221 1402 4263 2
1421 4229 1476 4264 non

406 4302 434 4350 in
451 4303 575 4353 finitumis
609 4303 818 4367 &sphilippos
854 4309 1037 4352 deuocassum
