<?xml version="1.0" encoding="UTF-8"?>
<!DOCTYPE html PUBLIC "-//W3C//DTD XHTML 1.0 Transitional//EN"
    "http://www.w3.org/TR/xhtml1/DTD/xhtml1-transitional.dtd">
<html xmlns="http://www.w3.org/1999/xhtml" xml:lang="en" lang="en">
 <head>
  <title>
</title>
<meta http-equiv="Content-Type" content="text/html;charset=utf-8" />
  <meta name='ocr-system' content='tesseract 3.04.00' />
  <meta name='ocr-capabilities' content='ocr_page ocr_carea ocr_par ocr_line ocrx_word'/>
</head>
<body>
  <div class='ocr_page' id='page_1' title='image "./titiliviihistor02ussigoog_0342.png"; bbox 0 0 3475 5084; ppageno 0'>
   <div class='ocr_carea' id='block_1_1' title="bbox 488 424 1040 481">
    <p class='ocr_par' dir='ltr' id='par_1_1' title="bbox 488 424 1040 481">
     <span class='ocr_line' id='line_1_1' title="bbox 488 424 1040 481; baseline 0.002 -9"><span class='ocrx_word' id='word_1_1' title='bbox 488 426 526 481; x_wconf 80' lang='grc'><strong>24</strong></span> <span class='ocrx_word' id='word_1_2' title='bbox 911 424 1040 477; x_wconf 79' lang='lat' dir='ltr'><strong>Periocha</strong></span> 
     </span>
    </p>
   </div>
   <div class='ocr_carea' id='block_1_2' title="bbox 1091 542 1096 567">
    <p class='ocr_par' dir='ltr' id='par_1_2' title="bbox 1091 542 1096 567">
     <span class='ocr_line' id='line_1_2' title="bbox 1091 542 1096 567; baseline 0 0"><span class='ocrx_word' id='word_1_3' title='bbox 1091 542 1096 567; x_wconf 84' lang='lat' dir='ltr'><strong>l</strong></span> 
     </span>
    </p>
   </div>
   <div class='ocr_carea' id='block_1_3' title="bbox 446 620 1487 857">
    <p class='ocr_par' dir='ltr' id='par_1_3' title="bbox 446 620 1487 857">
     <span class='ocr_line' id='line_1_3' title="bbox 446 620 1487 688; baseline 0.002 -19"><span class='ocrx_word' id='word_1_4' title='bbox 446 620 592 669; x_wconf 75' lang='lat' dir='ltr'><strong>Tarentinis</strong></span> <span class='ocrx_word' id='word_1_5' title='bbox 610 621 691 680; x_wconf 80' lang='lat' dir='ltr'><strong>venit,</strong></span> <span class='ocrx_word' id='word_1_6' title='bbox 718 636 768 684; x_wconf 90' lang='lat' dir='ltr'><strong>quo</strong></span> <span class='ocrx_word' id='word_1_7' title='bbox 785 622 854 671; x_wconf 81' lang='lat' dir='ltr'><strong>iacto</strong></span> <span class='ocrx_word' id='word_1_8' title='bbox 878 622 960 673; x_wconf 88' lang='lat' dir='ltr'><strong>abiis</strong></span> <span class='ocrx_word' id='word_1_9' title='bbox 981 622 1064 673; x_wconf 83' lang='lat' dir='ltr'><strong>loedus</strong></span> <span class='ocrx_word' id='word_1_10' title='bbox 1083 623 1206 673; x_wconf 87' lang='lat' dir='ltr'><strong>violatum</strong></span> <span class='ocrx_word' id='word_1_11' title='bbox 1224 634 1272 675; x_wconf 89' lang='lat' dir='ltr'><strong>est.</strong></span> <span class='ocrx_word' id='word_1_12' title='bbox 1314 624 1365 673; x_wconf 79' lang='lat' dir='ltr'><strong>Res</strong></span> <span class='ocrx_word' id='word_1_13' title='bbox 1382 632 1487 688; x_wconf 75' lang='lat' dir='ltr'><strong>proteres</strong></span> 
     </span>
     <span class='ocr_line' id='line_1_4' title="bbox 446 712 1487 780; baseline 0.005 -21"><span class='ocrx_word' id='word_1_14' title='bbox 446 719 535 760; x_wconf 91' lang='lat' dir='ltr'><strong>contra</strong></span> <span class='ocrx_word' id='word_1_15' title='bbox 553 712 672 763; x_wconf 85' lang='lat' dir='ltr'><strong>Lucanos</strong></span> <span class='ocrx_word' id='word_1_16' title='bbox 690 722 715 762; x_wconf 90' lang='lat' dir='ltr'><strong>et</strong></span> <span class='ocrx_word' id='word_1_17' title='bbox 733 714 847 765; x_wconf 84' lang='lat' dir='ltr'><strong>Bruttios</strong></span> <span class='ocrx_word' id='word_1_18' title='bbox 865 724 892 765; x_wconf 91' lang='lat' dir='ltr'><strong>et</strong></span> <span class='ocrx_word' id='word_1_19' title='bbox 911 715 1038 765; x_wconf 82' lang='lat' dir='ltr'><strong>Samnites</strong></span> <span class='ocrx_word' id='word_1_20' title='bbox 1056 714 1165 767; x_wconf 71' lang='lat' dir='ltr'><strong>feliciter</strong></span> <span class='ocrx_word' id='word_1_21' title='bbox 1182 724 1268 778; x_wconf 77' lang='lat' dir='ltr'><strong>gestae</strong></span> <span class='ocrx_word' id='word_1_22' title='bbox 1288 725 1314 765; x_wconf 84' lang='lat' dir='ltr'><strong>et</strong></span> <span class='ocrx_word' id='word_1_23' title='bbox 1329 716 1417 780; x_wconf 84' lang='lat' dir='ltr'>Pyrrhi</span> <span class='ocrx_word' id='word_1_24' title='bbox 1434 717 1487 777; x_wconf 84' lang='lat' dir='ltr'><strong>regis</strong></span> 
     </span>
     <span class='ocr_line' id='line_1_5' title="bbox 446 807 690 857; baseline 0.008 -4"><span class='ocrx_word' id='word_1_25' title='bbox 446 811 551 854; x_wconf 88' lang='lat' dir='ltr'><strong>mortem</strong></span> <span class='ocrx_word' id='word_1_26' title='bbox 571 807 690 857; x_wconf 88' lang='lat' dir='ltr'><strong>continet.</strong></span> 
     </span>
    </p>
   </div>
   <div class='ocr_carea' id='block_1_4' title="bbox 866 967 1079 1019">
    <p class='ocr_par' dir='ltr' id='par_1_4' title="bbox 866 967 1079 1019">
     <span class='ocr_line' id='line_1_6' title="bbox 866 967 1079 1019; baseline -0.014 0"><span class='ocrx_word' id='word_1_27' title='bbox 866 967 916 1019; x_wconf 85' lang='lat' dir='ltr'><strong>HX</strong></span> <span class='ocrx_word' id='word_1_28' title='bbox 933 968 1000 1017; x_wconf 86' lang='lat' dir='ltr'><strong>LIB.</strong></span> <span class='ocrx_word' id='word_1_29' title='bbox 1020 967 1079 1017; x_wconf 87' lang='lat' dir='ltr'><strong>XV.</strong></span> 
     </span>
    </p>
   </div>
   <div class='ocr_carea' id='block_1_5' title="bbox 445 1079 1497 1779">
    <p class='ocr_par' dir='ltr' id='par_1_5' title="bbox 445 1079 1497 1779">
     <span class='ocr_line' id='line_1_7' title="bbox 515 1079 1492 1149; baseline 0.005 -22"><span class='ocrx_word' id='word_1_30' title='bbox 515 1079 598 1130; x_wconf 89' lang='lat' dir='ltr'><strong>Victis</strong></span> <span class='ocrx_word' id='word_1_31' title='bbox 619 1082 831 1146; x_wconf 77' lang='lat' dir='ltr'><strong>Tarentinispax</strong></span> <span class='ocrx_word' id='word_1_32' title='bbox 848 1091 875 1133; x_wconf 84' lang='lat' dir='ltr'><strong>et</strong></span> <span class='ocrx_word' id='word_1_33' title='bbox 890 1083 995 1133; x_wconf 87' lang='lat' dir='ltr'><strong>libertas</strong></span> <span class='ocrx_word' id='word_1_34' title='bbox 1013 1085 1073 1133; x_wconf 87' lang='lat' dir='ltr'><strong>data</strong></span> <span class='ocrx_word' id='word_1_35' title='bbox 1091 1090 1138 1133; x_wconf 80' lang='lat' dir='ltr'><strong>est</strong></span> <span class='ocrx_word' id='word_1_36' title='bbox 1176 1081 1258 1145; x_wconf 82' lang='lat' dir='ltr'><strong>Legio</strong></span> <span class='ocrx_word' id='word_1_37' title='bbox 1278 1082 1425 1149; x_wconf 81' lang='lat' dir='ltr'><strong>Campana,</strong></span> <span class='ocrx_word' id='word_1_38' title='bbox 1447 1096 1492 1146; x_wconf 79' lang='lat' dir='ltr'><strong>qus</strong></span> 
     </span>
     <span class='ocr_line' id='line_1_8' title="bbox 445 1170 1494 1241; baseline 0.008 -22"><span class='ocrx_word' id='word_1_39' title='bbox 445 1170 555 1233; x_wconf 86' lang='lat' dir='ltr'><strong>Regium</strong></span> <span class='ocrx_word' id='word_1_40' title='bbox 582 1183 764 1238; x_wconf 85' lang='lat' dir='ltr'><strong>occupaverat,</strong></span> <span class='ocrx_word' id='word_1_41' title='bbox 795 1176 914 1235; x_wconf 83' lang='lat' dir='ltr'><strong>obsessa,</strong></span> <span class='ocrx_word' id='word_1_42' title='bbox 942 1177 1072 1225; x_wconf 87' lang='lat' dir='ltr'><strong>deditione</strong></span> <span class='ocrx_word' id='word_1_43' title='bbox 1097 1174 1179 1239; x_wconf 83' lang='lat' dir='ltr'><strong>facta,</strong></span> <span class='ocrx_word' id='word_1_44' title='bbox 1207 1177 1289 1226; x_wconf 86' lang='lat' dir='ltr'><strong>securi</strong></span> <span class='ocrx_word' id='word_1_45' title='bbox 1314 1190 1435 1241; x_wconf 85' lang='lat' dir='ltr'><strong>percussa</strong></span> <span class='ocrx_word' id='word_1_46' title='bbox 1456 1186 1494 1226; x_wconf 89' lang='lat' dir='ltr'><strong>est.</strong></span> 
     </span>
     <span class='ocr_line' id='line_1_9' title="bbox 448 1262 1495 1333; baseline 0.005 -21"><span class='ocrx_word' id='word_1_47' title='bbox 448 1262 531 1323; x_wconf 82' lang='lat' dir='ltr'><strong>Quum</strong></span> <span class='ocrx_word' id='word_1_48' title='bbox 556 1266 655 1329; x_wconf 88' lang='lat' dir='ltr'><strong>legatos</strong></span> <span class='ocrx_word' id='word_1_49' title='bbox 675 1268 877 1331; x_wconf 78' lang='lat' dir='ltr'><strong>Apolloniatium</strong></span> <span class='ocrx_word' id='word_1_50' title='bbox 901 1270 934 1318; x_wconf 90' lang='lat' dir='ltr'><strong>ad</strong></span> <span class='ocrx_word' id='word_1_51' title='bbox 956 1278 1073 1319; x_wconf 87' lang='lat' dir='ltr'><strong>senatum</strong></span> <span class='ocrx_word' id='word_1_52' title='bbox 1094 1270 1187 1321; x_wconf 87' lang='lat' dir='ltr'><strong>missos</strong></span> <span class='ocrx_word' id='word_1_53' title='bbox 1206 1269 1311 1333; x_wconf 90' lang='lat' dir='ltr'><strong>quidam</strong></span> <span class='ocrx_word' id='word_1_54' title='bbox 1329 1271 1434 1319; x_wconf 87' lang='lat' dir='ltr'><strong>iuvenes</strong></span> <span class='ocrx_word' id='word_1_55' title='bbox 1450 1269 1495 1331; x_wconf 91' lang='lat' dir='ltr'><strong>pul-</strong></span> 
     </span>
     <span class='ocr_line' id='line_1_10' title="bbox 446 1359 1494 1425; baseline 0.002 -19"><span class='ocrx_word' id='word_1_56' title='bbox 446 1367 555 1422; x_wconf 88' lang='lat' dir='ltr'><strong>sassent,</strong></span> <span class='ocrx_word' id='word_1_57' title='bbox 580 1359 659 1408; x_wconf 90' lang='lat' dir='ltr'><strong>dediti</strong></span> <span class='ocrx_word' id='word_1_58' title='bbox 685 1368 745 1409; x_wconf 90' lang='lat' dir='ltr'><strong>sunt</strong></span> <span class='ocrx_word' id='word_1_59' title='bbox 766 1362 978 1425; x_wconf 81' lang='lat' dir='ltr'><strong>Apolloniatibus.</strong></span> <span class='ocrx_word' id='word_1_60' title='bbox 1023 1361 1171 1411; x_wconf 75' lang='lat' dir='ltr'><strong>Picentibus</strong></span> <span class='ocrx_word' id='word_1_61' title='bbox 1197 1363 1271 1411; x_wconf 84' lang='lat' dir='ltr'><strong>victis</strong></span> <span class='ocrx_word' id='word_1_62' title='bbox 1300 1377 1353 1425; x_wconf 85' lang='lat' dir='ltr'><strong>pax</strong></span> <span class='ocrx_word' id='word_1_63' title='bbox 1378 1364 1439 1411; x_wconf 86' lang='lat' dir='ltr'><strong>deta</strong></span> <span class='ocrx_word' id='word_1_64' title='bbox 1459 1372 1494 1411; x_wconf 87' lang='lat' dir='ltr'><strong>cst.</strong></span> 
     </span>
     <span class='ocr_line' id='line_1_11' title="bbox 447 1448 1495 1519; baseline 0.001 -19"><span class='ocrx_word' id='word_1_65' title='bbox 447 1448 561 1500; x_wconf 78' lang='lat' dir='ltr'><strong>colonia</strong></span> <span class='ocrx_word' id='word_1_66' title='bbox 579 1454 695 1502; x_wconf 71' lang='lat' dir='ltr'><strong>deducta</strong></span> <span class='ocrx_word' id='word_1_67' title='bbox 709 1453 854 1503; x_wconf 79' lang='lat' dir='ltr'><strong>Ariminum</strong></span> <span class='ocrx_word' id='word_1_68' title='bbox 873 1455 899 1503; x_wconf 93' lang='lat' dir='ltr'><strong>in</strong></span> <span class='ocrx_word' id='word_1_69' title='bbox 918 1454 1022 1519; x_wconf 84' lang='lat' dir='ltr'><strong>Piceno,</strong></span> <span class='ocrx_word' id='word_1_70' title='bbox 1039 1456 1212 1504; x_wconf 82' lang='lat' dir='ltr'><strong>Beneventum</strong></span> <span class='ocrx_word' id='word_1_71' title='bbox 1232 1456 1258 1503; x_wconf 90' lang='lat' dir='ltr'><strong>in</strong></span> <span class='ocrx_word' id='word_1_72' title='bbox 1279 1454 1395 1505; x_wconf 84' lang='lat' dir='ltr'><strong>Samnio.</strong></span> <span class='ocrx_word' id='word_1_73' title='bbox 1434 1456 1495 1503; x_wconf 82' lang='lat' dir='ltr'><strong>Tunc</strong></span> 
     </span>
     <span class='ocr_line' id='line_1_12' title="bbox 446 1544 1496 1611; baseline 0.003 -19"><span class='ocrx_word' id='word_1_74' title='bbox 446 1544 555 1606; x_wconf 89' lang='lat' dir='ltr'><strong>primum</strong></span> <span class='ocrx_word' id='word_1_75' title='bbox 581 1546 689 1610; x_wconf 91' lang='lat' dir='ltr'><strong>populus</strong></span> <span class='ocrx_word' id='word_1_76' title='bbox 712 1547 844 1597; x_wconf 85' lang='lat' dir='ltr'><strong>Romanus</strong></span> <span class='ocrx_word' id='word_1_77' title='bbox 874 1555 980 1609; x_wconf 87' lang='lat' dir='ltr'><strong>argento</strong></span> <span class='ocrx_word' id='word_1_78' title='bbox 1006 1548 1044 1597; x_wconf 91' lang='lat' dir='ltr'><strong>uti</strong></span> <span class='ocrx_word' id='word_1_79' title='bbox 1072 1548 1154 1611; x_wconf 88' lang='lat' dir='ltr'><strong>coepit.</strong></span> <span class='ocrx_word' id='word_1_80' title='bbox 1208 1546 1296 1598; x_wconf 86' lang='lat' dir='ltr'><strong>Umbri</strong></span> <span class='ocrx_word' id='word_1_81' title='bbox 1322 1557 1348 1597; x_wconf 88' lang='lat' dir='ltr'><strong>at</strong></span> <span class='ocrx_word' id='word_1_82' title='bbox 1374 1548 1496 1599; x_wconf 77' lang='lat' dir='ltr'><strong>Sallentini</strong></span> 
     </span>
     <span class='ocr_line' id='line_1_13' title="bbox 445 1634 1497 1705; baseline 0.006 -22"><span class='ocrx_word' id='word_1_83' title='bbox 445 1634 506 1684; x_wconf 79' lang='lat' dir='ltr'><strong>victi</strong></span> <span class='ocrx_word' id='word_1_84' title='bbox 523 1635 551 1683; x_wconf 93' lang='lat' dir='ltr'><strong>iu</strong></span> <span class='ocrx_word' id='word_1_85' title='bbox 569 1636 725 1689; x_wconf 86' lang='lat' dir='ltr'><strong>deditionem</strong></span> <span class='ocrx_word' id='word_1_86' title='bbox 743 1639 843 1704; x_wconf 86' lang='lat' dir='ltr'><strong>accepti</strong></span> <span class='ocrx_word' id='word_1_87' title='bbox 864 1649 932 1691; x_wconf 78' lang='lat' dir='ltr'><strong>sunt,</strong></span> <span class='ocrx_word' id='word_1_88' title='bbox 976 1638 1136 1700; x_wconf 80' lang='lat' dir='ltr'><strong>Quaestorum</strong></span> <span class='ocrx_word' id='word_1_89' title='bbox 1160 1656 1280 1693; x_wconf 86' lang='lat' dir='ltr'><strong>numerus</strong></span> <span class='ocrx_word' id='word_1_90' title='bbox 1303 1641 1443 1705; x_wconf 73' lang='lat' dir='ltr'><strong>amplietur</strong></span> <span class='ocrx_word' id='word_1_91' title='bbox 1459 1650 1497 1689; x_wconf 85' lang='lat' dir='ltr'><strong>est.</strong></span> 
     </span>
     <span class='ocr_line' id='line_1_14' title="bbox 445 1734 653 1779; baseline 0.019 -4"><span class='ocrx_word' id='word_1_92' title='bbox 445 1734 474 1777; x_wconf 91' lang='lat' dir='ltr'><strong>ut</strong></span> <span class='ocrx_word' id='word_1_93' title='bbox 491 1737 578 1778; x_wconf 89' lang='lat' dir='ltr'><strong>essent</strong></span> <span class='ocrx_word' id='word_1_94' title='bbox 595 1738 653 1779; x_wconf 84' lang='lat' dir='ltr'><strong>octo.</strong></span> 
     </span>
    </p>
   </div>
   <div class='ocr_carea' id='block_1_6' title="bbox 861 1893 1090 1944">
    <p class='ocr_par' dir='ltr' id='par_1_6' title="bbox 861 1893 1090 1944">
     <span class='ocr_line' id='line_1_15' title="bbox 861 1893 1090 1944; baseline 0.009 -3"><span class='ocrx_word' id='word_1_95' title='bbox 861 1893 911 1942; x_wconf 86' lang='lat' dir='ltr'><strong>EX</strong></span> <span class='ocrx_word' id='word_1_96' title='bbox 930 1894 996 1944; x_wconf 89' lang='lat' dir='ltr'><strong>LIB.</strong></span> <span class='ocrx_word' id='word_1_97' title='bbox 1016 1893 1090 1943; x_wconf 90' lang='lat' dir='ltr'>XVI.</span> 
     </span>
    </p>
   </div>
   <div class='ocr_carea' id='block_1_7' title="bbox 443 2005 1499 2891">
    <p class='ocr_par' dir='ltr' id='par_1_7' title="bbox 443 2005 1499 2891">
     <span class='ocr_line' id='line_1_16' title="bbox 516 2005 1498 2072; baseline -0.002 -16"><span class='ocrx_word' id='word_1_98' title='bbox 516 2005 596 2068; x_wconf 82' lang='lat' dir='ltr'><strong>Origo</strong></span> <span class='ocrx_word' id='word_1_99' title='bbox 607 2005 855 2071; x_wconf 82' lang='lat' dir='ltr'><strong>Carthaginiensium</strong></span> <span class='ocrx_word' id='word_1_100' title='bbox 868 2015 894 2057; x_wconf 90' lang='lat' dir='ltr'><strong>et</strong></span> <span class='ocrx_word' id='word_1_101' title='bbox 905 2009 1044 2072; x_wconf 88' lang='lat' dir='ltr'><strong>primordia</strong></span> <span class='ocrx_word' id='word_1_102' title='bbox 1062 2006 1131 2057; x_wconf 88' lang='lat' dir='ltr'><strong>urbis</strong></span> <span class='ocrx_word' id='word_1_103' title='bbox 1151 2022 1238 2057; x_wconf 88' lang='lat' dir='ltr'><strong>corum</strong></span> <span class='ocrx_word' id='word_1_104' title='bbox 1255 2008 1411 2059; x_wconf 83' lang='lat' dir='ltr'><strong>referuntur.</strong></span> <span class='ocrx_word' id='word_1_105' title='bbox 1441 2005 1498 2057; x_wconf 84' lang='lat' dir='ltr'><strong>Gon·</strong></span> 
     </span>
     <span class='ocr_line' id='line_1_17' title="bbox 446 2099 1498 2164; baseline 0.002 -20"><span class='ocrx_word' id='word_1_106' title='bbox 446 2105 487 2144; x_wconf 84' lang='lat' dir='ltr'><strong>tra</strong></span> <span class='ocrx_word' id='word_1_107' title='bbox 515 2111 578 2160; x_wconf 91' lang='lat' dir='ltr'><strong>quos</strong></span> <span class='ocrx_word' id='word_1_108' title='bbox 611 2106 637 2147; x_wconf 91' lang='lat' dir='ltr'><strong>et</strong></span> <span class='ocrx_word' id='word_1_109' title='bbox 663 2099 801 2149; x_wconf 85' lang='lat' dir='ltr'><strong>Hieronem</strong></span> <span class='ocrx_word' id='word_1_110' title='bbox 828 2115 915 2164; x_wconf 87' lang='lat' dir='ltr'><strong>regem</strong></span> <span class='ocrx_word' id='word_1_111' title='bbox 944 2101 1162 2164; x_wconf 76' lang='lat' dir='ltr'><strong>Syracusanorum</strong></span> <span class='ocrx_word' id='word_1_112' title='bbox 1192 2101 1316 2151; x_wconf 85' lang='lat' dir='ltr'><strong>auxilium</strong></span> <span class='ocrx_word' id='word_1_113' title='bbox 1347 2099 1498 2149; x_wconf 74' lang='lat' dir='ltr'><strong>Mamertinis</strong></span> 
     </span>
     <span class='ocr_line' id='line_1_18' title="bbox 445 2188 1498 2259; baseline 0.001 -20"><span class='ocrx_word' id='word_1_114' title='bbox 445 2188 576 2240; x_wconf 81' lang='lat' dir='ltr'><strong>ferendum</strong></span> <span class='ocrx_word' id='word_1_115' title='bbox 595 2199 699 2241; x_wconf 89' lang='lat' dir='ltr'><strong>senatus</strong></span> <span class='ocrx_word' id='word_1_116' title='bbox 717 2194 828 2250; x_wconf 88' lang='lat' dir='ltr'><strong>censuit,</strong></span> <span class='ocrx_word' id='word_1_117' title='bbox 853 2209 930 2259; x_wconf 90' lang='lat' dir='ltr'><strong>quum</strong></span> <span class='ocrx_word' id='word_1_118' title='bbox 950 2196 981 2243; x_wconf 90' lang='lat' dir='ltr'><strong>de</strong></span> <span class='ocrx_word' id='word_1_119' title='bbox 999 2210 1030 2245; x_wconf 88' lang='lat' dir='ltr'><strong>ea</strong></span> <span class='ocrx_word' id='word_1_120' title='bbox 1048 2210 1074 2245; x_wconf 91' lang='lat' dir='ltr'><strong>re</strong></span> <span class='ocrx_word' id='word_1_121' title='bbox 1091 2195 1157 2242; x_wconf 87' lang='lat' dir='ltr'><strong>inter</strong></span> <span class='ocrx_word' id='word_1_122' title='bbox 1174 2195 1318 2252; x_wconf 88' lang='lat' dir='ltr'><strong>suadentes,</strong></span> <span class='ocrx_word' id='word_1_123' title='bbox 1338 2201 1367 2242; x_wconf 89' lang='lat' dir='ltr'><strong>nt</strong></span> <span class='ocrx_word' id='word_1_124' title='bbox 1386 2194 1413 2243; x_wconf 86' lang='lat' dir='ltr'><strong>id</strong></span> <span class='ocrx_word' id='word_1_125' title='bbox 1431 2192 1498 2249; x_wconf 75' lang='lat' dir='ltr'><strong>fieret</strong></span> 
     </span>
     <span class='ocr_line' id='line_1_19' title="bbox 446 2282 1499 2351; baseline 0.001 -21"><span class='ocrx_word' id='word_1_126' title='bbox 446 2282 673 2347; x_wconf 80' lang='lat' dir='ltr'><strong>dissuadentesque</strong></span> <span class='ocrx_word' id='word_1_127' title='bbox 692 2286 821 2335; x_wconf 88' lang='lat' dir='ltr'><strong>contentio</strong></span> <span class='ocrx_word' id='word_1_128' title='bbox 841 2285 944 2346; x_wconf 73' lang='lat' dir='ltr'><strong>iniussu</strong></span> <span class='ocrx_word' id='word_1_129' title='bbox 971 2286 1186 2351; x_wconf 72' lang='lat' dir='ltr'><strong>transgressisque</strong></span> <span class='ocrx_word' id='word_1_130' title='bbox 1213 2296 1274 2337; x_wconf 87' lang='lat' dir='ltr'><strong>tunc</strong></span> <span class='ocrx_word' id='word_1_131' title='bbox 1300 2286 1413 2351; x_wconf 88' lang='lat' dir='ltr'><strong>primum</strong></span> <span class='ocrx_word' id='word_1_132' title='bbox 1441 2298 1499 2333; x_wconf 88' lang='lat' dir='ltr'><strong>mare</strong></span> 
     </span>
     <span class='ocr_line' id='line_1_20' title="bbox 446 2376 1498 2443; baseline -0.001 -18"><span class='ocrx_word' id='word_1_133' title='bbox 446 2376 600 2426; x_wconf 80' lang='lat' dir='ltr'><strong>exercitibus</strong></span> <span class='ocrx_word' id='word_1_134' title='bbox 619 2377 757 2434; x_wconf 85' lang='lat' dir='ltr'><strong>Romanis,</strong></span> <span class='ocrx_word' id='word_1_135' title='bbox 775 2380 895 2429; x_wconf 84' lang='lat' dir='ltr'><strong>adversus</strong></span> <span class='ocrx_word' id='word_1_136' title='bbox 913 2380 1051 2429; x_wconf 86' lang='lat' dir='ltr'><strong>Hieronem</strong></span> <span class='ocrx_word' id='word_1_137' title='bbox 1070 2380 1162 2443; x_wconf 85' lang='lat' dir='ltr'><strong>saepius</strong></span> <span class='ocrx_word' id='word_1_138' title='bbox 1182 2380 1247 2427; x_wconf 90' lang='lat' dir='ltr'><strong>bene</strong></span> <span class='ocrx_word' id='word_1_139' title='bbox 1266 2390 1421 2443; x_wconf 86' lang='lat' dir='ltr'><strong>pugnaturn.</strong></span> <span class='ocrx_word' id='word_1_140' title='bbox 1458 2377 1498 2426; x_wconf 87' lang='lat' dir='ltr'><strong>Pe·</strong></span> 
     </span>
     <span class='ocr_line' id='line_1_21' title="bbox 445 2469 1498 2533; baseline -0.001 -16"><span class='ocrx_word' id='word_1_141' title='bbox 445 2470 508 2519; x_wconf 87' lang='lat' dir='ltr'><strong>tenti</strong></span> <span class='ocrx_word' id='word_1_142' title='bbox 525 2484 578 2533; x_wconf 84' lang='lat' dir='ltr'><strong>pax</strong></span> <span class='ocrx_word' id='word_1_143' title='bbox 595 2470 656 2519; x_wconf 88' lang='lat' dir='ltr'><strong>data</strong></span> <span class='ocrx_word' id='word_1_144' title='bbox 673 2478 718 2521; x_wconf 85' lang='lat' dir='ltr'><strong>cst.</strong></span> <span class='ocrx_word' id='word_1_145' title='bbox 745 2470 864 2521; x_wconf 85' lang='lat' dir='ltr'><strong>Lustrum</strong></span> <span class='ocrx_word' id='word_1_146' title='bbox 879 2472 1202 2523; x_wconf 77' lang='lat' dir='ltr'><strong>accusorib&#39;nsconditum.</strong></span> <span class='ocrx_word' id='word_1_147' title='bbox 1232 2469 1316 2521; x_wconf 83' lang='lat' dir='ltr'><strong>Oenea</strong></span> <span class='ocrx_word' id='word_1_148' title='bbox 1334 2478 1398 2520; x_wconf 88' lang='lat' dir='ltr'><strong>snut</strong></span> <span class='ocrx_word' id='word_1_149' title='bbox 1416 2470 1498 2519; x_wconf 88' lang='lat' dir='ltr'><strong>cirinn</strong></span> 
     </span>
     <span class='ocr_line' id='line_1_22' title="bbox 445 2548 1499 2633; baseline 0 -22"><span class='ocrx_word' id='word_1_150' title='bbox 445 2564 529 2626; x_wconf 89' lang='lat' dir='ltr'><strong>capita</strong></span> <span class='ocrx_word' id='word_1_151' title='bbox 559 2548 755 2616; x_wconf 63' lang='lat' dir='ltr'><strong>c&#39;c‘ffiffn</strong></span> <span class='ocrx_word' id='word_1_152' title='bbox 787 2564 958 2616; x_wconf 80' lang='lat' dir='ltr'>CCXXXIV.</span> <span class='ocrx_word' id='word_1_153' title='bbox 1010 2564 1044 2614; x_wconf 89' lang='lat' dir='ltr'><strong>D.</strong></span> <span class='ocrx_word' id='word_1_154' title='bbox 1063 2563 1151 2613; x_wconf 90' lang='lat' dir='ltr'><strong>Iunius</strong></span> <span class='ocrx_word' id='word_1_155' title='bbox 1172 2564 1271 2633; x_wconf 83' lang='lat' dir='ltr'><strong>Brutus</strong></span> <span class='ocrx_word' id='word_1_156' title='bbox 1286 2579 1381 2613; x_wconf 87' lang='lat' dir='ltr'><strong>munus</strong></span> <span class='ocrx_word' id='word_1_157' title='bbox 1410 2564 1499 2626; x_wconf 85' lang='lat' dir='ltr'><strong>gladie-</strong></span> 
     </span>
     <span class='ocr_line' id='line_1_23' title="bbox 444 2655 1499 2721; baseline -0.002 -17"><span class='ocrx_word' id='word_1_158' title='bbox 444 2658 538 2706; x_wconf 88' lang='lat' dir='ltr'><strong>torium</strong></span> <span class='ocrx_word' id='word_1_159' title='bbox 564 2658 732 2710; x_wconf 83' lang='lat' dir='ltr'><strong>inhonorem</strong></span> <span class='ocrx_word' id='word_1_160' title='bbox 754 2658 867 2710; x_wconf 76' lang='lat' dir='ltr'><strong>defuncti</strong></span> <span class='ocrx_word' id='word_1_161' title='bbox 897 2658 976 2721; x_wconf 88' lang='lat' dir='ltr'><strong>patris</strong></span> <span class='ocrx_word' id='word_1_162' title='bbox 1005 2657 1102 2721; x_wconf 85' lang='lat' dir='ltr'><strong>primus</strong></span> <span class='ocrx_word' id='word_1_163' title='bbox 1134 2657 1221 2717; x_wconf 77' lang='lat' dir='ltr'><strong>edidit.</strong></span> <span class='ocrx_word' id='word_1_164' title='bbox 1258 2655 1368 2707; x_wconf 85' lang='lat' dir='ltr'><strong>Colonia</strong></span> <span class='ocrx_word' id='word_1_165' title='bbox 1388 2655 1499 2707; x_wconf 76' lang='lat' dir='ltr'><strong>AEsernia</strong></span> 
     </span>
     <span class='ocr_line' id='line_1_24' title="bbox 445 2750 1498 2817; baseline -0.002 -20"><span class='ocrx_word' id='word_1_166' title='bbox 445 2750 554 2799; x_wconf 85' lang='lat' dir='ltr'><strong>deducta</strong></span> <span class='ocrx_word' id='word_1_167' title='bbox 572 2760 617 2801; x_wconf 87' lang='lat' dir='ltr'><strong>est.</strong></span> <span class='ocrx_word' id='word_1_168' title='bbox 653 2752 704 2803; x_wconf 87' lang='lat' dir='ltr'><strong>Hes</strong></span> <span class='ocrx_word' id='word_1_169' title='bbox 725 2761 848 2817; x_wconf 83' lang='lat' dir='ltr'><strong>praterea</strong></span> <span class='ocrx_word' id='word_1_170' title='bbox 866 2759 955 2801; x_wconf 83' lang='lat' dir='ltr'><strong>contra</strong></span> <span class='ocrx_word' id='word_1_171' title='bbox 972 2750 1068 2801; x_wconf 89' lang='lat' dir='ltr'><strong>Poenos</strong></span> <span class='ocrx_word' id='word_1_172' title='bbox 1085 2758 1111 2799; x_wconf 85' lang='lat' dir='ltr'><strong>et</strong></span> <span class='ocrx_word' id='word_1_173' title='bbox 1129 2750 1263 2801; x_wconf 89' lang='lat' dir='ltr'><strong>Vulsinios</strong></span> <span class='ocrx_word' id='word_1_174' title='bbox 1280 2763 1406 2813; x_wconf 86' lang='lat' dir='ltr'><strong>prospere</strong></span> <span class='ocrx_word' id='word_1_175' title='bbox 1425 2757 1498 2811; x_wconf 87' lang='lat' dir='ltr'><strong>gestas</strong></span> 
     </span>
     <span class='ocr_line' id='line_1_25' title="bbox 443 2842 564 2891; baseline 0.008 -1"><span class='ocrx_word' id='word_1_176' title='bbox 443 2842 564 2891; x_wconf 89' lang='lat' dir='ltr'><strong>continet.</strong></span> 
     </span>
    </p>
   </div>
   <div class='ocr_carea' id='block_1_8' title="bbox 853 3002 1093 3055">
    <p class='ocr_par' dir='ltr' id='par_1_8' title="bbox 853 3002 1093 3055">
     <span class='ocr_line' id='line_1_26' title="bbox 853 3002 1093 3055; baseline 0.004 -2"><span class='ocrx_word' id='word_1_177' title='bbox 853 3005 902 3053; x_wconf 85' lang='lat' dir='ltr'><strong>EX</strong></span> <span class='ocrx_word' id='word_1_178' title='bbox 920 3004 986 3055; x_wconf 82' lang='lat' dir='ltr'>LIB.</span> <span class='ocrx_word' id='word_1_179' title='bbox 1005 3002 1093 3055; x_wconf 90' lang='lat' dir='ltr'>XVII.</span> 
     </span>
    </p>
   </div>
   <div class='ocr_carea' id='block_1_9' title="bbox 439 3115 1497 4279">
    <p class='ocr_par' dir='ltr' id='par_1_9' title="bbox 439 3115 1497 4279">
     <span class='ocr_line' id='line_1_27' title="bbox 514 3115 1496 3179; baseline -0.002 -12"><span class='ocrx_word' id='word_1_180' title='bbox 514 3118 562 3168; x_wconf 80' lang='lat' dir='ltr'><strong>On.</strong></span> <span class='ocrx_word' id='word_1_181' title='bbox 573 3117 708 3169; x_wconf 84' lang='lat' dir='ltr'><strong>Cornelius</strong></span> <span class='ocrx_word' id='word_1_182' title='bbox 727 3119 817 3168; x_wconf 89' lang='lat' dir='ltr'><strong>consul</strong></span> <span class='ocrx_word' id='word_1_183' title='bbox 830 3135 847 3167; x_wconf 86' lang='lat' dir='ltr'><strong>a</strong></span> <span class='ocrx_word' id='word_1_184' title='bbox 859 3120 941 3169; x_wconf 78' lang='lat' dir='ltr'><strong>classe</strong></span> <span class='ocrx_word' id='word_1_185' title='bbox 950 3119 1050 3168; x_wconf 88' lang='lat' dir='ltr'><strong>Punice</strong></span> <span class='ocrx_word' id='word_1_186' title='bbox 1069 3120 1255 3168; x_wconf 81' lang='lat' dir='ltr'><strong>circumventus</strong></span> <span class='ocrx_word' id='word_1_187' title='bbox 1273 3122 1299 3164; x_wconf 85' lang='lat' dir='ltr'><strong>et</strong></span> <span class='ocrx_word' id='word_1_188' title='bbox 1315 3129 1362 3179; x_wconf 89' lang='lat' dir='ltr'><strong>per</strong></span> <span class='ocrx_word' id='word_1_189' title='bbox 1380 3115 1496 3173; x_wconf 79' lang='lat' dir='ltr'><strong>fraudem,</strong></span> 
     </span>
     <span class='ocr_line' id='line_1_28' title="bbox 443 3208 1497 3275; baseline -0.003 -15"><span class='ocrx_word' id='word_1_190' title='bbox 443 3212 556 3261; x_wconf 87' lang='lat' dir='ltr'><strong>velutin</strong></span> <span class='ocrx_word' id='word_1_191' title='bbox 576 3212 731 3273; x_wconf 90' lang='lat' dir='ltr'><strong>colloquium</strong></span> <span class='ocrx_word' id='word_1_192' title='bbox 750 3218 878 3271; x_wconf 86' lang='lat' dir='ltr'><strong>evocatus,</strong></span> <span class='ocrx_word' id='word_1_193' title='bbox 902 3220 990 3275; x_wconf 84' lang='lat' dir='ltr'><strong>captus</strong></span> <span class='ocrx_word' id='word_1_194' title='bbox 1009 3220 1056 3261; x_wconf 88' lang='lat' dir='ltr'><strong>est.</strong></span> <span class='ocrx_word' id='word_1_195' title='bbox 1094 3208 1124 3260; x_wconf 88' lang='grc'><strong>0.</strong></span> <span class='ocrx_word' id='word_1_196' title='bbox 1146 3210 1258 3259; x_wconf 87' lang='lat' dir='ltr'><strong>Duillius</strong></span> <span class='ocrx_word' id='word_1_197' title='bbox 1277 3210 1367 3258; x_wconf 89' lang='lat' dir='ltr'><strong>consul</strong></span> <span class='ocrx_word' id='word_1_198' title='bbox 1386 3212 1497 3259; x_wconf 87' lang='lat' dir='ltr'><strong>adversus</strong></span> 
     </span>
     <span class='ocr_line' id='line_1_29' title="bbox 443 3301 1496 3368; baseline -0.004 -15"><span class='ocrx_word' id='word_1_199' title='bbox 443 3305 551 3355; x_wconf 89' lang='lat' dir='ltr'><strong>classem</strong></span> <span class='ocrx_word' id='word_1_200' title='bbox 570 3305 708 3354; x_wconf 84' lang='lat' dir='ltr'><strong>Poenorum</strong></span> <span class='ocrx_word' id='word_1_201' title='bbox 727 3318 846 3367; x_wconf 89' lang='lat' dir='ltr'><strong>prospere</strong></span> <span class='ocrx_word' id='word_1_202' title='bbox 865 3305 1001 3368; x_wconf 81' lang='lat' dir='ltr'><strong>pugnavit,</strong></span> <span class='ocrx_word' id='word_1_203' title='bbox 1029 3303 1177 3368; x_wconf 87' lang='lat' dir='ltr'><strong>primusque</strong></span> <span class='ocrx_word' id='word_1_204' title='bbox 1196 3301 1308 3351; x_wconf 90' lang='lat' dir='ltr'><strong>omniurn</strong></span> <span class='ocrx_word' id='word_1_205' title='bbox 1327 3301 1496 3351; x_wconf 89' lang='lat' dir='ltr'><strong>Romanorum</strong></span> 
     </span>
     <span class='ocr_line' id='line_1_30' title="bbox 443 3388 1497 3461; baseline -0.006 -15"><span class='ocrx_word' id='word_1_206' title='bbox 443 3399 536 3447; x_wconf 89' lang='lat' dir='ltr'><strong>ducum</strong></span> <span class='ocrx_word' id='word_1_207' title='bbox 560 3398 658 3447; x_wconf 80' lang='lat' dir='ltr'><strong>navalis</strong></span> <span class='ocrx_word' id='word_1_208' title='bbox 683 3397 794 3447; x_wconf 79' lang='lat' dir='ltr'><strong>victorin</strong></span> <span class='ocrx_word' id='word_1_209' title='bbox 817 3398 891 3445; x_wconf 88' lang='lat' dir='ltr'><strong>duxit</strong></span> <span class='ocrx_word' id='word_1_210' title='bbox 915 3397 1077 3461; x_wconf 87' lang='lat' dir='ltr'><strong>triumphum.</strong></span> <span class='ocrx_word' id='word_1_211' title='bbox 1117 3388 1156 3444; x_wconf 86' lang='lat' dir='ltr'><strong>Ob</strong></span> <span class='ocrx_word' id='word_1_212' title='bbox 1179 3408 1256 3457; x_wconf 86' lang='lat' dir='ltr'><strong>quam</strong></span> <span class='ocrx_word' id='word_1_213' title='bbox 1280 3408 1385 3443; x_wconf 85' lang='lat' dir='ltr'><strong>causam</strong></span> <span class='ocrx_word' id='word_1_214' title='bbox 1405 3396 1429 3443; x_wconf 89' lang='lat' dir='ltr'><strong>ei</strong></span> <span class='ocrx_word' id='word_1_215' title='bbox 1447 3408 1497 3458; x_wconf 87' lang='lat' dir='ltr'><strong>per·</strong></span> 
     </span>
     <span class='ocr_line' id='line_1_31' title="bbox 441 3486 1496 3554; baseline -0.003 -17"><span class='ocrx_word' id='word_1_216' title='bbox 441 3497 534 3554; x_wconf 82' lang='lat' dir='ltr'><strong>petrus</strong></span> <span class='ocrx_word' id='word_1_217' title='bbox 553 3504 654 3553; x_wconf 90' lang='lat' dir='ltr'><strong>quoque</strong></span> <span class='ocrx_word' id='word_1_218' title='bbox 672 3490 754 3539; x_wconf 90' lang='lat' dir='ltr'><strong>bonos</strong></span> <span class='ocrx_word' id='word_1_219' title='bbox 771 3490 875 3539; x_wconf 74' lang='lat' dir='ltr'><strong>habitus</strong></span> <span class='ocrx_word' id='word_1_220' title='bbox 894 3497 940 3549; x_wconf 84' lang='lat' dir='ltr'><strong>est,</strong></span> <span class='ocrx_word' id='word_1_221' title='bbox 959 3497 987 3538; x_wconf 84' lang='lat' dir='ltr'><strong>ut</strong></span> <span class='ocrx_word' id='word_1_222' title='bbox 1005 3488 1138 3539; x_wconf 79' lang='lat' dir='ltr'><strong>revertenti</strong></span> <span class='ocrx_word' id='word_1_223' title='bbox 1155 3503 1171 3536; x_wconf 90' lang='lat' dir='ltr'><strong>a</strong></span> <span class='ocrx_word' id='word_1_224' title='bbox 1190 3501 1254 3535; x_wconf 86' lang='lat' dir='ltr'><strong>cena</strong></span> <span class='ocrx_word' id='word_1_225' title='bbox 1272 3486 1378 3540; x_wconf 84' lang='lat' dir='ltr'><strong>tibicine</strong></span> <span class='ocrx_word' id='word_1_226' title='bbox 1398 3494 1496 3537; x_wconf 84' lang='lat' dir='ltr'><strong>canente</strong></span> 
     </span>
     <span class='ocr_line' id='line_1_32' title="bbox 439 3576 1496 3645; baseline -0.003 -15"><span class='ocrx_word' id='word_1_227' title='bbox 439 3579 529 3630; x_wconf 85' lang='lat' dir='ltr'><strong>funale</strong></span> <span class='ocrx_word' id='word_1_228' title='bbox 545 3581 712 3645; x_wconf 78' lang='lat' dir='ltr'><strong>praferratus.</strong></span> <span class='ocrx_word' id='word_1_229' title='bbox 748 3581 779 3633; x_wconf 73' lang='grc' dir='ltr'><strong>Ιι.</strong></span> <span class='ocrx_word' id='word_1_230' title='bbox 800 3581 933 3633; x_wconf 79' lang='lat' dir='ltr'><strong>Cornelius</strong></span> <span class='ocrx_word' id='word_1_231' title='bbox 951 3582 1042 3633; x_wconf 90' lang='lat' dir='ltr'><strong>consul</strong></span> <span class='ocrx_word' id='word_1_232' title='bbox 1060 3582 1086 3631; x_wconf 87' lang='lat' dir='ltr'><strong>in</strong></span> <span class='ocrx_word' id='word_1_233' title='bbox 1104 3579 1223 3641; x_wconf 78' lang='lat' dir='ltr'><strong>Sardinia</strong></span> <span class='ocrx_word' id='word_1_234' title='bbox 1245 3586 1272 3627; x_wconf 88' lang='lat' dir='ltr'><strong>et</strong></span> <span class='ocrx_word' id='word_1_235' title='bbox 1290 3576 1397 3628; x_wconf 80' lang='lat' dir='ltr'><strong>Corsica</strong></span> <span class='ocrx_word' id='word_1_236' title='bbox 1417 3587 1496 3628; x_wconf 72' lang='lat' dir='ltr'><strong>conus</strong></span> 
     </span>
     <span class='ocr_line' id='line_1_33' title="bbox 441 3670 1495 3735; baseline -0.006 -11"><span class='ocrx_word' id='word_1_237' title='bbox 441 3673 536 3724; x_wconf 86' lang='lat' dir='ltr'><strong>Sardos</strong></span> <span class='ocrx_word' id='word_1_238' title='bbox 562 3683 587 3724; x_wconf 86' lang='lat' dir='ltr'><strong>et</strong></span> <span class='ocrx_word' id='word_1_239' title='bbox 608 3675 702 3727; x_wconf 83' lang='lat' dir='ltr'><strong>Corsos</strong></span> <span class='ocrx_word' id='word_1_240' title='bbox 729 3683 755 3725; x_wconf 88' lang='lat' dir='ltr'><strong>et</strong></span> <span class='ocrx_word' id='word_1_241' title='bbox 776 3676 929 3726; x_wconf 81' lang='lat' dir='ltr'><strong>Hannonem</strong></span> <span class='ocrx_word' id='word_1_242' title='bbox 955 3674 1091 3723; x_wconf 85' lang='lat' dir='ltr'><strong>Poenorum</strong></span> <span class='ocrx_word' id='word_1_243' title='bbox 1121 3673 1211 3721; x_wconf 89' lang='lat' dir='ltr'><strong>ducem</strong></span> <span class='ocrx_word' id='word_1_244' title='bbox 1238 3670 1346 3721; x_wconf 77' lang='lat' dir='ltr'><strong>feliciter</strong></span> <span class='ocrx_word' id='word_1_245' title='bbox 1373 3670 1495 3735; x_wconf 77' lang='lat' dir='ltr'><strong>pugnavit</strong></span> 
     </span>
     <span class='ocr_line' id='line_1_34' title="bbox 442 3764 1496 3829; baseline -0.006 -12"><span class='ocrx_word' id='word_1_246' title='bbox 442 3766 538 3817; x_wconf 75' lang='lat' dir='ltr'><strong>Atilius</strong></span> <span class='ocrx_word' id='word_1_247' title='bbox 558 3767 690 3817; x_wconf 81' lang='lat' dir='ltr'><strong>Calatinus</strong></span> <span class='ocrx_word' id='word_1_248' title='bbox 707 3782 759 3817; x_wconf 89' lang='lat' dir='ltr'><strong>cos.</strong></span> <span class='ocrx_word' id='word_1_249' title='bbox 778 3781 857 3829; x_wconf 89' lang='lat' dir='ltr'><strong>quum</strong></span> <span class='ocrx_word' id='word_1_250' title='bbox 881 3767 907 3815; x_wconf 89' lang='lat' dir='ltr'><strong>iu</strong></span> <span class='ocrx_word' id='word_1_251' title='bbox 934 3766 1020 3814; x_wconf 89' lang='lat' dir='ltr'><strong>locum</strong></span> <span class='ocrx_word' id='word_1_252' title='bbox 1032 3772 1062 3813; x_wconf 65' lang='lat' dir='ltr'><strong>*a</strong></span> <span class='ocrx_word' id='word_1_253' title='bbox 1079 3764 1167 3814; x_wconf 88' lang='lat' dir='ltr'><strong>Poenis</strong></span> <span class='ocrx_word' id='word_1_254' title='bbox 1185 3764 1379 3814; x_wconf 86' lang='lat' dir='ltr'><strong>circumsessum</strong></span> <span class='ocrx_word' id='word_1_255' title='bbox 1409 3773 1496 3813; x_wconf 83' lang='lat' dir='ltr'><strong>temere</strong></span> 
     </span>
     <span class='ocr_line' id='line_1_35' title="bbox 442 3856 1494 3923; baseline -0.005 -15"><span class='ocrx_word' id='word_1_256' title='bbox 442 3861 583 3911; x_wconf 83' lang='lat' dir='ltr'><strong>exercitum</strong></span> <span class='ocrx_word' id='word_1_257' title='bbox 601 3861 723 3918; x_wconf 82' lang='lat' dir='ltr'><strong>duxisset,</strong></span> <span class='ocrx_word' id='word_1_258' title='bbox 740 3861 778 3910; x_wconf 85' lang='lat' dir='ltr'><strong>M.</strong></span> <span class='ocrx_word' id='word_1_259' title='bbox 797 3858 928 3923; x_wconf 83' lang='lat' dir='ltr'><strong>Calpurnii</strong></span> <span class='ocrx_word' id='word_1_260' title='bbox 947 3858 1042 3907; x_wconf 89' lang='lat' dir='ltr'><strong>tribuni</strong></span> <span class='ocrx_word' id='word_1_261' title='bbox 1053 3857 1162 3906; x_wconf 86' lang='lat' dir='ltr'><strong>militum</strong></span> <span class='ocrx_word' id='word_1_262' title='bbox 1178 3857 1271 3907; x_wconf 86' lang='lat' dir='ltr'><strong>virtute</strong></span> <span class='ocrx_word' id='word_1_263' title='bbox 1284 3864 1309 3906; x_wconf 89' lang='lat' dir='ltr'><strong>et</strong></span> <span class='ocrx_word' id='word_1_264' title='bbox 1321 3871 1400 3921; x_wconf 88' lang='lat' dir='ltr'><strong>opera</strong></span> <span class='ocrx_word' id='word_1_265' title='bbox 1412 3856 1494 3915; x_wconf 68' lang='lat' dir='ltr'><strong>evasit,</strong></span> 
     </span>
     <span class='ocr_line' id='line_1_36' title="bbox 441 3930 1493 4016; baseline -0.006 -15"><span class='ocrx_word' id='word_1_266' title='bbox 441 3952 487 4016; x_wconf 89' lang='lat' dir='ltr'><strong>qui</strong></span> <span class='ocrx_word' id='word_1_267' title='bbox 514 3968 571 4001; x_wconf 90' lang='lat' dir='ltr'><strong>cum</strong></span> <span class='ocrx_word' id='word_1_268' title='bbox 599 3950 667 4003; x_wconf 90' lang='grc'><strong>000</strong></span> <span class='ocrx_word' id='word_1_269' title='bbox 697 3952 821 4003; x_wconf 83' lang='lat' dir='ltr'><strong>militibus</strong></span> <span class='ocrx_word' id='word_1_270' title='bbox 848 3952 981 4016; x_wconf 86' lang='lat' dir='ltr'><strong>eruptione</strong></span> <span class='ocrx_word' id='word_1_271' title='bbox 1008 3950 1077 4002; x_wconf 85' lang='lat' dir='ltr'><strong>facta</strong></span> <span class='ocrx_word' id='word_1_272' title='bbox 1107 3950 1193 4000; x_wconf 89' lang='lat' dir='ltr'><strong>hostes</strong></span> <span class='ocrx_word' id='word_1_273' title='bbox 1221 3948 1250 3998; x_wconf 86' lang='lat' dir='ltr'><strong>in</strong></span> <span class='ocrx_word' id='word_1_274' title='bbox 1276 3962 1304 3998; x_wconf 87' lang='lat' dir='ltr'><strong>se</strong></span> <span class='ocrx_word' id='word_1_275' title='bbox 1332 3930 1493 3999; x_wconf 64' lang='lat' dir='ltr'><strong>converterat</strong></span> 
     </span>
     <span class='ocr_line' id='line_1_37' title="bbox 440 4041 1493 4107; baseline -0.006 -13"><span class='ocrx_word' id='word_1_276' title='bbox 440 4045 572 4099; x_wconf 73' lang='lat' dir='ltr'><strong>Hannibal</strong></span> <span class='ocrx_word' id='word_1_277' title='bbox 591 4046 644 4094; x_wconf 89' lang='lat' dir='ltr'><strong>dux</strong></span> <span class='ocrx_word' id='word_1_278' title='bbox 660 4044 808 4103; x_wconf 81' lang='lat' dir='ltr'><strong>Poeuorum,</strong></span> <span class='ocrx_word' id='word_1_279' title='bbox 830 4044 898 4093; x_wconf 87' lang='lat' dir='ltr'><strong>ricta</strong></span> <span class='ocrx_word' id='word_1_280' title='bbox 922 4044 1016 4103; x_wconf 88' lang='lat' dir='ltr'><strong>classe,</strong></span> <span class='ocrx_word' id='word_1_281' title='bbox 1043 4044 1083 4093; x_wconf 88' lang='lat' dir='ltr'><strong>cui</strong></span> <span class='ocrx_word' id='word_1_282' title='bbox 1102 4041 1250 4107; x_wconf 74' lang='lat' dir='ltr'><strong>prefuerat,</strong></span> <span class='ocrx_word' id='word_1_283' title='bbox 1276 4042 1431 4093; x_wconf 85' lang='lat' dir='ltr'><strong>amilitibus</strong></span> <span class='ocrx_word' id='word_1_284' title='bbox 1449 4041 1493 4091; x_wconf 87' lang='lat' dir='ltr'><strong>suis</strong></span> 
     </span>
     <span class='ocr_line' id='line_1_38' title="bbox 440 4134 1493 4200; baseline -0.005 -14"><span class='ocrx_word' id='word_1_285' title='bbox 440 4138 467 4186; x_wconf 90' lang='lat' dir='ltr'><strong>in</strong></span> <span class='ocrx_word' id='word_1_286' title='bbox 493 4152 593 4187; x_wconf 88' lang='lat' dir='ltr'><strong>crucem</strong></span> <span class='ocrx_word' id='word_1_287' title='bbox 619 4137 735 4188; x_wconf 86' lang='lat' dir='ltr'><strong>sublatus</strong></span> <span class='ocrx_word' id='word_1_288' title='bbox 758 4144 806 4186; x_wconf 89' lang='lat' dir='ltr'><strong>cst.</strong></span> <span class='ocrx_word' id='word_1_289' title='bbox 843 4137 939 4189; x_wconf 85' lang='lat' dir='ltr'><strong>Atilius</strong></span> <span class='ocrx_word' id='word_1_290' title='bbox 957 4137 1073 4200; x_wconf 85' lang='lat' dir='ltr'><strong>Regulus</strong></span> <span class='ocrx_word' id='word_1_291' title='bbox 1098 4135 1188 4186; x_wconf 89' lang='lat' dir='ltr'><strong>consul</strong></span> <span class='ocrx_word' id='word_1_292' title='bbox 1212 4134 1286 4185; x_wconf 84' lang='lat' dir='ltr'><strong>victis</strong></span> <span class='ocrx_word' id='word_1_293' title='bbox 1308 4136 1393 4185; x_wconf 85' lang='lat' dir='ltr'><strong>navali</strong></span> <span class='ocrx_word' id='word_1_294' title='bbox 1412 4134 1493 4199; x_wconf 88' lang='lat' dir='ltr'><strong>proelie</strong></span> 
     </span>
     <span class='ocr_line' id='line_1_39' title="bbox 440 4228 831 4279; baseline 0.008 -3"><span class='ocrx_word' id='word_1_295' title='bbox 440 4228 528 4278; x_wconf 78' lang='lat' dir='ltr'><strong>Ptenis</strong></span> <span class='ocrx_word' id='word_1_296' title='bbox 545 4229 573 4277; x_wconf 93' lang='lat' dir='ltr'><strong>iu</strong></span> <span class='ocrx_word' id='word_1_297' title='bbox 590 4229 705 4279; x_wconf 80' lang='lat' dir='ltr'><strong>Africam</strong></span> <span class='ocrx_word' id='word_1_298' title='bbox 725 4229 831 4279; x_wconf 87' lang='lat' dir='ltr'><strong>traiecit.</strong></span> 
     </span>
    </p>
   </div>
   <div class='ocr_carea' id='block_1_10' title="bbox 0 0 1742 5084">
    <p class='ocr_par' dir='ltr' id='par_1_10' title="bbox 0 0 1742 5084">
     <span class='ocr_line' id='line_1_40' title="bbox 0 0 1742 5084; baseline 0 3"><span class='ocrx_word' id='word_1_299' title='bbox 0 0 1742 5084; x_wconf 95' lang='lat' dir='ltr'><strong> </strong></span> 
     </span>
    </p>
   </div>
  </div>
 </body>
</html>
