3475 5084
472 499 532 556 tec
740 494 821 545 leer
834 492 935 545 xum.
973 492 1023 558 (Δ.
1041 508 1069 543 o.
1087 505 1108 543 s.
1128 494 1203 559 tet.)

429 680 550 756 pronius
570 680 734 751 locassent,
763 700 799 737 ea
817 690 887 737 rete
907 679 1015 737 locatio
1036 699 1073 737 ne
1095 686 1185 749 esset3
1217 680 1256 736 ab
1278 679 1392 754 integro
1414 678 1495 737 loca·

429 794 529 842 netur
557 795 587 842 et
611 794 643 843 nt
668 784 803 841 omnibns
829 783 991 841 redimendi
1012 794 1042 841 et
1062 784 1242 841 conducendi
1263 784 1429 859 promiscue
1449 784 1494 841 ius

387 888 514 947 desset.
556 890 643 947 Diem
668 890 706 946 ad
727 889 790 945 eius
812 890 880 961 lepis
899 889 1082 965 rogationem
1104 889 1226 947 concilio
1248 888 1496 963 tribunusplebis

430 993 513 1051 dlxit.
571 994 629 1068 Qui
658 1003 810 1069 postquam
835 994 933 1065 venit,
966 1004 998 1051 nt
1032 1012 1166 1053 censores
1194 994 1232 1051 ad
1267 992 1491 1051 dissuadendum

431 1108 651 1174 processerunt,
683 1098 822 1158 Graccho
849 1099 962 1156 dicente
989 1099 1133 1157 silentium
1164 1097 1229 1157 fuit.
1279 1096 1349 1155 cum
1370 1096 1493 1155 Claudio

389 1202 409 1258 9
432 1205 664 1279 obstreperetur,
694 1204 872 1261 audientiam
899 1204 997 1263 facere
1018 1222 1181 1281 preconem
1205 1202 1298 1261 iussit.
1346 1201 1497 1259 Eclecto

428 1317 584 1365 avocatam
612 1328 631 1365 a
658 1327 691 1366 se
719 1310 884 1366 contionem
913 1310 1055 1391 tribunus*
1068 1318 1186 1383 questus
1208 1317 1237 1365 et
1258 1307 1288 1365 in
1311 1308 1444 1365 ordinem
1465 1326 1496 1363 se

427 1425 572 1484 coactum,
594 1432 633 1471 ex
656 1411 814 1489 Capitolio,
836 1414 887 1471 ubi
908 1425 972 1472 erat
988 1414 1151 1485 concilium,
1173 1414 1253 1470 abiit
1300 1413 1429 1469 Postero
1451 1413 1498 1468 die

368 1520 405 1575 10
428 1516 560 1592 ingentes
589 1518 727 1575 tumultus
759 1518 844 1575 ciere.
893 1518 940 1576 Ti.
963 1518 1092 1579 Gracchi
1124 1518 1249 1593 primum
1281 1518 1361 1575 bona
1394 1534 1497 1575 conse-

428 1623 538 1694 cravit,
565 1623 645 1697 qnod
665 1623 696 1679 in
716 1623 809 1681 multa
830 1622 1059 1699 pignoribusque
1081 1623 1159 1691 eius,
1189 1624 1238 1695 qui
1266 1622 1416 1680 tribunum
1446 1642 1494 1697 ap·

429 1727 584 1802 pellasset,
611 1728 811 1786 intercessioni
833 1746 894 1785 non
916 1728 1048 1803 perendo
1074 1732 1106 1785 s'e
1134 1728 1165 1785 in
1187 1728 1317 1785 ordinem
1341 1727 1497 1802 coegisset.

369 1836 403 1891 11
429 1830 464 1890 O.
491 1830 615 1889 Claudio
637 1833 713 1890 diem
735 1833 826 1902 dixit,
858 1833 939 1906 qnod
965 1833 1129 1889 contionem
1151 1834 1189 1889 ab
1211 1850 1243 1889 se
1265 1843 1438 1903 avocasset,
1469 1844 1498 1889 et

428 1937 545 2010 utrique
566 1939 679 1995 censori
700 1939 926 2015 perduellionem
950 1957 983 1995 se
1002 1938 1132 1995 indicare
1154 1938 1370 2013 pronuntiavit,
1405 1940 1499 1995 dicm-

368 2045 406 2101 tt
430 2058 487 2114 que
507 2041 631 2099 comitiis
663 2063 682 2100 a
703 2043 736 2101 C.
759 2043 889 2118 Sulpicio
919 2053 1043 2118 praetore
1073 2044 1187 2099 urbano
1216 2044 1308 2117 petiit.
1354 2044 1428 2100 Non
1452 2063 1499 2100 re·

430 2147 597 2204 curantibus
619 2150 805 2218 censoribus,
836 2166 896 2223 quo
926 2147 1021 2205 minus
1042 2148 1138 2222 primo
1160 2165 1277 2221 quoque
1298 2157 1435 2223 tempore
1455 2148 1498 2203 in·

431 2250 538 2309 dicium
560 2253 596 2309 de
619 2272 652 2310 se
666 2253 792 2329 populus
812 2232 985 2323 faceretin
1007 2253 1172 2310 antediem
1194 2262 1331 2309 octavum
1355 2262 1385 2309 et
1406 2252 1500 2327 septi-

428 2374 508 2413 mum
542 2358 694 2415 Kalendas
727 2356 872 2415 Octobres
907 2357 1031 2414 comitiis
1067 2356 1271 2433 perduellionis
1313 2356 1393 2413 dicta
1428 2357 1499 2413 dies.

372 2467 408 2521 13
432 2458 577 2519 Censores
598 2463 745 2538 extemplo
772 2462 803 2519 in
830 2462 937 2519 atrium
959 2462 1117 2519 Libertatis
1143 2462 1333 2519 escenderunt
1364 2472 1412 2530 et,
1445 2463 1496 2517 ob·

429 2565 552 2640 signatis
573 2568 687 2625 tabellis
708 2568 832 2643 publicis
854 2567 1014 2639 clausoque
1033 2567 1178 2624 tabulario
1207 2576 1237 2623 et
1257 2565 1385 2631 dimissis
1406 2567 1500 2623 servis

430 2668 564 2745 publicis,
583 2680 737 2745 negarunt,
757 2688 790 2727 se
810 2672 891 2746 prins
914 2671 1072 2745 quidquam
1094 2671 1201 2746 publici
1223 2670 1332 2743 negotii
1353 2682 1498 2745 gesturos,

373 2777 408 2831 ll
434 2792 522 2848 quam
550 2773 687 2833 iudicium
714 2776 815 2851 populi
844 2777 881 2833 do
909 2794 941 2832 se
969 2775 1079 2834 factum
1102 2785 1186 2833 esset.
1247 2775 1335 2832 Prior
1357 2773 1500 2833 Claudius

355 2914 360 2921 ·
431 2895 550 2962 causam
573 2878 663 2949 dixit,
685 2888 728 2950 et,
749 2898 815 2937 cum
838 2899 876 2937 ex
896 2882 963 2939 XII
984 2881 1120 2939 centuriis
1143 2880 1270 2953 equitnm
1293 2878 1375 2937 VIII
1397 2897 1498 2937 censo·

429 3000 492 3039 rem
520 2983 763 3041 condemnassent
788 2985 945 3059 multaeque
972 2985 1037 3042 alite
1076 2984 1176 3059 prima
1202 2982 1320 3053 classis,
1349 2984 1499 3059 extemplo

432 3087 578 3163 principes
599 3089 725 3149 ciuitatis
746 3089 777 3148 in
801 3098 957 3165 conspectu
980 3089 1096 3165 populi,
1134 3089 1228 3146 anulis
1258 3088 1355 3145 aureis
1385 3089 1498 3163 positis,

371 3196 407 3249 15
430 3205 541 3250 vestem
564 3204 726 3268 mutarunt,
748 3206 781 3252 nt
802 3195 947 3271 supplices
977 3194 1091 3270 plebem
1122 3194 1313 3251 circumirent.
1365 3194 1501 3251 Maxime

430 3306 530 3355 tamen
550 3300 724 3357 sententiam
752 3300 875 3357 vertisse
901 3299 1007 3357 dicitur
1028 3299 1076 3355 Ti.
1101 3296 1268 3368 Gracchus,
1301 3298 1399 3371 quod,
1432 3317 1499 3355 cum

430 3402 543 3459 clamor
576 3404 704 3477 undique
735 3404 828 3480 plebis
861 3414 955 3475 esset,
990 3401 1149 3479 periculum
1175 3400 1312 3459 Graccho
1342 3420 1500 3472 noneste,

430 3639 447 3683 8
466 3636 502 3683 ad
519 3634 620 3695 integro
632 3633 734 3700 Kreyss.
753 3631 847 3699 (crya
866 3635 899 3683 de
916 3632 1030 3695 integro]
1065 3632 1091 3693 8,
1112 3638 1123 3681 l
1143 3633 1176 3680 ad
1194 3632 1248 3681 eius
1266 3633 1428 3695 rogationem
1440 3631 1500 3697 My.

427 3719 598 3786 postlt'repss.
635 3728 696 3785 tq.
715 3729 775 3785 post
792 3721 863 3769 uenit
898 3720 1042 3768 edicendo
1057 3718 1062 3782 Ι
1077 3718 1127 3767 luit
1151 3717 1252 3767 claudio
1288 3718 1313 3775 9,
1333 3724 1348 3767 2
1368 3712 1497 3779 auocatol

431 3815 544 3869 quastus
580 3808 671 3857 tabit
694 3808 841 3869 lingentis
870 3805 913 3866 10,
936 3811 946 3853 1
969 3805 1013 3854 tib.
1029 3804 1115 3869 graeci
1143 3803 1220 3866 aqui
1240 3805 1335 3856 tribuni
1354 3804 1398 3867 qni
1416 3804 1497 3851 tribu·

434 3892 514 3961 nohm
533 3911 706 3975 appellassent
740 3910 784 3970 11,
804 3916 986 3960 truncassent
1012 3908 1174 3969 tussimque
1211 3906 1309 3971 cpctit
1345 3906 1389 3965 12,
1408 3913 1423 3954 2
1445 3889 1500 3969 quii·

432 3998 516 4047 minus
537 3996 612 4048 Grec.
632 3998 714 4057 casim
732 4013 756 4046 v.
774 3995 831 4045 En.
850 3993 916 4045 556.
953 3995 1015 4057 cin
1032 4003 1093 4043 ante
1112 3993 1152 4041 die
1172 4006 1234 4041 mu·
1254 4001 1280 4041 ct
1299 4005 1353 4043 uu·
1372 3993 1424 4041 kal.
1445 4002 1500 4043 oct,

430 4084 532 4135 comitis
544 4083 653 4149 ‚Kreysa
673 4082 763 4149 (Grpe.
788 4084 816 4130 in
833 4089 894 4130 ante
912 4080 981 4143 dies)
1018 4079 1059 4140 13,
1082 4085 1091 4129 l
1113 4079 1385 4127 libertatescenderunt
1393 4076 1499 4143 Kreyn.

430 4170 526 4237 (Gryno.
541 4170 693 4225 ,Libertatis
720 4168 788 4230 ase.)
813 4169 818 4230 Ι
842 4176 868 4215 et
894 4166 932 4215 ihi
958 4167 1065 4231 signatis
1092 4164 1147 4229 Mq.
1166 4164 1222 4215 Em.
1243 4164 1296 4215 555
1345 4162 1500 4213 Μαι-τως

432 4274 530 4323 tabnlIa
548 4270 599 4325 tbd.
634 4277 718 4321 lesse
754 4269 797 4331 14,
816 4251 998 4319 tcondsorem
1035 4270 1180 4333 teuplicea
1223 4266 1503 4329 introgressus
