3475 5084
505 498 584 549 mser
600 498 697 550 xniv.
734 500 782 565 (A.
802 499 864 551 cnr.
886 501 958 562 168.)
1172 510 1228 563 175

221 682 355 761 Olympio,
378 684 492 759 qui-ius
504 684 657 743 iurandum
679 704 698 743 a
713 687 823 744 Perseo
834 686 1009 760 obsidesque
1025 686 1163 761 exigeret.
1196 686 1270 745 Cum
1294 690 1311 743 4

220 790 308 845 eodem
331 789 369 846 ed
390 790 541 865 pecuniam
565 790 762 867 accipiendum
786 792 866 849 missi
891 801 968 861 sunt,
990 801 1028 860 et,
1052 803 1170 863 auctore
1191 793 1271 851 Pen-

219 896 321 964 taucho‚
344 895 393 969 qui
415 895 551 953 Rhodum
573 895 662 971 legati
683 914 748 954 cum
772 896 983 954 Macedonibus
1005 895 1089 963 irent,
1112 896 1271 955 Parmenio

219 1008 240 1055 et
253 1000 368 1056 Morcus
390 999 580 1058 destinantur.
613 1002 725 1074 Quibus
747 1003 788 1059 ita
811 1001 990 1069 utendatum
1012 1012 1052 1070 ut,
1073 1000 1311 1059 iureiurandob
1355 1072 1358 1083 Χ
1409 1030 1415 1038 ·

218 1103 412 1177 obsidibusque
436 1115 465 1162 et
495 1106 619 1180 pecunia
640 1117 771 1183 accepta,
807 1117 868 1164 tum
899 1106 1014 1163 demum
1037 1106 1172 1164 Rhodum
1201 1124 1271 1181 pro·

217 1208 410 1265 miscerentur.
466 1209 599 1267 Duorum
627 1212 728 1268 simul»
742 1230 843 1287 regum
864 1210 982 1267 nomine
1005 1210 1118 1270 incitari
1139 1212 1272 1269 Rhodios

218 1314 247 1369 ad
277 1314 383 1371 bellum
418 1316 582 1373 Romanum
613 1334 711 1392 posse.
771 1317 950 1375 Adiunctum
986 1315 1151 1385 civitatem,
1181 1317 1312 1392 penesii

217 1438 292 1492 quern
314 1438 403 1477 uuam
427 1428 486 1475 tum
510 1420 552 1476 rei
573 1422 687 1477 navalis
708 1421 803 1498 gloria
824 1430 916 1490 esset,
948 1439 1001 1477 uec
1022 1431 1101 1487 terre
1122 1439 1175 1477 neo
1197 1420 1272 1477 mari

216 1541 284 1597 spem
305 1524 472 1581 relicturam
495 1527 646 1583 Romanis.
680 1526 871 1583 Venientibus
893 1526 1058 1603 lllyriorum
1084 1526 1181 1598 leyolis
1198 1527 1270 1583 Per·
1295 1529 1310 1583 7

217 1646 286 1696 sens,
307 1630 345 1685 eb
369 1629 464 1703 Elpeo
487 1629 564 1686 omni
587 1649 623 1687 ex
646 1630 749 1687 cestris
771 1649 836 1687 cum
860 1632 938 1689 omui
961 1632 1090 1707 equitatu
1114 1630 1271 1706 proiectus,

217 1733 246 1788 ad
267 1734 354 1791 Dium
379 1734 513 1793 occtirrit.
560 1735 605 1793 Ibi
628 1754 678 1804 ee,
697 1754 762 1811 quae
785 1749 995 1807 couvenerant,
1017 1734 1191 1794 circumfuso
1215 1753 1270 1811 ag·
1293 1738 1310 1795 8

217 1838 282 1894 mine
303 1838 434 1913 equitum
456 1838 552 1910 iactu,
583 1858 656 1915 quos
687 1840 789 1899 edesse
811 1841 914 1899 foederi
935 1843 1053 1901 sancitae
1075 1860 1138 1898 cum
1162 1840 1270 1900 Gentio
1310 1910 1312 1917 Α

217 1942 352 2000 societatis
376 1944 494 2001 volebat
515 1963 587 2015 rex,
619 1944 798 2018 aliquantum
832 1965 896 2004 eam
919 1966 980 2005 rem
1003 1958 1083 2006 retus
1109 1945 1270 2003 animorum

217 2047 244 2103 iis
263 2050 453 2106 adiecturum.
501 2050 541 2106 Et
562 2049 677 2105 obsides
698 2050 728 2106 in
758 2063 912 2127 conspectu
935 2053 1062 2109 omnium
1085 2052 1146 2111 deti
1167 2071 1271 2127 eccep-
1294 2053 1312 2111 9

217 2153 298 2227 tique,
324 2164 375 2225 et,
403 2152 516 2210 Pellem
539 2154 576 2210 ad
599 2156 752 2212 thesauros
773 2157 870 2231 regios
896 2158 1010 2227 missis,
1048 2158 1096 2233 qui
1118 2157 1270 2233 pecuniam

217 2258 389 2333 acciperent,
420 2258 469 2332 qui
492 2259 627 2316 Rhodum
649 2259 724 2317 irent
746 2280 811 2317 cum
834 2261 941 2337 Illyriis
962 2261 1081 2337 legatis,
1112 2261 1271 2319 Thessalo·

218 2363 277 2419 nice
299 2363 497 2421 conscendere
517 2363 596 2421 iussi.
643 2365 689 2423 Ibi
714 2367 898 2423 Metrodorus
921 2374 999 2437 eret,
1032 2366 1080 2441 qui
1109 2384 1202 2441 nuper
1233 2366 1271 2422 ab
1298 2370 1333 2425 10

217 2466 310 2523 Rhodo
331 2481 463 2539 venerut,
486 2469 712 2543 auctoribusque
733 2470 850 2528 Dinone
875 2482 903 2526 et
924 2470 1103 2545 Polyarato,
1136 2469 1272 2547 principi·

217 2570 261 2627 bus
281 2573 410 2631 civitatis
435 2573 506 2640 eius,
528 2573 712 2642 adfirmabat,
734 2575 865 2634 Rhodios
885 2585 1006 2651 paratos
1028 2576 1065 2632 ad
1078 2566 1190 2633 bellum
1199 2592 1271 2632 esse.

216 2674 241 2730 ls
259 2678 394 2753 princeps
415 2676 519 2734 iunctae
540 2696 604 2735 cum
628 2678 735 2754 Illyriis
756 2679 909 2755 legationis
932 2680 1017 2745 datus
1039 2692 1091 2739 est.

289 2783 402 2840 Eodem
425 2782 616 2858 temporetad
637 2784 787 2843 Eumenen
811 2796 840 2843 et
858 2786 897 2842 ad
908 2785 1085 2845 Antiochum
1108 2782 1273 2841 communio
1315 2772 1357 2843 24

216 2888 354 2958 mandatu,
393 2906 458 2962 quae
479 2889 611 2947 subicere
632 2891 764 2947 condicio
787 2910 883 2948 rerum
905 2901 1037 2967 poterat:
1079 2890 1196 2949 Natura
1220 2886 1314 2946 ini-2

218 2991 282 3047 uice
301 2993 380 3049 inter
400 3010 433 3049 se
455 3012 519 3051 esse
538 2995 659 3052 liberam
682 2994 829 3053 civitatem
852 3005 881 3054 et
901 3015 1008 3073 regem.
1062 2994 1198 3071 Singulos
1220 3012 1272 3069 po·

217 3285 238 3342 4,
258 3293 267 3337 l
287 3295 341 3338 tum
361 3289 452 3337 eodem
466 3285 518 3351 (De
532 3286 603 3336 missi
622 3290 683 3335 sunt
701 3284 746 3348 cfr.
765 3283 821 3334 Em.
841 3283 915 3347 341.)
943 3290 957 3333 2
976 3284 1122 3349 penthauco
1148 3290 1164 3333 3
1183 3285 1273 3332 rodum

218 3392 388 3442 tdestinatnr
409 3390 484 3442 Grou.
530 3390 556 3448 5,
577 3397 591 3439 2
610 3370 829 3454 profiscisceretur
870 3386 896 3447 6,
917 3394 932 3436 2
952 3402 1010 3437 esse
1046 3385 1070 3447 7,
1092 3392 1103 3436 l
1124 3387 1274 3451 inlyriorum

217 3489 313 3538 perseus
337 3478 393 3543 My.
416 3478 473 3529 Em.
492 3476 550 3527 672
568 3475 662 3541 (Gsyu.
682 3475 775 3539 illyriis
793 3474 915 3535 Perseus)
952 3480 967 3523 2
987 3474 1086 3536 euipeio
1105 3472 1160 3537 My.
1182 3474 1273 3540 (thn.

217 3562 320 3630 Enipeo)
336 3569 342 3630 Ι
359 3581 417 3614 cuns
435 3564 505 3612 amni
522 3580 599 3627 supro
615 3563 704 3627 scripto
723 3578 739 3612 o
773 3562 798 3617 8,
821 3566 832 3609 l
852 3570 1030 3610 conuenerunt
1044 3559 1130 3620 Gran,
1151 3560 1206 3610 Em.
1217 3560 1275 3611 572

219 3667 335 3718 tioderi
360 3669 448 3718 sancio
491 3668 549 3718 tis
594 3668 625 3723 9,
647 3672 658 3715 l
679 3667 828 3732 acceptique
846 3664 950 3729 expelle
991 3671 1005 3713 2
1025 3673 1158 3713 tensauros
1203 3670 1218 3713 3
1238 3665 1276 3713 in-

218 3751 272 3814 lyris
286 3757 291 3815 Ι
307 3755 467 3805 tessalonicas
507 3754 632 3803 tinniet
658 3754 820 3803 metrodorus
862 3752 910 3811 10,
930 3757 945 3799 2
965 3751 1042 3801 dione
1063 3750 1138 3801 Grou.
1158 3768 1170 3799 e
1188 3750 1273 3817 Polyb.

218 3839 368 3903 conpluribus
385 3841 460 3901 loct'a3
477 3842 524 3906 csr.
546 3840 603 3890 Lio.
624 3857 644 3890 c.
665 3838 710 3899 29,
737 3838 767 3901 7,·
791 3837 884 3897 XLV,
910 3838 955 3895 22,
975 3836 1155 3901 dipoliereto
1198 3844 1275 3887 aro·

219 3922 368 3990 dioslesset
386 3930 417 3979 iis
434 3929 552 3993 princeps
574 3937 720 3977 tunctecum
745 3926 844 3990 iulyu'is
880 3926 986 3984 xxiv,
1012 3924 1043 3984 1,
1065 3930 1075 3974 l
1100 3922 1175 3990 Grpe.
1196 3933 1222 3973 et
1242 3924 1275 3974 ad

219 4010 287 4063 Eum.
298 4015 432 4077 (asisii.)
447 4020 452 4074 Ι
468 4015 615 4064 anthiocum
646 4020 661 4063 2
681 4011 713 4063 st
730 4012 789 4062 uitii
805 4010 889 4071 uliud,
916 4010 1006 4061 eccidit
1030 4013 1125 4061 verbum
1143 4004 1277 4074 (mandato

220 4098 293 4160 deta).
337 4099 391 4150 Sed
404 4118 503 4162 ,vereor,
527 4117 555 4149 ue
574 4100 661 4150 Liuius
683 4098 774 4165 lepatos
797 4100 880 4149 missos
905 4098 992 4149 doerit
1013 4108 1036 4149 et
1054 4108 1143 4164 proeter
1159 4106 1277 4163 separato

219 4181 327 4235 mandatu
346 4187 479 4236 commanis
501 4184 612 4251 quoidam
638 4186 706 4236 datu.
760 4185 820 4243 Quo
844 4203 861 4235 u
886 4186 938 4250 §2
961 4185 998 4235 ad
1018 4184 1035 4235 6
1052 4194 1212 4251 exponuntur,
1241 4181 1278 4235 od

220 4267 350 4321 Antiochum
358 4273 456 4337 proprie
472 4272 596 4337 pertinere,
616 4270 735 4322 ostendere
753 4271 864 4322 videntur
883 4282 987 4323 ostreum
1005 4274 1085 4323 verbo.
1122 4272 1173 4331 2,2
1193 4273 1275 4322 libera
