3475 5084
461 574 499 628 36
887 568 1016 619 Periocha

419 766 541 816 intulerat
557 767 595 815 vlr
610 767 721 830 optimus
735 781 752 814 a
763 774 852 815 senata
871 766 1004 825 indicatus,
1020 768 1153 825 dedicavit,
1172 768 1290 830 idemque
1300 766 1377 815 Boios
1388 764 1465 815 Gallos

419 861 500 909 victos
526 861 554 908 in
580 859 735 909 deditionem
755 859 855 922 accepit
881 867 906 909 et
930 862 961 908 de
979 860 1008 908 iis
1027 859 1195 923 triumphavit.
1230 857 1357 907 Praeterea
1375 858 1466 907 navalia

421 954 561 1002 certamine
579 967 702 1018 prospera
720 952 841 1001 adversus
859 950 993 1014 prefectos
1014 951 1134 1001 Antiochi
1155 952 1222 1013 regis
1241 950 1390 1001 referuntur.

798 1112 847 1161 EX
865 1113 933 1162 LIB.
953 1113 1091 1166 XXXVII.

487 1228 671 1281 neomenia
695 1228 781 1293 Scipio
814 1244 866 1278 cos.
899 1229 984 1291 legato
1009 1228 1127 1292 Scipione
1152 1226 1275 1276 Africano
1307 1226 1384 1275 fratre
1419 1225 1467 1288 (qni

417 1340 443 1375 se
460 1325 572 1385 legatum
592 1321 675 1371 tranis
693 1319 804 1370 futurum
824 1323 929 1381 dixerat,
949 1322 969 1371 si
985 1323 1008 1369 ei
1024 1320 1124 1371 Gracia
1140 1320 1273 1384 provincia
1293 1320 1469 1376 decerneretur,

417 1429 493 1479 quum
520 1397 659 1471 estatio,
691 1415 732 1477 qui
762 1414 869 1462 multum
895 1415 921 1462 in
948 1423 1038 1464 senatu
1061 1420 1174 1478 poterat,
1209 1426 1239 1460 ea
1266 1411 1399 1475 provincie
1422 1409 1469 1457 dari

415 1506 555 1567 videretur)
577 1504 705 1568 proiectus
731 1507 762 1553 ad
788 1507 883 1555 bellurn
907 1509 1026 1557 adversus
1048 1506 1203 1555 Antiochum
1223 1518 1308 1566 regem
1332 1504 1470 1566 gerendum,

416 1601 512 1663 primus
539 1599 651 1646 omnium
678 1599 850 1648 Romanorum
876 1602 968 1649 ducum
995 1602 1021 1649 in
1049 1602 1138 1649 Asiam
1163 1598 1270 1647 traiecit
1309 1596 1343 1646 L.
1363 1596 1470 1658 Regillus

419 1692 538 1740 adversus
564 1690 660 1751 regiam
686 1692 793 1740 classem
818 1693 939 1741 Antiochi
968 1693 1075 1743 feliciter
1100 1690 1223 1755 pugnavit
1248 1691 1279 1737 ad
1305 1689 1470 1752 Myonnesum

416 1784 524 1833 Rhodiis
543 1784 695 1833 iuvantibus·
733 1784 813 1832 Filius
833 1785 950 1834 Africani
971 1796 1060 1850 captus
1080 1786 1111 1833 ab
1126 1783 1253 1832 Antiocho
1271 1783 1338 1845 patri
1358 1782 1470 1830 remissus

416 1885 462 1926 est.
500 1876 577 1924 Victo
597 1876 688 1924 deinde
702 1877 829 1927 Antiocho
848 1879 881 1925 ab
894 1879 922 1929 L.
937 1877 1057 1928 Cornelio
1068 1878 1188 1941 Scipione
1207 1877 1343 1924 adiuvante
1355 1876 1470 1929 Eumene,

416 1984 477 2031 rege
496 1969 629 2029 Pergami,
658 1968 741 2017 Attali
761 1969 827 2027 filio,
853 1986 905 2035 pax
923 1972 982 2019 data
1006 1980 1045 2019 cet
1067 1985 1098 2018 ea
1120 1969 1282 2026 condicione,
1310 1975 1340 2015 ut
1361 1967 1471 2015 omnibus

417 2060 551 2125 provinciis
575 2061 638 2107 citra
663 2061 774 2109 Taurum
798 2073 909 2112 montem
937 2065 1045 2112 cederet.
1091 2064 1120 2111 L.
1145 2061 1280 2111 Cornelius
1303 2059 1408 2123 Scipio,
1433 2060 1469 2121 qui

414 2170 472 2202 cnm
500 2153 631 2202 Antiocho
659 2148 843 2213 debellaverat,
883 2157 1033 2217 cognomine
1064 2155 1136 2204 lratri
1166 2162 1314 2217 exaeqaatus
1349 2153 1470 2202 Asiaticus

415 2244 566 2307 appelletur,
602 2244 732 2307 Eumenis,
759 2262 810 2309 quo
828 2249 928 2297 iuvante
948 2249 1092 2298 Antiochus
1111 2248 1192 2295 victus
1210 2254 1272 2305 erat,
1298 2260 1408 2307 regnum
1424 2261 1470 2293 am·

413 2338 530 2401 pliatum.
566 2337 673 2386 Rhodiis
691 2353 800 2401 quoque,
827 2342 869 2403 qui
890 2349 916 2389 et
934 2342 982 2405 ipsi
1002 2343 1123 2398 iuverant,
1146 2340 1262 2403 quadam
1281 2339 1399 2387 civitates
1417 2352 1471 2385 ecn-

414 2444 501 2479 cessoe.
543 2429 653 2479 Colonia
672 2432 782 2479 deducta
797 2438 835 2481 est
846 2433 973 2481 Bononia.
1006 2434 1125 2483 AEmilius
1136 2433 1261 2495 Regillus,
1281 2432 1325 2494 qui
1341 2429 1471 2494 prefectos

413 2523 537 2572 Antiochi
553 2523 638 2571 navali
651 2525 741 2587 proelio
752 2526 888 2585 devicerat,
907 2525 1025 2575 navalem
1041 2527 1194 2590 triumphum
1206 2527 1287 2574 duxit.
1320 2523 1365 2571 Μ’.
1377 2522 1470 2572 Acilius
1549 2592 1550 2599 ἵ

416 2615 523 2665 Glabrio
542 2617 573 2663 de
586 2615 725 2675 Antiocho,
745 2632 822 2680 quern
838 2617 937 2667 Graecia
956 2620 1095 2681 expulerat,
1113 2627 1137 2666 et
1152 2620 1183 2666 de
1193 2617 1288 2666 AEtolis
1303 2613 1472 2679 triumphavit.

790 2778 838 2826 EX
858 2779 924 2828 LIB.
944 2779 1096 2830 XXXVIII.

486 2891 522 2942 M.
540 2893 647 2941 Fulvius
673 2908 725 2942 eos.
752 2895 779 2941 in
801 2894 880 2958 Epiro
899 2896 1095 2944 Ambracienses
1120 2895 1240 2943 obsessos
1265 2894 1290 2940 in
1318 2892 1472 2940 deditionem

413 2988 525 3048 accepit,
551 2985 740 3049 Cephalleniam
767 2988 880 3050 subegit,
912 2988 1008 3037 AEtolis
1031 2988 1179 3051 perdomitis
1205 3000 1293 3051 pacem
1315 2985 1393 3032 dedit.
1429 2980 1472 3029 Cn.

411 3078 524 3127 Manlius
549 3094 609 3137 cos,
633 3078 734 3140 collega
757 3080 820 3135 eius,
841 3077 1023 3143 Gallograecoe,
1051 3079 1251 3141 Tolostobogics
1271 3086 1294 3125 et
1315 3076 1472 3136 Tectosagos
1547 3136 1548 3141 ¹

412 3178 439 3220 ct
458 3173 594 3227 Trocmos,
621 3172 664 3231 qui
683 3162 786 3220 Bhenno
810 3173 873 3220 duce
898 3175 922 3221 in
944 3174 1035 3221 Asiam
1055 3174 1221 3229 transierant,
1247 3186 1324 3233 quum
1345 3170 1394 3219 soli
1414 3169 1472 3216 citra

413 3264 524 3312 Taurum
551 3270 664 3311 montem
688 3279 739 3311 non
761 3274 886 3328 parerent,
916 3266 981 3315 vicit.
1019 3264 1114 3314 Eorum
1142 3266 1213 3327 origo
1240 3273 1265 3311 et
1291 3264 1423 3324 quomodo
1445 3274 1471 3306 ea

410 3354 475 3412 loca,
499 3368 555 3416 quae
574 3363 667 3414 tenent,
688 3358 874 3419 occupaverint,
894 3357 1044 3407 referuntur.
1082 3358 1235 3420 Exemplum
1254 3371 1357 3420 quoque
1376 3354 1470 3404 virtutis
1546 3400 1547 3405 ,

410 3456 435 3494 et
453 3447 582 3510 pudicitiae
601 3448 626 3494 in
646 3446 742 3495 lamina
760 3450 880 3507 traditur,
909 3464 965 3511 quse
985 3465 1062 3512 quum
1082 3451 1149 3512 regis
1168 3449 1389 3511 Gallograecorum
1408 3462 1471 3495 uxor

409 3538 504 3595 fuisset,
531 3548 605 3603 capta
630 3540 815 3610 centurionem,
841 3544 884 3605 qui
903 3544 924 3591 ei
943 3545 995 3592 vim
1014 3543 1149 3605 intulerat,
1175 3540 1275 3590 occidit.
1315 3541 1470 3589 Lustruma

363 3635 370 3642 '
410 3632 557 3680 censoribus
581 3634 708 3681 eonditum
734 3642 783 3693 est3
810 3650 888 3682 censa
910 3643 968 3683 sunt
992 3637 1081 3685 civium
1108 3617 1355 3699 capita'c‘ch—vffi
1366 3630 1467 3682 CCCX-

410 3721 474 3772 Oura
496 3724 631 3773 Ariarathe
652 3725 819 3789 Cappadociae
847 3742 907 3789 rege
935 3730 1047 3778 amicitia
1074 3731 1161 3777 iuncta
1186 3736 1231 3775 est.
1277 3726 1466 3783 cattaneus,

409 3817 640 3866 contradicentibus
660 3818 685 3865 X
704 3820 809 3880 legetis,
834 3834 867 3867 ex
891 3836 998 3883 quorum
1023 3823 1129 3871 consilio
1155 3820 1237 3871 soedus
1262 3836 1319 3868 cum
1339 3821 1468 3869 Antiocho

408 3908 599 3971 conscripserat,
618 3909 831 3969 deGallogroecis,
850 3921 907 3960 acta
925 3928 971 3976 pro
990 3928 1017 3963 se
1033 3929 1111 3962 causa
1130 3915 1156 3961 in
1176 3922 1275 3972 senatu,
1295 3914 1467 3978 triumphavit.
1544 3916 1545 3959 l

408 4000 494 4064 Scipio
514 3999 659 4059 Africanus,
679 4004 718 4050 dic
738 4004 760 4049 ei
781 4004 856 4060 dicta,
877 4013 904 4051 ut
922 4006 1025 4067 quidam
1048 4008 1157 4064 tradunt,
1177 4021 1192 4054 a
1212 4003 1242 4064 Q.
1261 4005 1358 4054 Petilio
1379 4015 1409 4055 tr.
1424 4006 1465 4068 pl,

405 4100 434 4141 ut
451 4093 563 4156 quidam,
583 4092 703 4153 aNaevio,
723 4097 791 4155 quod
806 4097 891 4158 praeda
906 4098 1077 4146 exAntiocho
1094 4106 1168 4161 capta
1180 4098 1296 4146 ararium
1314 4097 1465 4147 fraudasset.

406 4191 572 4247 posteaquam
588 4186 610 4233 is
623 4186 676 4234 dies
683 4187 759 4244 venit,
779 4197 897 4237 evocatus
913 4190 937 4236 in
953 4200 1041 4248 rostra,
1062 4190 1134 4251 „Hac
1147 4191 1202 4238 die’'
1223 4192 1311 4255 inquit,
1331 4190 1464 4253 „Quirites

407 4272 587 4336 Carthaginem
607 4276 681 4334 vici”,
712 4286 737 4325 ct
755 4288 923 4341 prosequente
951 4282 1046 4345 populo
1065 4281 1219 4345 Capitolium
1238 4272 1358 4332 escendit.
1395 4284 1463 4343 Inde,

406 4379 439 4413 ne
450 4367 557 4436 amplius
570 4368 712 4417 tribuniciis
721 4370 818 4419 iniuriis
834 4381 977 4433 vexaretur,
992 4374 1201 4426 involuntarium
1212 4376 1330 4426 exsilium
1343 4376 1461 4425 Liternum
