3475 5084
749 595 841 638 xxm

193 847 196 852 Ι
263 781 351 854 qalha
384 776 516 835 effectum
552 786 662 834 auctore
695 786 789 834 suunt
815 779 861 835 ulo
886 777 978 850 quibo.
1033 777 1133 850 Atque
1165 794 1202 832 ex
1225 773 1324 832 eodem

264 881 373 938 genere
400 870 443 918 est
473 859 545 917 illud
573 860 603 916 in
629 879 653 917 c.
678 862 734 932 39,
762 864 796 917 15
830 879 866 918 ex
894 859 1015 916 lto-die
1035 870 1133 915 natum
1156 859 1205 916 boc
1228 857 1324 915 dicere.

264 945 432 1019 Scripserat
466 942 554 1018 igitur
586 943 702 1001 Livius:
737 945 766 1000 in
795 943 948 1000 Favonium
984 942 1154 1016 insulamque
1186 941 1327 1012 Euboan,

265 1040 370 1102 estque
398 1027 428 1084 id
457 1027 495 1083 ad
523 1045 584 1082 rem
613 1026 803 1101 aptissimum.
861 1029 892 1100 (ξ
915 1030 930 1082 7
955 1026 991 1082 de
1011 1025 1110 1082 ritibus
1136 1044 1195 1081 nou
1216 1024 1327 1100 agitur;

267 1111 401 1169 subsitne
422 1109 510 1180 alind,
533 1118 621 1184 atquc
643 1110 736 1184 posui,
757 1129 845 1167 mores
866 1127 939 1180 euos,
961 1108 1081 1182 nescio.)

353 1192 414 1251 Cur
434 1212 459 1250 c.
483 1196 531 1259 36,
558 1197 568 1248 i
594 1192 785 1270 suspicionem
817 1192 979 1268 posuerim,
1011 1199 1091 1266 patet
1120 1209 1157 1246 ex
1170 1191 1279 1265 ferrent
1298 1190 1327 1247 in

266 1277 369 1335 codice
406 1276 514 1350 scripto
548 1285 577 1331 et
604 1276 757 1333 coniuncta
785 1295 837 1352 per
865 1287 956 1332 totam
984 1267 1178 1331 uenationem
1201 1272 1327 1330 omnium

265 1361 450 1418 tribunorum
470 1359 622 1415 mentione.
667 1357 701 1416 C.
726 1363 774 1428 37,
794 1364 811 1416 6
834 1359 913 1434 quod
936 1359 1038 1416 obicere
1059 1375 1112 1431 pro
1134 1355 1222 1413 dicere
1242 1355 1328 1413 scribi

267 1444 368 1511 malui,
389 1461 448 1498 nou
469 1461 548 1498 eram
571 1442 695 1511 oblitus,
728 1442 807 1518 apud
828 1441 964 1500 Ovidium
995 1440 1051 1516 lagi
1072 1439 1206 1515 molium
1227 1439 1329 1510 dicem

270 1526 371 1583 sedin
398 1542 487 1600 prosa
507 1523 639 1582 oratione
665 1525 696 1581 id
716 1525 881 1582 inusitatum
905 1524 1019 1600 putavi,
1047 1523 1181 1580 adiuncto
1210 1540 1329 1601 praeser-

269 1609 320 1667 tim
344 1610 465 1666 criminis
485 1607 610 1665 nomine.
655 1607 689 1666 C.
714 1611 762 1678 38,
786 1613 802 1665 7
826 1626 945 1685 prorsus
965 1625 1023 1665 non
1043 1606 1188 1680 intelligo,
1210 1606 1280 1680 quid
1301 1604 1329 1662 in

266 1691 405 1750 Africani
426 1690 559 1765 exemplo
581 1681 645 1747 curu
671 1690 786 1749 Camilli
808 1691 1007 1765 coniungendo
1037 1700 1106 1764 agat
1127 1692 1250 1764 insupcr3
1279 1707 1328 1745 ne·

268 1794 328 1849 que
350 1775 425 1831 enim
450 1793 486 1830 ea
511 1774 639 1831 accessio
661 1774 759 1849 alique
791 1775 917 1831 eiusdem
948 1772 1069 1832 actionis
1094 1771 1163 1842 fuit;
1197 1775 1330 1828 maiorum

267 1866 391 1934 peccato
412 1869 491 1914 rocta
512 1857 686 1914 contrarium
709 1857 826 1933 ponitur
845 1876 932 1933 nuper
952 1878 971 1914 a
993 1857 1076 1914 vobis.
1084 1850 1108 1928 ¹)

355 1939 428 2015 Cap.
452 1944 501 2010 41,
528 1943 561 1996 12
591 1941 750 1998 rectissime
772 1941 865 1998 codex
886 1942 992 1998 Paulus
1019 1941 1048 1997 in
1068 1939 1147 1996 ὀοηιο
1163 1947 1269 2014 praui·
1288 1956 1329 1995 me

267 2023 349 2100 (cod.
371 2024 434 2098 scd)
456 2042 532 2079 nano
553 2033 689 2098 superest,
710 2043 764 2099 pro
786 2025 952 2099 quoPauli
970 2025 1153 2080 substitutum
1176 2033 1228 2078 est.
1275 2021 1329 2080 Su-

266 2118 405 2183 pererant
440 2106 515 2162 enim
553 2118 597 2176 et,
633 2107 712 2181 quod
742 2108 791 2165 vel
821 2126 838 2163 e
868 2107 985 2183 Polybii
1011 2106 1176 2164 narratione
1212 2105 1330 2180 intelligi

267 2199 384 2266 potest,
405 2189 435 2246 in
456 2189 543 2246 domo
570 2191 676 2264 patris,
705 2209 869 2265 quanquam
898 2191 928 2247 in
950 2191 1133 2265 adoptionem
1155 2188 1230 2259 dati,
1250 2188 1330 2244 vive-

268 2275 342 2330 bant
365 2274 423 2329 duo
437 2272 497 2341 filii,
519 2291 618 2330 varum
635 2273 751 2355 nomine
760 2272 912 2332 Cornelius
923 2273 1020 2348 Scipio
1034 2273 1116 2343 alter,
1138 2271 1212 2329 alter
1221 2271 1331 2328 Fabius

268 2356 436 2424 Maximus,
467 2367 569 2412 neuter
589 2357 709 2413 Paulus.
757 2357 824 2414 Hoc
851 2376 956 2414 nomen
985 2357 1014 2413 in
1041 2357 1097 2414 hac
1118 2356 1219 2412 saltem
1242 2355 1329 2412 domo
1397 2417 1400 2434 Ι

269 2439 444 2495 exstinctum
467 2450 572 2512 praeter
591 2451 703 2513 patrem
724 2451 795 2496 erat.
843 2439 905 2515 (§3
928 2439 1081 2496 tenendum
1104 2450 1156 2510 est,
1177 2437 1331 2496 AEmilium

270 2522 398 2580 Paulum
421 2540 474 2596 pro
493 2539 525 2577 se
545 2521 730 2597 exercituque
750 2524 939 2593 sacrificasse,
961 2542 1019 2579 non
1041 2540 1094 2596 pro
1116 2541 1147 2579 se
1167 2520 1330 2589 lustrand03

270 2624 366 2680 neque
387 2603 520 2661 lustralia
540 2605 682 2662 sacrificia
704 2606 834 2682 Apollini
856 2606 999 2682 Delphico
1020 2602 1152 2682 fiebant.)

356 2686 430 2762 Cap.
461 2692 516 2757 44,
542 2693 573 2744 tt
611 2689 689 2762 quod
720 2690 750 2745 in
778 2690 942 2747 Emendatt.
971 2709 999 2764 p.
1028 2691 1084 2747 627
1116 2688 1176 2746 dixi
1207 2687 1333 2744 residere

272 2770 455 2845 scrupulum,
486 2789 524 2826 ne
548 2771 577 2826 in
598 2773 654 2828 hac
681 2773 787 2829 codicis
818 2773 973 2848 script-ure:
1000 2775 1026 2830 si
1051 2782 1141 2830 autem
1161 2774 1262 2829 annaei
1281 2789 1334 2827 non

268 2857 426 2928 peruissent
446 2871 476 2910 co
497 2871 530 2910 ne
549 2856 649 2929 populi
668 2856 777 2929 quidem
792 2859 900 2913 romani
912 2859 1021 2930 sactum
1042 2856 1120 2913 aliud
1142 2855 1210 2930 quid
1231 2855 1334 2912 lateret

272 2950 379 3012 praeter
404 2937 534 2993 Antiochi
552 2955 605 2994 non
618 2939 710 3010 fuisse
730 2948 757 2996 et
776 2958 822 3009 eo,
854 2939 978 2996 occurrit
1009 2952 1112 3014 postea
1135 2956 1221 3014 posse
1241 2938 1333 3014 scrip·
1372 3001 1375 3009 y

271 3029 334 3076 tum
357 3039 377 3076 a
398 3020 482 3077 Livio
504 3037 581 3076 esse:
613 3021 748 3078 Antiocho
774 3041 827 3078 non
852 3027 983 3098 paruisse
1003 3031 1030 3080 et
1050 3041 1080 3079 eo
1100 3033 1154 3080 cet.
1198 3023 1335 3080 Retentat

272 3121 424 3159 assensum
455 3114 483 3160 et
509 3104 610 3159 annoni
635 3104 665 3160 in
692 3106 791 3163 codice
818 3105 955 3180 scriptum
982 3115 1011 3164 et
1039 3105 1117 3181 quod
1138 3125 1190 3182 per
1210 3124 1242 3162 se
1265 3123 1335 3181 ager

271 3185 331 3243 hoc
359 3185 425 3242 loco
454 3185 549 3263 aptius
571 3186 685 3244 videtur
708 3188 845 3247 Antiochi
874 3187 964 3246 luisse
993 3189 1049 3246 dici
1078 3208 1166 3264 quam
1187 3188 1333 3247 Antiocho

270 3287 416 3345 paruisse.

361 3352 439 3410 Satis
459 3353 614 3410 verborum
638 3353 674 3409 de
693 3354 803 3429 pusillis
826 3354 913 3412 rebus
935 3354 1098 3414 tristissimo
1119 3365 1257 3432 tempore.

299 3604 326 3666 ¹)
345 3602 409 3667 Cap.
431 3609 472 3662 3⁹,
493 3606 524 3652 15
544 3603 606 3651 satis
623 3611 663 3650 est
680 3604 823 3661 monuisse,
841 3604 926 3653 nullos
947 3620 963 3652 a
981 3613 1064 3653 senatu
1082 3602 1271 3653 centurionibus
1289 3603 1335 3651 mi·

347 3674 486 3737 litibusque
504 3675 620 3722 decretos
638 3685 694 3720 esse
712 3671 818 3721 bonores.
865 3675 947 3723 Donis
966 3675 1108 3723 donabatur
1126 3673 1158 3722 ab
1182 3673 1335 3736 imperatore

349 3746 422 3793 miles
442 3746 573 3793 Romitnus
591 3741 618 3789 in
638 3741 699 3805 ipsis
719 3744 816 3793 castris.
862 3743 921 3804 Quo
946 3754 1060 3808 tempore
1085 3745 1128 3792 lex
1150 3746 1182 3790 de
1207 3743 1335 3807 triumpho

349 3813 491 3870 terebatur,
519 3812 591 3860 nulla
614 3814 665 3860 iam
689 3821 744 3861 erat
768 3815 871 3864 occasio
891 3815 1013 3863 militibus
1035 3814 1208 3864 Macedonicis
1234 3816 1336 3862 decretu

349 3883 490 3932 honorifica
508 3883 635 3931 audiendi.
664 3882 863 3947 Apertissimum
884 3893 930 3944 est,
950 3886 1091 3949 comparari
1108 3885 1206 3933 diversa
1215 3891 1336 3948 tempora,

349 3955 535 4016 pravissimum,
554 3953 618 4000 duas
636 3954 773 4004 sententias
791 3956 860 4003 exire
878 3956 905 4004 in
924 3956 990 4004 idem
1008 3954 1076 4004 audi.
