3475 5084
686 493 689 501 “
775 505 843 548 sur

276 683 487 741 refellendasve
508 683 647 753 diximus,
674 682 835 757 supplenda
856 682 1064 758 corrigendave
1089 684 1220 758 quadam
1244 684 1273 741 in
1295 684 1340 741 in·
1397 729 1399 737 ,

278 767 342 824 dioe
372 767 438 824 huie
471 766 609 824 fasciculo
641 766 754 822 adiecto
785 766 934 841 posuimus
963 767 1022 824 suis
1048 767 1135 837 loeis3
1167 780 1262 825 cetera
1282 785 1342 825 non

276 850 351 906 tanti
369 859 460 919 erant,
482 860 513 907 ut
529 867 658 906 seorsum
673 850 807 924 ponenda
820 849 996 909 viderentur.
1044 850 1147 923 Itaque
1158 851 1205 908 hio
1217 850 1340 927 primum

277 933 495 991 emendationes
514 933 655 1008 quasdam
669 932 722 989 sub
734 942 833 989 nostro
856 932 1016 989 aliorumve
1038 934 1200 991 nominibus
1223 934 1341 1009 positas,

276 1016 305 1073 in
328 1035 389 1091 quo
410 1034 514 1091 genero
541 1034 600 1072 uon
624 1014 745 1072 subinde
774 1035 871 1072 errare
893 1014 1089 1073 difficillimum
1112 1028 1164 1087 est,
1197 1017 1341 1092 prioribus

276 1100 445 1157 auctoribus
467 1108 534 1175 post
555 1098 675 1174 repertis
696 1098 887 1168 restituimus3
909 1099 1012 1156 deinde
1033 1100 1131 1175 paucis
1149 1100 1219 1156 loeis
1233 1118 1339 1157 novam

276 1183 519 1251 emendationem,
540 1188 605 1257 quas
626 1192 705 1238 certa
729 1194 844 1257 reperta
865 1179 1027 1251 videbatur,
1059 1182 1255 1251 adhibuimus;
1287 1202 1341 1258 po·

275 1275 387 1322 stremo
414 1284 526 1322 errores
548 1265 688 1339 quosdam
712 1265 886 1341 typographi
915 1265 1092 1323 correximus
1119 1266 1202 1323 editis
1225 1266 1341 1323 demum

276 1348 474 1406 voluminibus
500 1348 726 1405 animadversos.

361 1433 479 1499 Restat,
507 1442 554 1500 ut,
583 1440 702 1505 peraeto
732 1440 793 1487 toto
820 1431 877 1487 hoo
899 1430 1016 1506 negotio
1039 1425 1181 1501 Liviano,'
1203 1431 1340 1506 quoniam

276 1514 398 1590 collegae
419 1514 652 1572 coniunctissimo
675 1524 703 1580 et
725 1512 910 1583 amicissimo,
932 1514 981 1588 qui
1003 1514 1112 1571 laboris
1127 1524 1155 1571 st
1169 1514 1343 1589 suscipiendi

276 1616 384 1655 suasor
415 1608 443 1653 et
475 1596 640 1673 perficiendi
671 1596 766 1654 sosius
794 1597 886 1653 fidelis
915 1595 978 1666 fuit,
1008 1597 1118 1672 gratias
1140 1616 1226 1673 agere
1249 1598 1341 1655 minus

276 1681 362 1738 decet
385 1680 413 1737 in
442 1699 477 1737 ea
503 1680 688 1756 prefatione,
720 1698 806 1753 quam
833 1680 894 1737 eius
922 1698 1038 1754 quoque
1065 1680 1181 1737 nomine
1207 1681 1341 1751 scribam,

277 1762 314 1824 Ο.
338 1765 471 1839 Siesbyo‚
500 1783 537 1821 ex
559 1762 698 1839 discipulo
720 1780 777 1818 uon
800 1780 909 1838 paucos
931 1763 988 1824 iam
1012 1781 1103 1820 annos
1125 1764 1227 1831 amieo,
1257 1764 1341 1821 meri-

276 1847 421 1904 tissimum
458 1846 651 1904 testimonium
684 1845 851 1921 perhibeam
887 1864 982 1921 operae
1019 1846 1149 1915 assidue,
1182 1847 1341 1922 diligenter,

277 1930 404 2006 scienter
423 1930 493 1987 mihi
514 1930 543 1987 in
564 1930 620 1987 hoo
640 1928 743 1987 labore
766 1928 955 1986 commodatae
978 1929 1238 2003 admonitionisque
1265 1947 1342 2005 saepe

277 2013 430 2071 utilissime
442 2013 592 2083 adiuncta,
615 2031 679 2088 quae
700 2013 798 2069 omnia
808 2012 851 2070 ita
862 2013 932 2069 mihi
953 2024 1037 2088 grata
1058 2024 1132 2073 sunt.
1154 2025 1185 2070 ut
1200 2013 1341 2088 reliquam

277 2108 378 2154 tamen
403 2096 527 2171 gratiam
550 2096 640 2154 multo
661 2095 760 2153 vineat
780 2095 988 2154 benevolentias
1009 2096 1138 2153 osndidae
1162 2106 1190 2153 et
1208 2095 1342 2155 infueatte

276 2180 451 2238 constantia.
950 2182 957 2189 ”

349 2350 432 2403 Serib.
452 2349 562 2400 Hermia
580 2364 604 2401 s.
624 2351 649 2400 d.
669 2349 735 2400 VIII
752 2348 792 2401 Id.
811 2350 866 2400 Isn.
886 2366 910 2400 a.
931 2347 1153 2400 MDGCGLXVI.
