3475 5084
469 462 528 519 252
730 458 808 509 mse
826 457 910 507 xus.
966 456 1056 520 (nan.
1075 472 1097 505 c.
1117 440 1189 515 sem

426 642 556 719 preme
584 643 640 701 vm
674 642 817 718 inune,
852 602 1039 703 ennolion
1068 640 1231 703 Animum
1256 638 1334 697 eum
1363 637 1497 707 mmm

426 748 515 822 quod,
536 757 648 823 putrem
671 758 796 819 secutus,
816 766 900 809 erma
920 758 1021 805 contre
1036 747 1174 822 populum
1190 746 1357 803 &manum
1372 742 1497 810 tulisset,

425 863 455 910 et
474 854 542 911 Neo
563 854 738 923 Thebanus,
764 872 823 929 quo
851 864 971 911 auctore
995 853 1163 912 societatem
1185 868 1251 909 cum
1275 850 1387 907 Perseo
1411 848 1497 905 iunx-

409 957 517 1017 'erent

342 1056 383 1125 32
509 1064 565 1121 His
593 1082 689 1121 rerum
718 1071 904 1123 externarum
935 1060 1148 1137 cognitionibus
1173 1058 1371 1134 interpositis,
1393 1059 1497 1115 hlnce-

384 1170 402 1225 2
425 1170 532 1228 donum
554 1185 655 1225 rursus
676 1168 852 1225 sdrocmum
874 1167 1036 1225 concilium.
1088 1166 1332 1234 Pronuntiatum,
1355 1164 1438 1238 quod
1458 1163 1497 1219 ad

425 1285 532 1333 statum
546 1272 726 1331 Macedoniae
747 1272 919 1347 pertinebat,
940 1281 1100 1341 senatores,
1122 1289 1196 1347 quoe
1212 1269 1356 1346 synedros
1377 1276 1497 1337 vocant,

386 1380 403 1436 3
426 1379 564 1454 legendos
585 1394 657 1445 esse,
673 1395 796 1451 qnorum
812 1377 934 1435 consilio
950 1396 996 1435 res
1011 1376 1128 1451 publica
1140 1374 1404 1434 administraretur.
1432 1376 1496 1433 No·

424 1485 504 1543 mina
531 1483 634 1540 deinde
659 1491 727 1539 suut
755 1482 879 1539 recitate
902 1482 1064 1557 principum
1086 1480 1292 1549 Mscedonum,
1323 1496 1399 1551 quos
1430 1496 1495 1535 cum

424 1587 523 1645 liberis
545 1587 704 1645 maioribus
732 1606 820 1661 quam
850 1588 1013 1662 quindecim
1045 1603 1137 1643 annos
1167 1583 1244 1641 nutis
1271 1584 1439 1658 praecedere
1464 1584 1495 1641 in

383 1694 541 1753 41tolism
562 1693 699 1768 placeret.
741 1691 787 1760 ld,
808 1692 904 1766 ptime
926 1693 1023 1769 specie
1041 1709 1160 1759 saevom,
1182 1706 1251 1747 mox
1266 1690 1406 1764 upparuit
1422 1689 1493 1747 mul-

424 1799 540 1856 titudini
561 1797 753 1855 Macedonum
776 1816 831 1872 pro
851 1798 986 1856 libertate
1008 1816 1064 1855 sua
1088 1814 1151 1853 esse
1171 1794 1292 1854 iactum.
1340 1794 1493 1853 Nominnti

423 1913 491 1959 suut
512 1903 587 1959 enim
608 1902 687 1976 regis
700 1903 786 1961 amici
805 1903 1023 1978 purpuratique,
1043 1902 1130 1957 ducas
1152 1900 1342 1969 exercituum,
1365 1899 1490 1974 prefecti

384 2014 402 2067 5
423 2008 541 2064 navium
564 2020 615 2067 eut
636 2008 851 2082 praesidiorum,
881 2009 991 2065 servire
1011 2006 1073 2082 regi
1094 2004 1257 2075 humiliter,
1280 2004 1347 2061 eliis
1368 2006 1489 2079 superbe

423 2113 568 2188 impetere
581 2113 707 2181 adsueti3
730 2115 895 2188 praedirites
917 2114 975 2182 alii,
998 2113 1056 2179 alii,
1078 2129 1153 2185 quos
1173 2110 1294 2167 fortuna
1315 2128 1376 2167 uon
1394 2130 1488 2183 mque·

424 2227 498 2286 rent,
519 2215 564 2273 bis
586 2219 749 2294 sumptibus
771 2236 871 2294 peres;
902 2217 1001 2291 regius
1031 2218 1165 2275 omnibus
1185 2216 1280 2273 victus
1302 2216 1486 2289 vestitusque,

422 2322 494 2379 nulli
523 2323 615 2381 civilis
644 2324 773 2393 suimus,
803 2342 898 2397 neque
926 2323 1021 2398 legum
1044 2302 1139 2398 neque
1160 2322 1302 2381 libertatis
1324 2340 1416 2395 seques
1439 2341 1485 2396 pa·

383 2426 506 2485 dtiens.
549 2427 660 2487 Omnes
687 2429 791 2503 igitur,
822 2428 872 2504 qui
899 2430 929 2486 in
958 2429 1064 2503 aliquis
1088 2427 1252 2487 ministeriis
1273 2428 1379 2503 regiis,
1401 2428 1481 2485 etiam

420 2636 451 2693 in
473 2637 588 2694 Italiam
615 2638 672 2707 ire;
704 2641 755 2713 qui
778 2660 836 2697 non
864 2640 1009 2715 paruisset
1036 2639 1175 2713 imperio,
1205 2650 1284 2697 mors
1308 2640 1482 2699 denuntiata.

382 2744 398 2797 7
421 2742 518 2816 Leges
539 2744 721 2803 Macedoniae
744 2746 823 2803 dedit
843 2766 909 2803 cum
933 2754 1015 2803 tante
1035 2763 1115 2815 cure,
1138 2753 1170 2801 ut
1190 2762 1249 2801 non
1269 2746 1405 2803 hostibus
1426 2746 1482 2803 vic·

381 2866 387 2881 ·
422 2846 469 2916 tis,
492 2846 543 2903 sed
567 2848 654 2906 sociis
683 2852 757 2907 bena
786 2852 896 2912 meritis
917 2851 982 2909 dari
995 2851 1179 2919 siderentur,
1211 2860 1240 2907 et
1264 2869 1340 2925 quas
1362 2870 1400 2908 ne
1420 2868 1481 2909 usus

422 2952 536 3025 quidem
558 2951 648 3028 longo
672 2965 816 3031 tempore,
845 2956 896 3031 qui
926 2974 998 3013 unus
1019 2965 1064 3013 est
1084 2955 1180 3029 legum
1209 2964 1375 3025 corrector,
1402 2974 1482 3031 expe·

419 3058 520 3118 riendo
547 3071 692 3136 urgueret.

380 3163 398 3219 8
513 3167 563 3224 Ab
597 3167 680 3225 seriis
719 3168 806 3225 rebus
837 3167 979 3225 ludicrum
1016 3186 1054 3224 ex
1092 3166 1183 3225 multo
1213 3174 1281 3222 unte
1312 3172 1482 3238 preparato,

422 3279 453 3326 et
482 3270 512 3327 in
543 3273 625 3329 Asiae
652 3272 784 3333 civitates
816 3282 846 3329 et
871 3273 910 3329 ad
936 3289 1020 3345 reges
1042 3270 1153 3339 missis,
1169 3326 1172 3333 ,
1190 3270 1241 3344 qui
1276 3269 1483 3335 denuntiarent

422 3385 465 3443 et,
497 3395 563 3433 cum
596 3377 759 3435 circumiret
789 3378 853 3452 ipse
888 3376 1012 3437 Graeciae
1050 3377 1197 3446 civitates,
1246 3374 1379 3433 invitatis
1412 3374 1483 3449 prin·

380 3471 399 3527 9
422 3479 550 3554 cipibus,
581 3501 687 3557 magno
722 3493 866 3557 apparatu
897 3483 1069 3558 Amphipoli
1098 3482 1175 3540 iecit.
1228 3482 1308 3539 Nam
1342 3490 1371 3535 et
1401 3478 1484 3537 artifi-

423 2532 472 2606 qui
500 2532 530 2589 iu
559 2532 754 2607 legationibus
776 2534 907 2605 fuerent,
936 2534 1007 2592 iussi
1029 2532 1203 2591 Macedonia
1230 2534 1374 2593 excedere
1395 2535 1483 2607 adque

422 3652 464 3712 15,
482 3660 500 3701 4
518 3668 575 3702 cum
593 3638 858 3719 perssandiunxerant
902 3654 1017 3715 xxxn,
1035 3654 1061 3714 2,
1081 3660 1096 3703 2
1115 3655 1256 3705 cenetensis
1273 3669 1339 3719 quos
1358 3654 1484 3718 mundetis

421 3740 694 3792 sedntntsmrenmr
753 3743 779 3803 3,
800 3750 816 3791 4
839 3743 942 3806 placere
994 3740 1053 3802 4,l
1080 3756 1133 3791 uox
1187 3748 1202 3789 2
1226 3739 1341 3803 uomiine
1361 3749 1423 3791 sunt
1471 3746 1483 3789 t

421 3818 561 3875 exercitum
598 3828 623 3888 5,
643 3836 658 3878 2
678 3830 722 3877 alii
740 3824 980 3891 aliquosleqmrer,
997 3834 1102 3891 speres
1118 3829 1222 3891 regibus
1241 3828 1364 3877 omuibus
1400 3834 1418 3877 4
1436 3828 1485 3876 uni·

421 3928 478 3963 mos
492 3914 499 3977 Ι
513 3928 587 3977 eque
621 3915 646 3976 6,
667 3922 681 3964 2
700 3916 789 3978 quiin
808 3916 955 3965 ministeriis
973 3915 1148 3978 legationibus
1160 3914 1260 3980 steyn,
1285 3912 1379 3980 (Gryn.
1400 3915 1484 3977 quiin

421 4002 534 4050 minimis
550 4001 620 4065 leg.)
636 4002 759 4061 linerent
776 4002 811 4051 bis
830 4002 942 4066 scripum
960 4018 1010 4051 esee
1028 4000 1064 4053 H.
1082 4002 1171 4051 scribit,
1194 4001 1199 4065 Ι
1220 4003 1372 4051 macedonis
1395 4003 1484 4051 exuere

422 4086 452 4148 7,
477 4094 493 4137 2
523 4090 586 4137 dere
611 4089 760 4138 uiderentur
786 4088 842 4154 My.
878 4088 971 4155 (Grpe.
1001 4090 1062 4137 dare
1095 4088 1238 4151 uideretur)
1271 4086 1276 4153 Ι
1309 4098 1336 4137 et
1364 4102 1423 4152 qum
1455 4102 1484 4136 ue

420 4173 447 4232 8.
468 4180 479 4221 l
499 4175 575 4223 rebus
593 4175 712 4224 ludorum
735 4177 805 4239 quod
832 4190 866 4225 ex
891 4175 945 4240 My.
965 4174 1022 4224 Em.
1044 4173 1097 4225 613
1129 4173 1221 4240 (ΟΨ.
1246 4176 1324 4224 tubus
1349 4176 1484 4233 ludicrum,

422 4260 493 4323 quod
511 4261 557 4322 ex)
593 4266 610 4309 8
628 4262 747 4310 ciuitates
765 4262 901 4323 indignato
918 4262 1076 4326 principibus
1095 4261 1151 4327 My.
1170 4262 1187 4313 l.
1206 4279 1227 4312 c.
1251 4262 1345 4327 (drys.
1365 4263 1484 4319 cisitetes,

423 4345 549 4393 indixerat
565 4347 736 4411 principibus)
773 4354 790 4395 4
808 4348 976 4413 amphipolim
