3475 5084
1202 304 1214 334 Ι

541 543 619 594 maa
635 543 732 593 xntv.
771 544 818 607 (a.
838 542 897 594 cur.
922 543 993 608 rao.)
1200 546 1257 603 tus

246 734 305 783 ante
328 728 418 784 verba
440 728 479 785 ad
500 737 611 788 certum
631 730 794 805 redegisse;
816 739 845 787 et
859 729 1030 804 pierumque
1051 728 1145 802 ipsam
1167 744 1199 783 se
1219 724 1299 784 frau-

244 830 311 899 dem,
335 831 449 889 etiamsi
470 833 553 891 initio
575 835 689 893 cautior
708 835 805 906 fuerit,
826 836 971 909 detegere.
1020 830 1152 889 Rhodios
1174 850 1249 888 nunc
1269 831 1299 888 in
1322 833 1339 887 5

242 934 308 991 orbe
336 944 478 993 terrarum
516 938 637 995 arbitria
664 938 733 996 belii
761 938 901 1012 pacisque
933 956 1028 1013 agere.
1085 936 1195 993 Eorum
1228 944 1298 992 nutu

242 1058 318 1097 arma
339 1049 507 1116 sumpturos
529 1043 734 1117 positurosque
758 1044 909 1101 Romanos
931 1061 1003 1102 esse.
1061 1041 1126 1098 Iam
1148 1059 1207 1098 non
1228 1041 1299 1097 deca

241 1142 373 1201 ftaderum
397 1154 503 1218 testes,
535 1148 588 1205 sed
609 1148 741 1207 Rhodios
762 1147 924 1206 habituros.
971 1148 1056 1205 Itane
1080 1144 1217 1203 tandem?
1258 1144 1340 1205 Nic

240 1261 373 1322 parcatur
394 1250 431 1307 iis
456 1253 658 1328 exercitusque
687 1253 724 1310 da
745 1253 921 1311 Macedonia
950 1254 1153 1328 deportentur,
1184 1250 1299 1308 visuros

239 1371 304 1424 esse,
327 1355 399 1429 quid
419 1357 476 1415 sibi
490 1356 661 1416 sfaciendum
685 1358 731 1415 sit.
775 1357 853 1430 Quid
877 1359 984 1418 Rhodii
1005 1357 1096 1415 visuri
1118 1356 1191 1426 siut,
1218 1355 1298 1429 ipsus
1322 1362 1337 1415 7

237 1459 319 1528 scire;
341 1461 484 1536 populum
506 1464 584 1520 certe
604 1464 786 1533 Romanum,
808 1464 923 1521 devicto
944 1465 1064 1531 Perseo,
1093 1460 1171 1535 quod
1193 1478 1297 1535 prope·

237 1564 305 1621 diem
329 1574 449 1641 sperent
480 1563 560 1637 fors,
589 1568 734 1640 visurum,
773 1578 805 1627 ut
832 1588 887 1644 pro
910 1568 1018 1627 meritis
1046 1567 1184 1640 cuiusque
1210 1562 1240 1619 ia
1262 1580 1297 1619 eo

237 1670 307 1726 ballo
330 1670 459 1728 civitatis
480 1672 604 1745 gratiam
626 1672 743 1747 dignam
766 1673 884 1731 referat.
933 1674 1040 1729 Munus
1067 1681 1164 1728 tantan
1193 1666 1297 1741 legatis
1321 1672 1338 1728 8

235 1775 261 1833 in
281 1775 413 1851 singulos
435 1777 533 1836 binum
557 1777 667 1835 milium
697 1779 762 1836 aris
790 1779 909 1836 missum
933 1786 993 1846 est,
1022 1776 1101 1850 quod
1124 1775 1145 1831 ii
1168 1790 1226 1830 uon
1249 1790 1297 1829 ac·

233 1890 377 1955 ceperunt.
1056 1943 1058 1953 ¹

312 1986 435 2044 Litteras
456 1984 561 2043 deinde
588 1986 716 2043 recitatae
738 1986 774 2060 Q.
799 1986 894 2044 Marci
925 1984 1051 2043 consulis
1074 1993 1159 2055 suut,
1197 2000 1296 2058 quem·
1341 1980 1380 2051 lii

234 2090 405 2161 admodum,
434 2090 510 2148 saltu
532 2102 687 2173 superato,
715 2092 745 2148 in
773 2091 977 2149 Macedoniam
1006 2091 1170 2159 transissem
1207 2089 1246 2146 ibi
1269 2094 1337 2149 st2

232 2214 266 2253 ex
287 2197 354 2254 aliis
376 2196 450 2255 locis
474 2205 655 2254 commeatus
676 2207 847 2273 prospectos
867 2197 897 2254 in
918 2196 1042 2253 hiemem
1064 2196 1187 2265 habere,
1209 2205 1238 2251 et
1259 2193 1297 2250 ab

231 2301 358 2376 Epirotis
381 2302 447 2361 XX
476 2301 557 2358 milia
585 2302 713 2361 modium
741 2302 845 2372 tritici,
881 2301 913 2357 X
934 2299 1036 2358 hordei
1058 2300 1229 2376 sumpsisse,
1266 2306 1298 2355 ut

231 2426 280 2480 pro
311 2426 349 2464 eo
381 2404 529 2468 frumento
563 2406 686 2482 pecunia
717 2408 820 2464 Roma
855 2404 959 2479 legatis
997 2422 1097 2460 eurum
1136 2414 1296 2464 curaretur.

232 2510 416 2569 Vestimenta
438 2509 576 2567 militibus
599 2512 636 2568 ab
657 2512 754 2568 Roma
775 2510 915 2567 mittenda
937 2526 1015 2577 asee3
1038 2509 1119 2581 equis
1134 2507 1185 2567 CO
1205 2506 1296 2565 ferme
1319 2509 1335 2565 3

231 2634 302 2690 opus
325 2634 407 2686 asse,
436 2616 564 2673 maxime
589 2615 741 2686 Numidis,
772 2632 825 2673 uec
847 2616 903 2673 sibi
924 2615 955 2674 in
976 2615 1021 2672 his
1042 2614 1114 2671 locis
1135 2613 1224 2671 ailam
1247 2630 1295 2669 co-

230 2720 307 2794 piam
330 2738 406 2778 esse.
451 2720 777 2790 senatusconsultum,
812 2729 844 2777 ut
864 2738 901 2777 aa
923 2719 1022 2777 omnia
1043 2738 1080 2777 ax
1102 2719 1204 2777 litteris
1226 2722 1336 2776 con-4

231 2826 298 2882 salis
320 2827 441 2896 fierent,
469 2824 579 2884 factum
609 2835 661 2886 est.
724 2822 758 2885 Ο.
781 2824 926 2900 Sulpicius
948 2834 1055 2900 prator
1076 2842 1128 2881 sex
1150 2822 1229 2881 milia
1251 2832 1295 2879 to·

230 2948 344 3005 garum,
366 2929 465 2989 XXX
490 2930 662 3002 tunicarum,
684 2910 775 3005 equos
798 2927 848 2987 CO
869 2930 1017 3006 portanda
1038 2930 1067 2985 in
1091 2928 1294 2986 Macedoniam

230 3018 447 3111 praebendaque
469 3034 611 3093 arbitratu
633 3035 758 3093 consulis
779 3034 902 3104 locavit,
930 3044 959 3091 et
979 3033 1083 3108 legatis
1108 3033 1295 3108 Epirotarum

230 3139 384 3210 pecuniam
407 3157 462 3213 pro
484 3138 629 3196 frumento
651 3140 747 3211 solvit,
769 3150 799 3198 et
823 3139 1011 3209 Onesimum,
1034 3138 1176 3213 Pythonis
1197 3137 1296 3209 filium,

230 3243 358 3305 nobilem
381 3243 585 3312 Macedonem,
607 3244 640 3299 in'
659 3254 791 3301 senatum
812 3244 982 3301 introduxit.
1025 3243 1056 3299 ls
1078 3242 1159 3318 pacis
1183 3260 1297 3316 semper
1321 3241 1336 3295 5

230 3359 335 3405 auctor
356 3348 420 3423 regi
442 3348 552 3419 fuerat,
588 3358 817 3423 monueratquc,
852 3349 927 3406 sicut
955 3357 1039 3423 pater
1061 3347 1121 3405 eius
1144 3348 1296 3422 Philippus

230 3533 244 3574 t
264 3526 392 3588 redigisse
421 3532 437 3575 ³
456 3526 543 3574 initior
560 3525 659 3575 cautior
697 3524 722 3584 5,
736 3530 747 3573 l
762 3526 868 3574 rhodios
887 3525 977 3575 nuntio
997 3527 1023 3575 iu
1038 3525 1101 3575 orbe
1112 3524 1190 3574 Perit.
1205 3524 1295 3588 (Koch.

231 3627 297 3661 nunc
317 3619 375 3660 tcto
394 3611 435 3674 in)
472 3616 583 3673 2agere
602 3606 707 3659 deorum
725 3618 789 3659 nutu
807 3611 918 3661 Perizou.
966 3613 1071 3661 atestis
1087 3612 1091 3672 Ι
1108 3611 1192 3661 radios
1237 3610 1261 3670 6,
1277 3616 1294 3659 ‘l

230 3700 336 3747 taudem
361 3699 384 3749 is
405 3708 526 3761 pareatur
550 3698 573 3746 is
596 3698 774 3759 exercitusque
796 3694 864 3747 Grac.
896 3698 984 3765 (Gryn.
1005 3700 1106 3748 tandem
1131 3698 1161 3748 iis
1179 3705 1297 3763 parcatur
1323 3704 1325 3707 '

229 3783 422 3845 exercitusque)
469 3783 499 3842 7,
531 3789 541 3832 l
570 3784 638 3846 quod
658 3784 714 3833 rodi
749 3782 775 3842 8,
805 3789 816 3832 l
845 3785 958 3848 longatis
1002 3792 1017 3833 2
1045 3785 1152 3834 millium
1186 3787 1190 3848 Ι
1223 3798 1298 3834 accc·

229 3897 327 3951 parunt
344 3868 377 3937 de
430 3886 506 3945 XVI,
532 3886 557 3945 1,
579 3891 590 3934 l
612 3886 704 3935 deinde
723 3869 812 3936 citatas
831 3902 881 3951 que
899 3889 978 3937 musci
994 3888 1092 3938 consuii
1141 3889 1298 3938 ttransisse

229 3973 254 4033 2,
275 3980 289 4023 2
311 3980 473 4024 commeatus
490 3986 569 4035 remp.
588 3980 738 4036 prospectos
750 3971 850 4039 Kreyss.
861 3972 959 4038 (Sipoa.
981 3990 996 4023 a
1012 3983 1119 4039 praetore
1136 3974 1297 4039 prospectos)

229 4065 325 4108 s'xx·
342 4059 459 4108 modium
507 4058 532 4118 3,
555 4063 566 4106 l
586 4058 620 4107 ab
639 4057 829 4122 romamicsss
847 4066 874 4108 et
892 4062 948 4123 quis
1002 4068 1017 4110 2
1044 4062 1141 4111 numidi
1165 4076 1212 4111 nec
1231 4064 1252 4112 si
1270 4062 1297 4109 in

230 4146 270 4195 his
297 4144 325 4200 4,
348 4151 359 4193 l
380 4154 417 4197 sc.
437 4152 463 4193 et
480 4160 511 4197 ca
538 4142 556 4193 2'
572 4146 598 4193 ai
611 4153 726 4195 socerum
754 4151 868 4211 aequos
889 4147 1071 4211 etdeportaada
1089 4146 1228 4198 Forciiaet
1241 4146 1296 4211 My.

227 4230 284 4281 Em.
304 4229 729 4296 569(uttprave1)crcrtpam
748 4241 789 4282 cst.
836 4234 911 4297 Gryu.
930 4216 957 4283 et
974 4247 1053 4297 equos
1071 4234 1183 4298 depurt.)
1220 4240 1297 4297 spc-

230 4319 386 4382 cunismqua
402 4302 413 4379 Ι’
422 4318 487 4368 solui
504 4320 616 4388 [pytous
