3475 5084
498 516 555 573 tos
764 512 957 589 teter-xum.
995 513 1043 579 (a.
1063 529 1086 562 u.
1107 528 1128 563 ο.
1149 512 1222 578 see.)

452 718 511 775 que
533 699 588 757 vite
608 700 693 757 labor
713 701 800 759 hodie
821 720 915 776 neque
937 701 1033 777 operis
1052 700 1227 777 fatigaverit,
1248 700 1417 775 requietum,
1436 699 1495 755 iute-

452 824 536 881 grum
566 806 595 862 iu
624 806 749 863 tentorio
781 826 835 864 suo
868 826 951 865 arma
979 826 1082 883 capere
1108 806 1209 863 iubeas
1238 807 1334 880 adque
1363 804 1393 860 in
1420 804 1494 861 aciem

410 918 430 973 9
452 910 568 987 plenum
590 910 704 983 virium,
726 912 869 988 vigentem
888 922 916 970 et
933 930 1055 989 corpore
1073 923 1102 970 et
1119 913 1215 970 animo
1234 912 1351 983 educas,
1370 931 1407 968 an
1423 911 1497 984 longo

451 1017 553 1074 itinere
575 1015 729 1092 fatigatum
756 1030 785 1075 et
812 1036 900 1094 opere
921 1018 1039 1087 fessum,
1061 1020 1223 1077 madentem
1247 1018 1363 1087 sudore,
1388 1016 1497 1074 ardenti-

452 1125 507 1181 bus
528 1124 576 1181 siti
597 1122 743 1195 faucibus,
772 1142 822 1181 ore
848 1125 944 1199 adque
976 1125 1065 1182 oculis
1093 1124 1209 1200 repletis
1235 1122 1364 1198 pulvere,
1388 1132 1500 1179 torrente

453 1228 614 1286 meridiano
638 1230 713 1302 soie,
745 1231 822 1287 hosti
850 1230 960 1289 obicias
988 1231 1110 1300 recenti,
1135 1231 1265 1305 requieto
1274 1213 1291 1300 ,⁰
1312 1230 1361 1303 qui
1382 1228 1458 1285 nulia
1474 1244 1501 1284 re

397 1336 521 1391 litante
549 1345 715 1392 consumtus
751 1335 828 1393 vires
855 1337 893 1393 ad
914 1336 1046 1412 praelium
1070 1327 1201 1393 adierat?
1234 1335 1320 1409 Quis,
1354 1334 1499 1410 prodeam

452 1440 553 1510 fidem,
582 1441 624 1497 ita
645 1453 835 1517 conparatus,
866 1442 912 1499 vel
939 1442 1015 1499 iners
1037 1442 1132 1516 adque
1160 1440 1298 1511 imbellis,
1326 1440 1498 1497 fortissimum

452 1546 547 1603 virum
574 1564 627 1603 noa
653 1545 776 1603 vicerit?
812 1546 908 1621 Quid,
947 1548 1024 1622 quod
1052 1549 1149 1605 hostes
1178 1566 1230 1623 per
1256 1566 1404 1604 summum
1425 1546 1499 1601 otium

454 1651 650 1709 instruxerant
689 1653 795 1725 aciem,
843 1664 1080 1730 preparaverant
1118 1654 1244 1725 animos,
1288 1654 1409 1711 stabant
1445 1670 1500 1709 con·

397 1760 428 1814 il
455 1756 543 1831 positi
564 1758 623 1813 suis
656 1758 777 1833 quisque
809 1758 975 1830 ordinibus,
1011 1759 1095 1815 nobis
1122 1768 1189 1815 tunc
1219 1771 1337 1835 repente
1369 1759 1500 1834 trepidau-

452 1861 521 1917 dum
548 1861 578 1918 in
610 1863 672 1920 acie
703 1864 871 1921 instruenda
903 1873 965 1921 erat
992 1874 1020 1921 et
1048 1865 1234 1940 inconpositis
1267 1862 1502 1921 concurrendum?

369 1961 412 2032 39
454 1967 511 2037 At,
542 1968 674 2039 hercule,
705 1969 797 2027 aciem
831 1970 945 2044 quidem
975 1970 1149 2027 inconditam
1177 1970 1433 2045 inordinatamque
1461 1969 1501 2024 ha*

454 2073 633 2145 buissemus,
668 2076 718 2133 aad
738 2085 835 2133 castra
855 2078 980 2146 munita,
1013 2076 1159 2152 provisam
1186 2075 1392 2149 aquationem,
1425 2084 1500 2131 tutum

453 2178 492 2236 ad
513 2198 577 2237 eam
599 2179 655 2237 iter
675 2182 815 2257 praesidiis
836 2183 977 2258 inpositis,
992 2183 1145 2258 explorata
1162 2181 1239 2238 circa
1253 2181 1366 2250 omuia3
1391 2200 1428 2237 an
1445 2179 1502 2236 nihii

453 2282 545 2339 nostri
568 2282 735 2364 [habentes]
758 2299 863 2363 praeter
878 2289 986 2345 nudum
1004 2306 1147 2363 campum,
1169 2288 1198 2343 in
1220 2304 1278 2361 quo
1300 2283 1501 2361 pugnaremus?

413 2394 431 2449 2
453 2388 583 2447 Maiores
604 2394 693 2450 vestri
714 2406 811 2452 castra
832 2395 943 2452 munita
959 2402 1074 2470 portum
1094 2393 1131 2449 ad
1147 2410 1247 2449 omnes
1269 2410 1356 2450 casus
1373 2393 1501 2450 exercitus

456 2494 601 2553 ducebant
622 2516 694 2569 esse,
716 2501 791 2557 unde
811 2502 850 2558 ad
866 2518 993 2577 pugnam
1013 2499 1132 2569 exirent,
1149 2516 1206 2572 quo
1223 2497 1323 2556 iactati
1345 2506 1499 2575 tempestate

414 2603 432 2658 3
455 2619 560 2675 pugnae
580 2613 727 2679 receptum
749 2607 898 2663 haberent.
941 2606 1028 2675 Ideo,
1055 2624 1118 2662 cum
1142 2603 1324 2661 munimentis
1347 2624 1385 2661 ea
1408 2604 1499 2679 saepsis-

455 2719 527 2778 sent,
548 2708 683 2783 presidio
707 2730 823 2787 quoque
842 2711 941 2769 'valido
966 2711 1130 2779 firmabant,
1152 2709 1246 2783 quod,
1268 2710 1317 2783 qui
1340 2711 1446 2767 castris
1467 2727 1504 2765 ex-

455 2822 520 2895 utus
542 2825 614 2884 erat,
638 2815 750 2872 etiamsi
774 2817 931 2892 pugnando
956 2818 1017 2875 acie
1037 2816 1161 2886 vicisset,
1183 2833 1235 2890 pro
1258 2815 1336 2871 victo
1353 2816 1504 2873 haberetur.

412 2924 432 2977 t
455 2915 563 2976 Castra
590 2932 658 2977 sunt
689 2920 791 2979 victori
823 2922 1051 2998 receptaculum,
1085 2923 1161 2979 victo
1191 2920 1366 2997 perfugium.
1424 2921 1504 2993 Quam

455 3025 538 3083 multi
570 3026 728 3099 exercitus,
760 3028 864 3103 quibus
894 3029 986 3085 miuus
1014 3046 1155 3103 prospera
1182 3044 1285 3102 pugna
1314 3024 1435 3083 fortuna
1455 3024 1507 3092 fuit,

454 3131 531 3189 intra
552 3133 660 3190 vallum
684 3134 829 3210 conpulsi,
857 3144 1079 3210 temporetam,
1107 3133 1249 3189 interdum
1272 3142 1422 3188 momento
1443 3138 1507 3206 post,

413 3243 431 3297 5
454 3239 605 3317 eruptione
627 3238 704 3298 facta
726 3241 864 3298 victorem
887 3242 998 3298 hostem
1022 3238 1212 3315 pepulerunt?
1234 3237 1337 3295 Patria
1360 3238 1452 3294 altera
1472 3244 1507 3290 est

454 3343 587 3402 militaris
607 3347 669 3403 hmo
686 3346 779 3418 sedes,
799 3346 967 3421 vallumque
987 3364 1041 3423 pro
1058 3346 1198 3413 moenibus
1215 3355 1243 3401 et
1258 3343 1417 3400 tentorium
1435 3358 1505 3399 suun

455 3450 559 3524 cuique
586 3452 669 3510 militi
698 3454 802 3510 domus
829 3470 864 3511 ao
891 3462 1010 3527 penates
1035 3460 1109 3507 eunt.
1165 3449 1234 3508 Sine
1261 3449 1321 3506 ulla
1352 3450 1423 3505 sede
1449 3444 1506 3519 vagi

413 3562 431 3617 6
455 3554 687 3630 dimicassemns3
716 3570 748 3616 ut
770 3577 827 3633 quo
849 3558 974 3615 victores
995 3575 1049 3614 nos
1070 3554 1283 3631 reciperemus?
1316 3555 1372 3611 His
1395 3551 1507 3611 difficul-

452 3778 504 3839 8,2
522 3778 612 3829 labore
653 3782 742 3830 aecio
778 3781 924 3829 seducens
980 3779 1029 3839 9,1
1051 3779 1083 3827 ad
1102 3778 1199 3841 longo¹
1222 3782 1236 3826 2
1256 3777 1332 3825 euer'e
1344 3772 1508 3840 suprascripto

453 3882 469 3915 o
485 3864 587 3931 Kreysa.
608 3866 699 3934 (Grpe.
718 3867 805 3930 onero)
822 3866 827 3933 Ι
843 3864 990 3916 Florebeilus
1001 3864 1135 3915 urentibus
1180 3869 1196 3913 3
1219 3870 1356 3913 torrentem
1378 3859 1507 3912 Perizonius

453 3955 576 4017 tquioto
597 3953 672 4006 Gran.
710 3956 777 4016 lue
797 3956 879 4004 uirum
894 3954 986 4003 uicerit
1001 3955 1006 4014 Ι
1021 3954 1094 4003 hoste
1121 3959 1336 4015 treparsuerant
1352 3946 1506 4015 Nipperdeius

352 4099 355 4106 ¹
453 4040 496 4101 11,
519 4047 529 4091 1
550 4045 738 4107 trepidantdum
790 4040 1046 4103 xxxltt‚=1,tau
1073 4039 1285 4089 2habuissemus
1303 4047 1387 4087 castra
1408 4035 1461 4100 My.
1493 4036 1505 4078 ὃ

455 4129 582 4179 auninihil
611 4131 769 4180 thabentes
787 4129 878 4179 notauit
896 4128 950 4193 My.
971 4126 1026 4176 Em.
1046 4124 1101 4176 587
1146 4125 1171 4185 2,
1193 4132 1204 4175 l
1225 4126 1307 4175 omnis
1343 4125 1369 4185 3,
1393 4130 1402 4173 1
1425 4132 1505 4172 cassa·

454 4216 553 4279 pissont
568 4215 642 4267 Gran.
655 4217 748 4284 (Gryn.
759 4232 789 4267 ea
798 4215 936 4282 sepissont)
972 4213 997 4276 4,
1009 4221 1023 4263 2
1034 4214 1143 4264 fortuna
1178 4212 1202 4274 5,
1216 4218 1226 4261 l
1237 4214 1346 4278 patriam
1360 4212 1463 4261 alteram
1476 4214 1509 4255 est

356 4308 359 4313 ⁵
454 4321 561 4371 militari
580 4330 619 4372 est
635 4321 690 4373 haeo
725 4322 886 4372 ttenorium
922 4302 1101 4383 suamscuique
1137 4323 1284 4383 speratos
