3475 5084
752 570 825 613 XVI(

344 753 418 829 Cap.
443 757 470 823 5,
493 755 511 810 8
534 753 613 826 quod
632 752 663 808 in
686 752 785 810 codice
805 751 942 808 mendoso
963 751 1097 808 scribitur
1116 769 1229 808 munero
1249 753 1320 808 osittr'

261 839 358 911 lupatis
380 856 414 892 er
434 837 504 892 tau
523 835 632 892 mibbue
652 838 716 892 ures
747 843 907 892 cmsueuut
937 834 991 891 duo
1011 836 1120 908 fratres
1140 835 1241 906 repulia
1262 833 1319 892 loec

254 923 402 996 proeapao
434 928 544 993 torques
571 918 625 975 duo
660 931 731 986 cet,
758 917 903 993 Grynceus
934 917 1039 974 duobus
1058 917 1198 990 fratrebus
1218 919 1319 990 repulia

259 1004 393 1078 scripsit,
421 1002 532 1076 ipsum,
559 1013 591 1058 ut
614 1003 741 1072 videtur,
764 999 911 1069 Cincibili,
943 1019 962 1057 a
983 1019 1041 1074 quo
1063 999 1150 1074 legati
1171 1013 1318 1071 venerant,

260 1106 347 1162 quern
369 1086 471 1142 Livius
492 1089 507 1154 ξ
534 1091 545 1142 l
576 1103 692 1160 regem,
719 1089 734 1154 §
757 1089 773 1141 t
796 1083 927 1158 regulum
947 1083 1119 1158 appellavit,
1141 1094 1170 1140 et
1189 1081 1319 1154 fratrem,

259 1170 311 1244 qui
332 1171 424 1225 verba
445 1169 475 1225 in
496 1177 599 1224 senatu
621 1168 740 1236 fecerat,
760 1167 930 1241 intelligens,
951 1165 1038 1240 idque
1049 1165 1185 1222 Hertzius
1206 1180 1320 1224 secutus

261 1264 320 1322 est3
353 1271 408 1326 ego
427 1252 517 1324 repuli
536 1252 628 1326 posui.
682 1251 760 1308 Nam
783 1269 852 1319 nec,
884 1268 971 1324 quum
1003 1267 1091 1324 supra
1113 1249 1212 1306 Livius
1243 1249 1319 1324 regis

261 1335 393 1410 regulive
413 1335 529 1391 nomine
550 1336 587 1390 de
608 1353 666 1391 uno
687 1331 820 1391 Cincibili
841 1351 909 1389 usus
931 1340 1014 1402 esset,
1034 1333 1129 1388 subito
1152 1332 1189 1388 ad
1210 1344 1320 1390 utrum·

262 1438 318 1493 qne
339 1417 462 1476 flauam
483 1417 514 1473 id
523 1437 629 1473 nomen
646 1416 816 1474 translatum
831 1415 927 1485 credo,
940 1433 993 1472 nec
1013 1415 1089 1472 hanc
1110 1415 1319 1492 praecipuorum

264 1506 332 1558 oster
355 1503 459 1574 lepatos
479 1520 628 1558 munerum
654 1501 826 1557 mentionem
858 1499 945 1556 etiam
975 1498 1014 1554 ed
1042 1509 1139 1572 regetn
1173 1500 1320 1555 absentem

262 1584 418 1660 pertinere,
439 1585 485 1640 cui
506 1584 532 1640 si
552 1603 672 1641 munera
693 1597 810 1640 mustus
833 1582 973 1640 mittenda
993 1582 1158 1650 censuisset,
1180 1581 1322 1656 ampliora

261 1669 325 1724 sine
346 1667 436 1724 dnbio
458 1686 545 1741 quam
566 1667 650 1724 fratri
673 1667 771 1742 legato
792 1665 932 1730 misisset:
964 1682 1058 1739 neque
1080 1664 1168 1739 legati
1191 1663 1322 1722 Cincibili

261 1750 393 1808 absentis
414 1751 533 1807 comites
554 1750 694 1826 appellari
712 1750 770 1806 ullo
787 1749 874 1806 modo
891 1760 1035 1823 poterant,
1057 1761 1087 1804 ut
1111 1747 1211 1806 inille
1232 1751 1321 1823 scrip.

262 1845 331 1890 tura
364 1844 394 1890 et
426 1833 608 1891 enarratione
645 1835 678 1890 fit
704 1833 856 1906 (comitibus
887 1832 997 1904 eorurn).
1059 1831 1162 1906 Itaque
1189 1829 1323 1890 Cincibili

261 1918 339 1974 inter
359 1916 472 1991 legatos
493 1917 566 1974 duos
587 1916 692 1973 fratres
714 1915 848 1984 miseret,
882 1933 1003 1990 quorum
1032 1933 1105 1972 unus
1132 1915 1223 1973 verbe
1244 1913 1321 1986 fecit,

260 2001 381 2074 utrique
402 2000 563 2075 praecipuus
583 2001 677 2056 honor
696 1999 812 2056 habitus
833 2009 885 2055 est.

349 2082 424 2157 Cap.
454 2085 505 2153 tt,
528 2087 545 2140 3
567 2083 597 2139 in
620 2083 727 2140 codicis
754 2082 912 2156 scriptura,
944 2100 1008 2155 quse
1036 2100 1054 2137 a
1080 2081 1182 2138 ceteris
1211 2091 1322 2139 retente

262 2167 326 2222 sine
349 2166 527 2223 dubitatione
548 2178 601 2237 est,
621 2166 725 2222 vitiose
746 2166 809 2222 duae
832 2165 929 2222 resin
951 2183 1038 2221 unum
1060 2163 1235 2234 conflentum
1264 2164 1322 2238 pri-

264 2268 344 2305 mum
368 2251 443 2306 enim
464 2260 581 2306 senatus
603 2249 764 2306 consultum
786 2247 964 2314 factumest,
986 2258 1017 2304 ut
1030 2247 1119 2322 prius,
1144 2265 1229 2322 quam
1254 2265 1323 2304 con-

263 2332 342 2388 sules
363 2333 528 2406 provincias
549 2332 735 2403 sortirentur,
768 2331 997 2406 supplementum
1025 2331 1055 2387 in
1083 2341 1234 2404 utramque
1255 2348 1323 2404 pro-

263 2415 391 2471 vinciam
420 2417 636 2485 decerneretur,
667 2415 771 2472 deinde
796 2416 857 2472 haec
888 2415 953 2490 ipsa
979 2414 1178 2488 supplementa
1208 2414 1323 2471 decreta

267 2510 349 2567 sunt;
369 2499 532 2573 vitioseque
554 2511 703 2568 narratur,
730 2498 873 2572 placuisse
895 2496 1007 2554 decerni
1029 2509 1136 2552 certum
1159 2515 1325 2567 numerum3
1414 2535 1416 2544 ,

265 2581 293 2638 is
315 2581 390 2638 enim
412 2583 544 2638 decretus
566 2592 610 2638 est
631 2581 779 2656 (placuit),
806 2599 864 2637 non
886 2579 994 2656 placuit
1015 2598 1079 2636 eum
1102 2579 1224 2636 decerni.
1270 2579 1324 2637 Vi·

266 2663 337 2720 tium
359 2666 507 2722 sententiae
536 2675 565 2722 et
593 2665 732 2721 orationis
757 2663 858 2720 sustuli
887 2661 1020 2738 suppleto
1048 2663 1153 2730 verbo,
1182 2663 1260 2736 quod
1281 2663 1326 2723 bis

265 2747 394 2864 posi1tum
425 2767 444 2805 a
471 2749 557 2806 Livio
592 2749 708 2805 diversa
736 2746 833 2804 forme
863 2746 953 2804 semel
985 2765 1004 2802 a
1034 2745 1152 2804 librario
1186 2747 1324 2823 scriptum

270 2839 319 2886 ³⁸¹·
341 2831 426 2988 )Cap.
450 2916 534 2983 tt,4
557 2933 646 2988 quum
668 2915 697 2970 in
718 2915 818 2972 codice
844 2922 920 2970 esset
948 2914 1052 2970 cucilla
1074 2914 1324 2989 theanumtcapro-

266 3007 420 3071 torumque,
442 2997 585 3074 Grynaeus
606 2999 793 3054 Athamanum
818 2995 1080 3071 Thesprotorumque
1101 2996 1222 3071 scripsit.
1266 2995 1324 3056 Sed

265 3081 469 3150 Athamanes,
496 3100 618 3155 quorum
640 3081 668 3137 in
692 3080 789 3138 Persei
810 3079 884 3136 bello
905 3079 985 3136 nulla
1006 3081 1123 3137 omnino
1145 3080 1251 3136 mentio
1272 3090 1324 3152 est,

267 3174 298 3220 et
319 3165 358 3220 ab
380 3163 416 3220 iis
436 3163 525 3235 locis,
545 3164 575 3221 in
597 3163 700 3239 quibus
721 3167 780 3238 Ap.
804 3162 943 3220 Claudius
965 3182 1026 3220 rem
1047 3163 1182 3238 gerebat,
1211 3162 1324 3238 longius

296 3428 323 3497 ²)
341 3431 405 3494 Cap.
430 3436 469 3490 ll,
493 3431 631 3479 8Vahlen
653 3442 679 3479 et
702 3431 819 3479 Hertuins
846 3428 1048 3478 emendationem
1072 3443 1155 3478 meam
1180 3445 1256 3492 quum
1283 3433 1326 3479 ad-

341 3504 428 3550 iurare
445 3501 546 3557 vellent,
566 3510 746 3564 corruperunt,
764 3515 823 3548 nam
842 3508 871 3547 ut
889 3499 976 3548 Livius
993 3500 1118 3548 interdum
1131 3514 1206 3548 voces
1226 3502 1327 3550 easdem

341 3571 411 3621 brevi
430 3571 512 3635 spatio
530 3579 640 3634 repetat,
665 3575 790 3632 nusquam
817 3578 902 3618 tamen
927 3570 963 3617 its
985 3583 1016 3616 ex
1036 3570 1175 3618 abundanti
1193 3570 1219 3618 in
1238 3571 1327 3619 vitium

342 3642 401 3699 ruit,
420 3651 449 3689 ut
465 3641 572 3689 scribat:
602 3641 697 3689 comitio
715 3640 750 3689 ito
767 3639 871 3697 edicere,
897 3647 923 3687 ut
944 3639 1040 3688 cornilio
1056 3638 1099 3688 itta
1117 3648 1140 3688 et
1157 3638 1198 3688 illo
1217 3637 1255 3688 dic
1272 3641 1326 3690 rint.

342 3711 432 3774 Itaque
451 3725 527 3773 prave
545 3719 706 3758 attrectatum
727 3719 779 3768 est,
798 3711 866 3774 quod
885 3711 911 3756 in
930 3709 1017 3757 codice
1036 3717 1103 3757 recte
1121 3710 1254 3768 scribitur,
1271 3726 1327 3774 pos·

341 3790 400 3840 sent,
418 3795 496 3844 prave
514 3791 647 3838 servatum,
675 3782 744 3844 qnod
762 3796 807 3842 pro
826 3779 914 3841 conjici
930 3792 963 3825 ex
982 3780 1112 3842 superiore
1131 3793 1206 3828 versu
1224 3790 1327 3844 propter

343 3852 482 3915 primarum
500 3850 641 3898 litterarum
661 3851 849 3900 similitudinem
869 3849 1001 3911 subrepsit,
1016 3849 1118 3898 comitio.
1148 3848 1198 3898 Sed
1217 3850 1278 3898 sctis
1296 3851 1328 3900 de

342 3921 486 3970 huiusmodi
506 3921 580 3968 rebus
599 3921 666 3978 dixi,
694 3922 818 3982 attingam
837 3919 968 3968 tamenin
988 3934 1009 3967 c.
1032 3925 1071 3978 lt,
1092 3924 1106 3967 6
1126 3919 1203 3976 mire,
1222 3919 1328 3969 Dukero
1421 3951 1424 3958 ι

344 4001 459 4047 auctore,
479 3990 632 4052 geminatam
652 3991 683 4038 de
700 3990 785 4039 futuro
796 4000 908 4052 tempore
918 3989 1141 4052 interrogationem
1161 3992 1197 4051 [tu
1211 4015 1240 4024 -
1250 3989 1328 4052 prod-

343 4061 389 4110 ibis
411 4070 434 4109 et
459 4087 490 4095 -
513 4059 645 4124 prodibis),
671 4075 748 4122 quum
773 4072 798 4110 et
815 4058 942 4108 sententia
960 4067 986 4106 et
1004 4060 1113 4121 vestigia
1134 4058 1268 4108 manifesta
1286 4076 1330 4110 co·

345 4132 409 4180 dicis
426 4127 535 4195 (proditi,
553 4131 603 4179 hoc
621 4140 667 4190 est,
682 4128 800 4194 prodisti)
810 4130 959 4187 ostendant,
977 4129 1061 4193 priore
1077 4129 1139 4178 loco
1157 4129 1296 4192 perlectum
1315 4146 1332 4180 a

343 4202 419 4250 Livio
442 4201 549 4264 positum
575 4216 639 4250 esse.
687 4201 812 4250 Censores
836 4209 895 4263 post
919 4213 975 4246 eum
1002 4200 1104 4248 demum
1129 4200 1264 4274 dilectum,
1288 4201 1332 4262 qni

345 4288 412 4321 nunc
423 4273 505 4335 ipsum
519 4273 670 4332 habebatur,
690 4285 792 4320 censum
807 4270 887 4319 acturi
899 4279 925 4317 et
934 4269 1115 4334 ⁸interrogaturi
1133 4285 1166 4318 ex
1184 4268 1268 4318 edicto
1286 4287 1333 4320 suo

345 4354 426 4393 erant.
462 4342 549 4391 Nihilo
567 4342 657 4391 melius
675 4341 702 4391 ti
715 4358 821 4391 censores
838 4342 864 4388 in
884 4339 920 4388 lis
938 4339 1070 4387 ceusmu'bue
1088 4346 1220 4388 mutatum.
