3475 5084
566 529 645 578 Liber
661 528 732 582 m.
769 529 817 592 (Δ.
837 526 898 580 Chr.
921 532 992 595 178.)
1256 540 1274 595 3

249 731 346 772 vacua
361 721 461 770 castra
478 713 590 788 impetu
608 714 698 785 facto,
713 715 817 786 Histri,
839 733 904 773 eum
929 717 1004 774 alius
1026 727 1155 774 armatus
1176 718 1211 774 iis
1232 737 1320 776 nemo

251 818 371 875 obviam
393 817 479 887 isset,
496 817 527 873 in
549 819 684 893 praetorio
706 820 894 877 instruentem
918 832 1006 894 atque
1027 822 1228 879 adhortantem
1250 811 1320 880 suos

252 930 473 998 oppresserunt.
511 922 652 979 Proelium
678 926 807 982 atrocius
829 945 917 999 quam
939 945 993 1001 pro
1016 924 1163 1001 paucitate
1183 925 1319 982 resisten-
1345 928 1382 981 10

250 1029 323 1084 tiuru
346 1026 412 1096 fuit,
433 1045 488 1084 neo
505 1039 574 1084 ante
594 1028 705 1085 finitum
730 1044 782 1100 est,
806 1049 894 1105 qnam
917 1032 1048 1088 tribunus
1070 1029 1191 1086 militum
1214 1029 1322 1103 quiquo

252 1134 331 1190 eirca
352 1151 420 1188 eum
443 1133 641 1203 constiterant,
662 1134 806 1192 interfecti
822 1147 898 1193 sunt.
932 1136 1074 1193 Praetorio
1093 1134 1203 1190 deiecto
1226 1133 1322 1208 direp·
1347 1138 1381 1193 ll

251 1240 361 1312 aisque,
391 1256 456 1311 quae
477 1237 518 1292 ibi
544 1235 677 1307 fuerunt,
706 1239 745 1295 ad
766 1242 952 1314 quaestorium
977 1240 1204 1314 quintanamque
1224 1239 1323 1295 hostes

252 1350 459 1420 pervenerunt.
503 1341 550 1398 lbi
577 1360 643 1398 cum
672 1323 800 1399 omnium
822 1362 919 1401 rerum
942 1355 1075 1418 paratam
1100 1343 1323 1418 expositamque
1347 1345 1384 1402 12

253 1449 371 1524 copiam
396 1459 425 1504 et
441 1456 549 1504 stratos
565 1447 656 1504 lectos
672 1448 703 1504 in
720 1450 877 1521 quoestorio
894 1449 1078 1517 invenissent,
1100 1447 1219 1523 regulus
1238 1464 1325 1504 acco·

254 1554 329 1610 bans
346 1552 462 1626 epulari
478 1553 575 1626 coepit.
607 1553 681 1609 Mox
695 1552 771 1608 idem
787 1553 876 1609 ceteri
891 1571 1000 1622 omnes,
1019 1571 1166 1609 armorum
1181 1552 1324 1608 hostium·
1348 1557 1386 1613 ta

256 1677 315 1732 qus
333 1657 427 1725 obliti,
449 1655 570 1727 faciunt,
592 1667 630 1728 et,
648 1668 680 1714 ut
698 1657 804 1730 quibus
821 1658 951 1714 insuetus
966 1657 1115 1714 liberalior
1128 1657 1222 1715 vietus
1241 1668 1326 1728 esset,

255 1763 373 1820 avidius
395 1761 465 1818 vino
486 1761 611 1834 ciboque
632 1779 758 1835 corpora
779 1771 911 1819 onerent.

341 1867 540 1940 Nequaquam
567 1866 668 1922 eadem
700 1879 744 1923 est
770 1877 830 1924 tum
859 1866 903 1924 rei
934 1866 1031 1924 forma
1060 1867 1139 1942 apud
1159 1869 1326 1937 Romanos;
1390 1866 1409 1935 3

255 1982 353 2040 terra,
374 1971 450 2027 mari
479 1971 654 2046 trepidatum
683 1972 792 2028 nautici
813 1972 1003 2029 tabernacula
1024 1972 1179 2028 detendunt
1201 1990 1327 2030 comme·
1393 1998 1403 2008 ·⁴

258 2088 401 2150 stumque
419 2075 547 2133 inlitora
564 2076 728 2151 expositum
747 2077 777 2133 in
796 2095 886 2134 naves
897 2077 1027 2150 rapiunt;
1046 2076 1150 2132 milites
1162 2078 1191 2132 in
1202 2078 1328 2152 scaphas
1350 2083 1368 2142 2

258 2195 288 2240 et
309 2201 393 2238 mare
413 2182 505 2237 territi
527 2192 630 2250 ruunt;
659 2192 755 2237 nautae
786 2193 881 2252 metu,
912 2200 949 2237 ne
975 2182 1176 2256 compleantur
1200 2182 1329 2256 navigia,

258 2287 308 2344 alii
330 2287 425 2342 turboe
446 2285 606 2354 obsistunt,
628 2286 678 2342 alii
708 2287 746 2343 ab
775 2287 861 2343 litore
886 2304 977 2343 naves
1005 2287 1035 2342 in
1060 2286 1149 2343 altum
1173 2286 1329 2361 expellunt.

258 2393 335 2450 Inde
356 2402 523 2459 certamen,
551 2391 729 2447 mezetium
752 2410 851 2466 pugna
873 2411 938 2448 cum
960 2391 1128 2448 volneribus
1149 2403 1178 2448 et
1200 2392 1278 2449 caede
1299 2392 1329 2449 in
1353 2399 1371 2457 3

259 2499 354 2556 vicem
377 2497 499 2553 militum
520 2507 735 2570 nautarumque
751 2497 852 2564 oritur,
874 2497 967 2553 donee
984 2497 1063 2552 iussu
1082 2495 1207 2553 consulis
1226 2497 1328 2572 procul

259 2624 279 2660 a
308 2612 389 2660 terra
417 2600 520 2658 classis
546 2602 683 2657 submota
704 2612 757 2657 est.
801 2600 959 2659 Secernere
982 2601 1050 2658 inde
1073 2601 1197 2657 inermes
1219 2603 1257 2656 ab
1280 2619 1327 2657 ar·
1350 2615 1369 2669 4

259 2709 349 2766 matis
381 2707 479 2782 empit.
535 2707 597 2764 Vix
629 2705 715 2764 MCC
745 2726 782 2762 ex
813 2718 896 2763 tanta
923 2704 1121 2773 multitudine,
1160 2707 1209 2780 qui
1243 2725 1328 2765 arma

259 2815 414 2879 baberent,
435 2812 574 2887 perpauci
596 2813 717 2886 equites,
739 2813 789 2886 qui
804 2831 895 2886 equos
910 2829 1006 2868 secum
1023 2811 1199 2882 eduxissent,
1220 2812 1330 2870 inventi

261 2930 345 2987 sunt;
366 2927 464 2973 cetera
485 2917 624 2974 deformis
646 2918 741 2985 turba,
762 2918 842 2974 velut
863 2918 988 2973 lixarum
1003 2916 1206 2990 calonumque,
1230 2918 1332 2992 praeda

261 3023 326 3081 fere
348 3021 457 3090 futura,
480 3021 505 3077 si
526 3021 593 3078 betti
612 3022 712 3078 hostes
728 3022 934 3080 meminissent.
970 3022 1055 3077 Tunc
1076 3021 1191 3078 demum
1213 3023 1330 3080 nuntius
1348 3033 1371 3088 ·5

263 3130 302 3186 ad
322 3128 440 3185 tertiam
457 3126 599 3201 legionem
614 3128 810 3184 revocandam
825 3138 853 3184 et
868 3127 1023 3185 Gallorum
1039 3105 1213 3201 praesidium'
1223 3129 1332 3196 missus,

264 3247 294 3293 et
314 3233 403 3290 simul
424 3251 461 3288 ex
483 3231 618 3288 omnibus
638 3231 711 3288 locis
733 3233 772 3287 ad
795 3243 893 3288 eastra
913 3231 1079 3306 recipienda
1100 3230 1332 3304 demendamque

262 3339 455 3417 ignominiam
477 3337 566 3394 rediri
595 3348 720 3411 coeptum
743 3348 796 3393 est.
841 3337 966 3394 Tribuni
987 3336 1107 3393 militum
1130 3336 1222 3392 tertiae
1241 3335 1331 3410 legio·
1355 3349 1372 3402 6

264 3447 311 3502 nis
332 3444 472 3522 pabulum
494 3442 632 3516 lignaque
652 3442 784 3515 proicere
804 3441 916 3510 iubent,
945 3441 1158 3497 centurionibus
1180 3441 1333 3516 imperant,

266 3560 299 3606 ut
320 3547 473 3624 graviores
487 3557 573 3603 atate
587 3547 691 3603 milites
707 3546 790 3603 binos
805 3547 834 3602 in
849 3566 885 3604 ea
898 3546 1036 3616 iumenta,
1059 3565 1096 3602 ex
1117 3547 1222 3619 quibus
1244 3565 1335 3604 onera

267 3656 382 3713 deiecta
403 3662 497 3722 eraut,
517 3652 682 3727 imponant3
704 3652 858 3725 equitibus,
880 3663 911 3708 ut
933 3651 1063 3726 singulos
1080 3650 1262 3708 eiuvenibus
1283 3671 1335 3727 pe·

267 3845 503 3858 ,βω

270 3965 314 4022 11,
336 3968 349 4011 1
369 3960 475 4023 direptis
493 3971 551 4021 qua
567 3955 652 4006 Druk.
690 3960 705 4001 2
725 3955 889 4015 quaestorium
914 3953 999 4002 iorum
1017 3955 1218 4017 quintanamque
1241 3951 1336 4001 Duker.

269 4049 381 4106 111,1‚t
399 4046 451 4095 Pro
460 4053 516 4092 tum
534 4045 569 4092 rei
581 4044 690 4111 fortusse
708 4039 855 4089 scribendum
871 4055 955 4088 rerum
975 4057 1026 4089 cum
1045 4039 1163 4090 Iocobsio.
1188 4039 1214 4098 4,
1226 4045 1241 4086 t
1252 4041 1338 4102 praeda

270 4151 330 4188 rore
350 4133 406 4197 Mq.
424 4131 481 4181 Em.
500 4129 562 4180 495.
592 4128 618 4184 5,
637 4135 652 4175 2
671 4128 828 4191 praesidinm:
847 4137 873 4176 et
891 4127 966 4176 simul
992 4127 1133 4184 Weissenb,
1152 4135 1194 4174 etat
1212 4124 1262 4174 ulio
1274 4123 1339 4183 locet

264 4226 324 4290 sort
341 4221 410 4287 suit:
430 4219 612 4268 arcessendum
636 4217 736 4264 missus.
773 4214 804 4274 6,
832 4220 842 4263 l
873 4213 942 4263 Fert.
964 4214 1071 4264 Tribuni
1089 4213 1183 4262 milites
1201 4211 1257 4262 Em.
1277 4208 1341 4266 495,

274 4315 291 4358 4
308 4311 457 4373 imponant:
476 4307 574 4368 equites
593 4313 622 4352 ut
640 4318 770 4366 ononymos

1114 4387 1141 4437 ¹·
