3475 5084
475 542 513 596 53
741 535 818 586 meu
837 535 919 586 xnn.
958 537 1003 601 (A.
1023 553 1048 587 u.
1070 551 1090 587 e.
1112 537 1184 598 ooo.)

429 721 460 780 in
482 721 627 797 Capitolio
648 724 750 782 Romae
771 733 800 781 et
820 725 850 780 in
867 723 1032 800 Campania
1049 725 1087 782 ud
1103 724 1243 782 Minervae
1263 723 1498 799 promuntorium

430 828 645 899 renuntiarunt3
676 831 761 887 ludos
788 850 841 906 per
868 831 900 888 X
921 831 982 888 dies
1010 832 1076 889 Iovi
1103 831 1213 905 optimo
1244 828 1373 886 maximo
1401 829 1498 903 primo

391 935 409 990 l
432 951 549 1006 quoque
568 935 614 992 die
634 934 791 992 faciendos.
825 936 871 993 Ea
892 937 990 993 omnio
1011 956 1075 994 cum
1099 955 1169 992 cura
1190 934 1279 992 fecte.
1315 923 1499 1008 Haruspices

429 1035 461 1114 in
490 1039 597 1095 bonum
626 1059 775 1097 versurum
806 1041 836 1098 id
865 1042 1029 1117 prodigium
1062 1042 1314 1118 prolationemque
1340 1040 1441 1097 finium
1469 1047 1500 1095 et

431 1143 575 1201 interitum
596 1146 785 1219 perduellium
808 1146 941 1221 portendi
963 1148 1182 1221 responderunt,
1204 1148 1282 1222 quod
1305 1164 1342 1203 ex
1363 1143 1499 1203 hostibus

391 1252 408 1304 5
431 1249 526 1324 apulia
546 1249 668 1308 fuissent
688 1271 722 1308 ee
745 1262 856 1321 rostra,
879 1271 943 1328 quae
964 1261 1121 1328 tempestas
1143 1253 1294 1309 diiecisset.
1354 1255 1498 1308 Accesse-

431 1364 512 1424 runt,
535 1375 599 1431 quae
620 1357 800 1414 cumularent
820 1357 974 1432 religiones
997 1358 1114 1415 animis:
1158 1359 1311 1426 Saturniae,
1332 1355 1498 1412 nuntiatum

432 1471 504 1528 erat,
525 1461 667 1534 sanguine
688 1481 741 1537 per
761 1463 887 1521 triduum
903 1463 932 1519 in
951 1463 1059 1538 oppido
1077 1464 1217 1539 pluvisse3
1239 1462 1361 1520 Calatiae
1384 1461 1499 1517 asinum

432 1565 571 1640 tripedem
595 1577 710 1634 netum,
738 1576 767 1623 et
788 1577 902 1625 taurum
925 1587 989 1624 cum
1013 1569 1140 1643 quinqua
1161 1569 1259 1626 vaceis
1280 1586 1337 1624 uno
1359 1567 1419 1623 ictu
1442 1565 1499 1622 iul·

392 1673 409 1728 6
432 1670 517 1727 minis
549 1671 746 1741 exanimatos,
779 1675 901 1730 Auximi
930 1683 1008 1731 terra
1036 1675 1172 1749 pluvisse.
1232 1675 1346 1730 Horum
1380 1687 1500 1744 quoque

431 1775 629 1850 prodigiorum
652 1795 743 1834 cause
761 1796 808 1834 res
829 1778 934 1836 diviuoe
955 1778 1040 1836 ieetae
1062 1791 1091 1838 et
1112 1779 1285 1855 supplicatio
1307 1796 1397 1836 unum
1421 1777 1499 1832 diem

431 1878 569 1953 feriaeque
589 1882 705 1940 hebitae.

348 1972 388 2046 21
518 1983 659 2043 Consules
682 1989 770 2046 adid
794 2000 907 2064 tempus
928 1991 958 2046 in
980 1989 1159 2064 provinciam
1183 2006 1240 2043 non
1263 1986 1405 2056 exierant,
1430 1983 1502 2058 quia

432 2107 542 2162 neque,
563 2092 605 2147 uti
627 2093 663 2149 de
684 2095 726 2154 M.
750 2095 867 2170 Popilio
888 2094 1038 2163 referrent,
1063 2093 1176 2150 senatui
1198 2093 1446 2166 obsequebantur,
1471 2096 1502 2146 et

311 2203 315 2210 “
392 2192 503 2251 tnihil
535 2195 614 2252 eliud
642 2198 796 2257 decernere
829 2199 909 2274 prius
942 2207 1081 2255 statutum
1113 2199 1245 2273 patribus
1274 2207 1346 2254 erat.
1400 2199 1502 2253 Aucta

433 2300 518 2356 etium
542 2301 651 2359 invidie
672 2313 716 2358 est
737 2303 833 2376 Popili
855 2303 957 2359 litteris
979 2304 1057 2374 eius,
1087 2303 1191 2377 quibus
1213 2304 1316 2360 iterum
1339 2320 1405 2359 cum
1432 2301 1500 2357 Sta·

432 2405 508 2462 tellis
536 2407 690 2481 Liguribus
717 2426 852 2482 procons.
880 2426 1026 2483 pugnasse
1054 2428 1085 2464 se
1116 2409 1230 2483 scripsit
1260 2425 1294 2464 ac
1329 2425 1382 2463 sex
1419 2405 1502 2462 milia

433 2529 533 2566 aerum
565 2511 712 2571 occidisse.
763 2513 890 2588 Propter
916 2515 997 2572 cuius
1025 2514 1158 2570 iniuriam
1183 2513 1250 2571 belli
1272 2511 1359 2570 ceteri
1382 2528 1503 2585 quoque

392 2614 408 2669 3
433 2615 571 2688 Ligurum
594 2618 693 2691 populi
716 2618 753 2674 ad
776 2637 858 2674 arma
880 2619 983 2676 ierunt.
1015 2621 1091 2676 Turn
1112 2637 1182 2674 vero
1200 2635 1258 2673 nou
1281 2619 1387 2673 absens
1411 2615 1501 2672 modo

432 2719 580 2794 Popilius,
611 2723 660 2794 qui
690 2723 793 2779 deditis
821 2736 923 2780 contra
949 2724 993 2779 ius
1025 2742 1060 2781 ee
1086 2722 1132 2780 fas
1164 2723 1269 2779 bellum
1301 2720 1448 2778 intulisset
1475 2730 1504 2776 et

434 2836 555 2898 pacatos
584 2826 621 2881 ed
650 2828 846 2885 rebellandum
878 2828 1040 2895 incitasset,
1076 2829 1127 2884 sed
1151 2827 1297 2896 consules,
1332 2827 1411 2901 quod
1441 2845 1502 2883 non

393 2931 410 2984 ⁴l
434 2929 545 2986 exirent
565 2931 594 2986 in
617 2933 807 3006 provinciam.
828 2933 857 2989 in
880 2945 982 2990 senatu
1002 2932 1143 3006 increpiti.
1190 2933 1257 2988 Hoc
1281 2949 1423 2988 consensu
1447 2948 1503 3005 pa·

433 3042 508 3090 trum
532 3037 645 3092 accensi
668 3037 707 3093 M.
732 3038 860 3094 Marcius
884 3038 986 3096 Sermo
1009 3049 1037 3095 et
1059 3037 1095 3109 Q.
1112 3038 1239 3094 Marcius
1262 3035 1369 3111 Scylla,
1392 3035 1504 3091 tribuni

433 3139 541 3214 plebis,
571 3151 599 3196 et
625 3141 790 3198 consulibus
821 3143 940 3200 multem
963 3161 994 3198 se
1016 3143 1158 3210 dicturos,
1188 3141 1244 3198 nisi
1265 3143 1293 3198 in
1316 3141 1502 3216 provinciam

433 3246 554 3305 exirent.
573 3247 777 3304 denuntiarunt
797 3258 826 3305 et
847 3248 1038 3322 rogationem,
1056 3266 1144 3320 quam
1162 3247 1199 3303 de
1220 3247 1375 3321 Liguribus
1394 3245 1503 3301 deditis

393 3352 410 3403 5
433 3350 618 3423 promulgare
639 3353 668 3408 in
694 3353 790 3410 animo
812 3354 969 3421 haberent,
992 3352 1021 3408 in
1043 3363 1144 3408 senatu
1165 3353 1331 3409 recitarunt.
1377 3350 1503 3408 Saucie-

432 3453 534 3521 betur,
557 3466 596 3525 ut,
620 3457 668 3530 qui
691 3476 728 3513 ex
747 3457 876 3515 Statellis
898 3457 1001 3515 deditis
1024 3457 1054 3513 in
1076 3457 1236 3513 libertatem
1259 3457 1410 3512 restitutus
1432 3465 1503 3512 ante

433 3558 569 3617 calendas
585 3561 709 3619 Sextiles
735 3564 844 3637 primes
871 3582 930 3620 non
952 3561 1036 3631 ess'et,
1058 3563 1138 3619 cuius
1157 3562 1225 3618 dolo
1245 3563 1321 3618 nralo
1338 3561 1363 3618 is
1386 3561 1416 3617 in
1439 3579 1502 3616 ser-

432 3807 526 3855 tiovts
545 3821 560 3854 e
578 3788 612 3855 m.
653 3805 679 3861 4,
696 3783 911 3868 8pnerduellium
939 3803 992 3862 {ua
1013 3805 1125 3852 saturnio
1161 3802 1274 3868 ³Gryn.
1285 3803 1383 3866 pluisse
1394 3802 1462 3862 (οἰδ,
1474 3807 1501 3862 b)

433 3889 591 3957 lculentaea
619 3887 1202 3953 ttripidcmluaccbisltluminisexeminatos
1229 3889 1308 3938 oximi
1336 3887 1361 3948 6,
1378 3891 1500 3953 lquique

432 3982 447 4024 2
458 3977 673 4039 supplicationum
684 3978 750 4025 diem
787 3977 860 4033 XXI,
872 3975 895 4036 1,
910 3982 919 4024 l
933 3977 1077 4039 prouincias
1089 3976 1219 4039 Rupertiua
1252 3975 1384 4038 2(reierre
1394 3975 1442 4032 Η.)
1454 3974 1459 4038 l
1470 3983 1499 4024 ut

431 4063 496 4110 nibil
531 4061 556 4120 2,
576 4068 590 4110 2
609 4063 697 4125 populi
713 4063 718 4124 Ι
734 4063 940 4126 quibussiiterum
957 4066 960 4124 Ι
977 4062 1102 4111 sutelletis
1122 4061 1247 4112 Bekkerua
1266 4061 1357 4126 (Grpe.
1374 4061 1498 4112 Statella-

431 4148 529 4210 tibus)³
548 4163 616 4197 ecse
626 4163 653 4197 x.
673 4149 743 4197 milla
761 4147 852 4213 (Grpe.
872 4165 903 4198 uo
922 4165 948 4199 se
966 4151 1054 4198 decem
1074 4151 1122 4210 m.)
1155 4156 1290 4212 tqueqne
1327 4149 1352 4206 3,
1373 4155 1388 4196 2
1407 4149 1447 4197 ius
1466 4163 1498 4196 aa

432 4241 483 4282 tam
499 4235 595 4283 bellum
610 4235 742 4284 intulisset
756 4246 861 4300 pecator
896 4243 912 4286 3
927 4238 960 4284 ad
973 4237 1105 4286 rebellium
1119 4235 1157 4285 ed.
1172 4235 1241 4287 Grat-
1253 4233 1317 4298 (Osr.
1328 4234 1385 4284 Em.
1396 4232 1451 4284 517
1460 4232 1497 4297 a.)

430 4317 457 4380 4,
476 4325 491 4368 3
512 4330 537 4370 et
555 4322 644 4370 consul
662 4322 770 4371 multam
805 4322 830 4381 5,
851 4329 866 4370 2
886 4323 985 4372 satollia
