3475 5084
667 483 723 533 Lib.
743 480 924 534 XC-XCVI.
1247 485 1283 541 63

255 690 406 745 piratarum
425 682 589 746 expugnavit.
630 680 793 737 Nicomedes,
817 670 945 743 Bithynia
962 694 1017 739 reX,
1043 680 1165 743 populum
1183 681 1327 729 Romanum

256 773 322 822 fecit
351 775 483 837 heredem,
513 788 668 837 regnumque
693 775 747 821 eius
773 774 800 821 in
826 772 964 836 provincia
988 772 1096 820 formam
1122 774 1252 821 redactum
1280 782 1328 825 est,

255 866 438 926 Mithridates,
463 865 558 915 foedcre
577 882 634 914 cum
653 865 765 916 Sertorio
785 867 844 925 icto,
867 867 962 914 bellum
982 865 1077 929 populo
1098 865 1214 913 Romano
1234 864 1326 914 intulit.

255 959 416 1022 Apparatus
441 960 499 1007 dein
521 961 648 1021 regiarum
669 960 798 1023 copiarum
816 958 970 1021 pedestrium
998 958 1177 1020 navaliumque
1205 965 1229 1004 et
1251 970 1328 1004 oocu-

255 1062 319 1115 pata
333 1052 461 1114 Bithynia
478 1053 580 1117 refertur
597 1062 621 1100 er
642 1050 678 1099 M.
699 1052 818 1099 Aurelius
837 1049 985 1100 Cotta'oos.
1005 1051 1039 1098 ad
1057 1047 1220 1097 Calchedona
1238 1047 1329 1110 proelio

256 1159 272 1192 a
293 1159 360 1206 rege
380 1146 470 1203 victus,
495 1160 587 1208 resque
605 1159 621 1191 a
638 1143 760 1206 Pompeio
779 1151 805 1191 et
822 1143 928 1191 Metello
950 1143 1071 1190 adversus
1091 1142 1230 1191 Sertorium
1247 1148 1327 1204 qesta,

257 1238 356 1300 quibus
377 1240 496 1286 omnibus
514 1236 575 1284 belli
593 1236 740 1299 militiaque
759 1237 856 1285 artibus
875 1251 921 1298 par
944 1233 1006 1297 fuit,
1035 1242 1061 1282 ut
1079 1249 1142 1296 quos
1162 1240 1187 1281 et
1205 1232 1237 1280 ab
1260 1231 1327 1279 obsi·

257 1331 337 1378 dione
372 1329 509 1391 Calaguris
544 1330 629 1392 oppidi
659 1329 779 1391 depulsos
809 1328 921 1392 coegerit
945 1330 1055 1376 diversas
1087 1330 1203 1392 regiones
1232 1333 1328 1390 petere,

256 1424 402 1472 Metellum
421 1422 566 1471 ulteriorem
585 1421 745 1484 Hispaniam,
766 1420 917 1485 Pompeium
937 1421 1055 1470 Galliam.
1126 1424 1128 1435 '

607 1701 611 1707 q
669 1638 718 1686 ax
737 1638 804 1687 nra.
824 1637 920 1687 xcru

330 1755 363 1803 L.
385 1754 498 1803 Licinius
516 1755 639 1804 Lucullus
658 1769 710 1802 cos.
729 1756 849 1803 adversus
868 1752 1034 1803 Mithridaten
1053 1754 1213 1813 equestribus
1231 1755 1327 1817 proeliis
1414 1759 1416 1764 '

258 1846 374 1896 feliciter
390 1848 516 1910 pugnavit
538 1855 564 1895 et
584 1847 683 1908 aliquot
701 1848 873 1909 expeditiones
900 1860 1034 1909 prosperas
1057 1844 1118 1893 fecit
1141 1854 1327 1908 poscentesque

257 1954 380 2003 pugnam
394 1939 489 1989 milites
502 1956 517 1989 a
530 1941 652 1989 seditione
667 1940 785 2001 inhibuit.
823 1939 969 1996 Deiotarus,
992 1938 1166 2001 Gallogracia
1179 1940 1327 1996 tetrarches,

257 2031 398 2093 praefectos
417 2032 573 2082 Mithridatis
599 2033 694 2081 bellum
720 2032 746 2079 in
764 2031 878 2095 Phrygia
904 2040 1033 2081 moventes
1058 2033 1155 2080 cecidit.
1202 2031 1328 2080 Praeterea

259 2139 300 2172 res
329 2140 345 2171 a
370 2122 419 2172 Cn.
446 2124 570 2189 Pompeio
600 2127 626 2173 in
653 2124 778 2187 Hispania
810 2133 898 2172 contra
927 2124 1064 2174 Sertorium
1095 2126 1331 2187 prospere‘gestas.

260 2218 388 2265 continet.

678 2376 727 2426 EX
745 2377 812 2426 LIB.
831 2375 915 2425 XCV.

339 2490 370 2539 C.
394 2490 470 2538 Curio
489 2504 589 2552 procos.
607 2490 744 2541 Dardanos
762 2494 786 2539 in
806 2492 918 2540 Thracia
937 2493 1042 2540 domuit.
1080 2490 1206 2551 Quattuor
1227 2499 1252 2539 et
1271 2504 1327 2554 sep·

264 2585 385 2645 tuaginta
403 2583 558 2645 gladiatores
580 2581 673 2646 Capua
692 2599 724 2632 ex
739 2584 800 2633 ludo
818 2585 920 2633 Lentuli
940 2584 1106 2649 profugerunt
1121 2594 1153 2642 et,
1174 2592 1329 2647 congregata

265 2679 430 2726 servitiorum
460 2675 697 2739 ergastulorumque
724 2679 892 2737 multitudine,
923 2677 1002 2727 Crixo
1027 2688 1053 2727 et
1072 2679 1195 2743 Spartaco
1222 2677 1328 2725 ducibus

265 2768 334 2817 bello
355 2769 469 2817 excitato
488 2767 624 2817 Claudium
644 2769 782 2817 Pulchrum
809 2770 922 2831 legatum
948 2781 973 2820 et
990 2772 1020 2823 P.
1038 2773 1170 2820 Varenum
1194 2776 1328 2833 praetorem

264 2862 357 2923 proelio
382 2862 505 2911 vicerunt.
549 2863 579 2911 L.
605 2863 727 2912 Lucullus
751 2877 850 2926 procos.
878 2866 910 2911 ad
931 2863 1050 2928 Cynicum
1076 2865 1162 2913 urbem
1189 2863 1327 2911 exercitum

265 2954 425 3003 Mithridatis
452 2952 519 3001 fame
548 2953 665 3018 ferroque
689 2954 796 3014 delerit,
826 2956 979 3021 pulsumque
1000 2957 1119 3019 Bithynia
1143 2970 1228 3015 regem
1254 2955 1328 3002 variis

265 3046 326 3094 belli
347 3062 378 3095 ac
397 3044 586 3108 naufragiorum
606 3048 708 3095 casibus
728 3046 835 3095 fractum
855 3050 940 3111 coegit
958 3050 985 3096 in
1002 3048 1113 3097 Pontum
1133 3046 1276 3113 profugere.

670 3241 719 3290 EX
736 3242 804 3292 LIB.
823 3241 921 3293 XCVI.

341 3357 371 3417 Q.
391 3358 482 3408 Arrius
501 3365 595 3423 prator
612 3356 717 3406 Crixum
744 3357 906 3419 fugitivorum
926 3359 1015 3406 ducem
1043 3373 1099 3407 cum
1116 3340 1181 3405 {X-
1194 3356 1326 3405 hominum

267 3452 365 3501 cecidit.
406 3450 452 3501 Cn.
472 3452 598 3501 Lentulus
617 3467 670 3500 cos.
699 3451 764 3500 male
790 3451 911 3499 adversus
939 3449 1089 3513 Spartacum
1111 3450 1241 3513 pugnavit.
1285 3450 1326 3497 Ab

267 3544 357 3593 eodem
376 3545 406 3594 L.
428 3544 526 3594 Gellius
551 3558 604 3593 cos.
625 3542 700 3604 etQ.
723 3544 812 3591 Arrius
836 3551 931 3605 praetor
949 3544 1003 3590 acie
1021 3543 1081 3591 victi
1100 3550 1167 3591 sunt.
1200 3541 1327 3591 Sertorius

267 3637 336 3687 aM.
361 3637 490 3701 Perperna
516 3645 541 3684 et
564 3634 600 3685 M.
621 3637 735 3685 Antonio
762 3644 787 3684 et
810 3636 866 3685 aliis
892 3636 1028 3684 coniuratis
1059 3636 1085 3682 in
1110 3635 1224 3683 convivio
1248 3635 1327 3683 inter-

266 3726 350 3778 fectus
375 3738 412 3779 est
436 3738 526 3778 octavo
551 3730 659 3778 ducatus
682 3731 721 3777 sui
741 3744 821 3786 ann03
851 3743 959 3791 magnus
987 3729 1039 3775 dux
1067 3739 1090 3775 et
1118 3729 1235 3777 adversus
1263 3727 1327 3777 duos
1409 3755 1410 3761 =

266 3819 433 3884 imperatores
450 3822 602 3885 Pompeium
628 3832 653 3871 et
675 3823 808 3871 Metellum
834 3822 877 3870 vel
902 3822 1059 3885 frequentius
1086 3822 1178 3875 victor,
1209 3823 1242 3869 ad
1267 3821 1326 3868 ulti·

268 3925 336 3961 mum
362 3922 388 3963 et
415 3929 496 3963 savus
523 3922 549 3962 et
574 3916 704 3977 prodigus.
750 3915 889 3978 Imperium
919 3916 1028 3979 partium
1056 3916 1088 3963 ad
1116 3913 1153 3963 M.
1171 3915 1326 3977 Perpernam

268 4007 426 4067 translatum,
446 4022 519 4071 quem
532 4006 578 4056 Cn.
592 4007 730 4071 Pompeius
746 4010 840 4056 victum
860 4017 1013 4071 captumque
1031 4007 1165 4066 interfecit,
1184 4022 1217 4079 acu
1232 4006 1327 4069 recepit

268 4094 405 4160 Hispanias
424 4100 522 4148 decimo
544 4099 597 4147 fere
621 4115 702 4159 anno,
731 4085 807 4162 quam
832 4110 942 4164 coeptum
969 4111 1008 4149 est
1027 4101 1130 4150 bellurn.
1171 4097 1200 4147 C.
1222 4098 1327 4148 Cassius

267 4201 366 4249 procos.
387 4200 413 4240 et
431 4189 478 4241 Cn.
498 4192 611 4240 Manlius
629 4201 724 4256 prator
744 4195 810 4241 male
830 4195 951 4243 adversus
972 4194 1122 4257 Spartacum
1141 4200 1326 4255 pugnaverunt,

267 4279 343 4344 idque
360 4285 454 4333 bellum
473 4287 509 4335 M.
530 4283 622 4335 Crasso
642 4287 742 4349 praetori
761 4287 910 4335 mandatum
931 4296 976 4335 est.
