3475 5084
600 491 656 540 Lib.
675 490 974 541 LXXIII-LXXVIII.
1237 496 1272 549 57

264 687 360 749 aliquot
379 688 485 751 populos
503 688 604 751 recepit,
625 688 774 751 quantisque
788 703 844 736 raro
861 689 993 751 quisquam
1007 688 1071 737 alins
1086 695 1144 735 ente
1155 687 1315 738 consulatum
1336 724 1339 734 .
1367 668 1370 676 Δ

263 781 336 828 rebus
355 782 432 843 gestis
450 782 483 829 ad
501 782 648 843 petitionem
668 781 813 830 consulatus
828 781 937 829 Romam
956 788 994 829 est
1011 778 1147 843 profectus.

650 908 699 957 EX
717 908 784 958 LIB.
803 906 926 956 LXXVI.

333 1024 364 1071 A.
391 1021 515 1073 Gabinius
542 1025 659 1087 legatus,
692 1025 768 1072 rebus
797 1024 917 1071 adversus
949 1023 1066 1072 Lucanos
1093 1036 1214 1085 prospere
1238 1023 1317 1085 gestis

261 1122 285 1162 et
302 1114 417 1177 plurimis
436 1117 537 1180 oppidis
550 1118 712 1181 expugnatis,
731 1117 757 1164 in
771 1116 905 1165 obsidione
915 1116 1044 1165 hostilium
1058 1123 1198 1163 castrorum
1218 1114 1316 1164 cecidit.

261 1206 389 1271 Sulpicius
414 1210 513 1272 legatus
532 1209 693 1259 Marrucinos
717 1209 808 1257 cecidit
832 1217 962 1272 totamque
984 1223 1039 1255 eam
1064 1209 1194 1271 regionem
1214 1209 1317 1271 recepit.

261 1298 307 1349 Cn.
327 1300 467 1366 Pompeius
485 1303 623 1366 proconsul
641 1302 765 1351 Vestinos
788 1311 813 1350 et
830 1301 952 1363 Pelignos
979 1302 1005 1348 in
1031 1302 1184 1350 deditionem
1210 1302 1316 1366 accepit.

259 1391 338 1442 Marsi
358 1409 459 1458 quoque
478 1410 493 1441 a
512 1395 542 1443 L.
564 1393 645 1443 Cinna
664 1402 689 1442 et
707 1393 810 1443 Caecilio
829 1394 878 1443 Pio
897 1394 989 1454 legatis
1008 1393 1105 1455 aliquot
1127 1395 1224 1457 proeliis
1243 1394 1317 1444 fracti

258 1494 343 1547 petere
361 1502 451 1550 pacem
476 1496 614 1551 caeperunt.
650 1488 774 1537 Asculum
798 1504 814 1536 a
832 1486 880 1536 Cn.
900 1486 1025 1551 Pompeio
1044 1496 1146 1552 captum
1166 1496 1211 1537 est.
1253 1487 1317 1537 Caesi

260 1586 284 1625 et
306 1594 322 1626 a
340 1579 419 1627 Mum.
440 1579 548 1629 AEmilio
572 1582 657 1643 legato
671 1581 775 1641 Italici3
808 1582 862 1631 Silo
881 1579 1056 1643 Pompaedius,
1089 1581 1141 1628 dux
1165 1580 1317 1650 Marsorum,

259 1678 348 1719 auctor
367 1675 422 1731 eius
434 1675 478 1734 rei,
497 1675 524 1722 in
534 1675 623 1738 proelio
637 1675 735 1722 cecidit.
772 1674 959 1723 Ariobarzanes
970 1671 1147 1737 cappadocis,
1166 1671 1318 1721 Nicomedes

258 1762 385 1826 Bithynius
410 1779 489 1828 rpgno
513 1767 693 1816 aMithridate
711 1766 788 1816 Ponti
811 1782 873 1830 rege
897 1767 965 1831 pulsi
985 1774 1051 1815 sunt.
1088 1766 1216 1814 Praetereu
1233 1766 1317 1813 incur·

259 1856 343 1904 siones
363 1858 494 1907 Thracum
512 1860 539 1907 in
557 1860 735 1909 Macedoniam
754 1859 984 1922 populationesque
1004 1860 1123 1909 continet.

642 1998 690 2046 EX
708 1998 775 2046 LIB.
795 1998 933 2048 LXXVII.

328 2107 417 2168 Quum
441 2109 470 2159 P.
497 2110 624 2175 Sulpicius
655 2122 685 2161 tr.
707 2114 741 2176 pl.
772 2123 875 2162 auctore
904 2111 932 2163 C.
951 2114 1034 2163 Mario
1064 2113 1219 2176 perniciosas
1246 2110 1318 2172 leges

258 2202 453 2264 promulgasset,
485 2212 513 2251 ut
542 2205 643 2254 exsules
675 2217 856 2255 revocarentur
883 2218 908 2256 et
932 2209 993 2255 novi
1012 2208 1077 2255 cives
1104 2204 1267 2266 libertinique
1293 2202 1318 2251 iu
1341 2226 1342 2229 ¹

259 2310 335 2343 omnes
356 2296 430 2344 tnbus
450 2296 672 2361 distribuerentur,
704 2307 729 2349 et
756 2308 785 2348 ut
815 2299 844 2349 C.
868 2300 967 2349 Marius
998 2301 1118 2347 adversus
1141 2296 1318 2345 Mithridatem

258 2389 332 2437 Ponti
359 2404 446 2451 regern
471 2390 523 2437 dux
541 2400 683 2450 crearetur,
713 2402 738 2440 et
761 2392 955 2442 adversantibus
975 2390 1122 2439 consulibus
1144 2386 1173 2447 Q.
1194 2385 1317 2449 Pompeio

260 2488 284 2529 et
294 2482 323 2530 L.
333 2481 412 2531 Sullae
425 2483 476 2532 vim
486 2482 622 2543 intulisset,
642 2485 728 2535 occiso
739 2484 769 2543 Q.
784 2484 907 2551 Pompeio
921 2483 1032 2533 consulis
1041 2484 1102 2543 filio,
1122 2494 1216 2544 genero
1230 2477 1316 2535 Sullae,

259 2572 289 2622 L.
303 2574 377 2622 Sulla
396 2590 448 2623 cos.
470 2590 527 2624 cnm
547 2577 705 2625 exercituin
724 2580 811 2626 urbem
830 2580 900 2627 venit
919 2588 944 2627 et
962 2580 1084 2627 adversus
1103 2576 1242 2626 lectionem
1259 2570 1318 2620 Sul-

258 2666 315 2726 picii
334 2675 360 2715 et
378 2666 454 2715 Marii
478 2668 505 2716 in
523 2670 580 2732 ipsa
602 2671 665 2719 urbe
688 2672 811 2733 pugnavit
834 2686 941 2733 eamque
968 2671 1078 2735 expulit,
1105 2686 1137 2718 ex
1162 2682 1212 2729 que
1229 2665 1283 2713 XIl
1301 2679 1317 2711 a

259 2769 348 2805 senatu
373 2759 473 2819 hostes,
506 2761 572 2809 inter
602 2776 665 2825 quos
686 2763 714 2814 0.
735 2762 832 2813 Marius
857 2773 930 2827 pater
955 2773 980 2813 et
1004 2764 1083 2822 filius,
1114 2762 1218 2810 iudicati
1250 2766 1316 2811 sunt,

258 2848 286 2898 P.
305 2849 434 2914 Sulpicius
454 2867 531 2915 quum
550 2856 576 2902 in
595 2845 704 2917 quadam
726 2857 784 2905 villa
802 2857 902 2915 lateret,
927 2856 1022 2904 indicio
1042 2856 1106 2904 servi
1131 2854 1169 2901 sui
1193 2858 1317 2900 retractus

259 2949 284 2989 et
302 2945 403 2993 occisus
423 2953 469 2993 est.
508 2947 608 3001 Seruus,
628 2956 655 2997 ut
671 2950 803 3012 praemium
823 2949 976 3011 promissum
996 2948 1073 2995 indici
1091 2947 1204 3003 heberet,
1228 2958 1316 2992 manu-

257 3036 349 3085 missus
369 3046 395 3086 et
414 3037 448 3086 ob
467 3040 550 3089 scelus
567 3041 660 3103 proditi
679 3042 776 3089 domini
803 3044 834 3089 de
858 3056 921 3090 saxo
948 3040 1060 3087 deiectus
1082 3046 1130 3088 est.
1170 3036 1198 3086 C.
1219 3036 1317 3083 Marius

258 3126 323 3177 lilius
341 3130 368 3178 in
389 3130 506 3180 Africam
526 3133 632 3182 traiecit.
668 3132 700 3192 C.
720 3121 816 3182 Murins
834 3141 908 3197 puter
926 3146 1004 3193 quum
1022 3132 1048 3179 in
1061 3128 1197 3195 paludibus
1207 3129 1317 3177 Mintur·

258 3222 373 3271 neusium
393 3224 491 3284 lateret,
512 3234 642 3274 extractus
661 3235 698 3275 est
715 3228 748 3274 ab
768 3227 910 3290 oppidanis,
938 3224 964 3274 e't
992 3239 1068 3287 quum
1087 3224 1179 3271 missus
1197 3222 1230 3268 ad
1249 3221 1316 3269 occi·

258 3310 367 3363 dendum
399 3330 456 3364 eum
487 3332 573 3366 servus
604 3320 708 3366 natione
731 3319 820 3368 Gallus
847 3321 979 3367 maiestate
1006 3318 1069 3366 tanti
1095 3317 1142 3364 viri
1170 3315 1317 3379 perterritus

257 3409 413 3466 recessisset,
441 3409 573 3472 impositus
597 3389 698 3475 publice
725 3412 784 3459 navi
803 3412 902 3462 delatus
924 3420 964 3461 est
987 3412 1014 3458 in
1030 3409 1155 3459 Africam.
1193 3409 1222 3456 L.
1244 3405 1318 3455 Sulla

257 3497 368 3549 civitatis
387 3509 480 3550 statum
496 3503 638 3563 ordinavit;
656 3505 750 3552 exinde
768 3505 882 3554 colonius
901 3506 1013 3554 deduxit.
1053 3503 1083 3562 Q.
1103 3502 1241 3564 Pompeius
1263 3514 1316 3549 cos.

257 3590 289 3636 ad
313 3593 489 3655 accipiendum
514 3611 529 3643 a
553 3594 601 3644 Cn.
620 3596 743 3659 Pompeio
767 3612 867 3660 procos.
894 3600 1033 3647 exercitum
1055 3595 1184 3660 profectus
1208 3592 1317 3641 consilio

257 3681 311 3731 eius
335 3685 435 3735 occisus
454 3695 501 3736 est.
538 3687 702 3738 Mithridates
714 3690 790 3739 Ponti
810 3706 864 3751 rex,
884 3692 1005 3755 Bithynia
1023 3698 1049 3738 et
1058 3686 1223 3753 Cappadocia
1241 3699 1317 3733 occu·

256 3777 323 3837 petis
347 3787 373 3825 et
397 3780 471 3842 pulso
493 3781 598 3843 Aquilio
615 3782 714 3843 legato,
742 3784 894 3847 Phrygiam,
920 3783 1077 3848 provinciam
1095 3780 1183 3845 populi
1197 3776 1316 3834 Romani,

257 3882 313 3916 cum
334 3871 431 3933 ingenti
451 3873 564 3921 exercitu
583 3874 692 3924 intravit.

632 3977 682 4026 EX
699 3977 766 4028 LIB.
784 3979 936 4029 LXXVIII.

325 4090 488 4140 Mithridates
506 4092 592 4141 Asiam
611 4095 751 4156 occupavit,
775 4092 805 4153 Q.
827 4094 938 4158 Oppium
957 4110 1067 4159 procos,
1086 4094 1146 4140 item
1167 4084 1214 4138 Μ’.
1233 4083 1317 4149 Aqui·

256 4178 318 4231 lium
337 4184 452 4246 legatum
470 4184 496 4231 in
514 4185 617 4233 vincula
637 4186 754 4245 coniecit,
781 4187 902 4250 iussuque
922 4188 985 4244 eius,
1010 4185 1129 4247 quiequid
1153 4184 1245 4233 civium
1264 4184 1316 4233 Ro·

256 4288 388 4324 manorum
407 4277 433 4324 in
452 4276 517 4325 Asia
537 4276 593 4337 fuit,
612 4292 664 4327 uuo
683 4279 724 4326 die
743 4280 897 4328 trucidatum
917 4287 964 4329 est.
1001 4277 1095 4327 Urbem
1112 4278 1240 4342 Rhodum,
1260 4291 1318 4339 quse
