3475 5084
520 526 600 579 unm
615 526 712 577 xum.
756 526 803 591 (A.
825 527 885 577 cir.
908 526 978 590 1⁷0.)
1183 530 1239 586 12⁷

222 728 322 783 resque
344 728 494 767 accessere
514 721 701 769 accusatores
725 712 783 769 duo
807 712 914 769 tribuni
935 712 1039 786 plebis,
1062 710 1110 768 M’.
1132 710 1282 768 Iuventius

223 815 340 893 Thalna*
358 825 387 871 et
408 814 462 875 Cn.
485 816 630 872 Aufidius.
689 817 715 873 li
743 836 802 873 non
827 819 856 873 in
886 826 986 874 senatu
1010 816 1096 873 modo
1118 835 1182 873 eum
1205 816 1281 873 lece·
1305 818 1322 873 3

223 930 327 988 rerunt,
350 920 454 977 sedin
478 921 642 977 contionem
665 922 752 978 etiam
776 932 931 996 pertracto,
954 922 1049 977 multis
1071 920 1190 977 obiectis
1212 940 1281 994 pro·

223 1024 283 1093 bris,
306 1024 385 1080 diem
408 1025 553 1084 dixerunt.
598 1025 723 1084 Senatus
745 1028 825 1084 iussu
849 1026 1087 1085 Chalcidensibus
1109 1025 1280 1097 Q.Maenius
1305 1028 1323 1083 4

221 1138 323 1202 praetor
352 1130 521 1203 respondit,
555 1149 620 1203 quae
652 1132 726 1187 bene
760 1134 877 1189 meritos
908 1151 971 1189 sese
999 1141 1027 1189 et
1054 1141 1121 1186 aute
1146 1130 1224 1186 etin
1247 1148 1281 1187 eo

222 1234 305 1303 bello,
340 1234 420 1308 quod
444 1245 576 1308 geratur,
612 1236 648 1291 de
671 1236 780 1310 populo
802 1239 937 1294 Romano
959 1237 1070 1306 dicent,
1103 1253 1139 1290 ea
1160 1242 1188 1289 et
1209 1234 1283 1292 scire

220 1357 284 1395 uera
306 1358 361 1395 eos
382 1337 493 1396 referre
514 1350 657 1410 senatum,
679 1350 707 1396 et
728 1341 856 1414 perinde,
880 1361 915 1399 ae
936 1342 1073 1408 debeant,
1100 1348 1185 1413 grata
1207 1357 1281 1399 esse.

221 1444 286 1516 Quae
307 1444 391 1501 facta
412 1463 432 1500 a
453 1442 486 1503 C.
508 1445 645 1502 Lucretio
666 1446 787 1519 fierique
810 1447 847 1502 ab
871 1447 904 1502 L.
928 1444 1086 1501 Hortensio
1107 1444 1279 1516 praetoribus
1304 1440 1322 1493 5

219 1550 358 1607 Romanis
381 1559 558 1623 querantur,
590 1568 626 1605 ea
647 1568 742 1623 neque
763 1549 843 1606 facta
865 1568 959 1623 neque
980 1549 1043 1605 fieri
1065 1547 1214 1604 voluntate
1235 1564 1280 1602 se·

219 1664 316 1725 uatus,
352 1673 441 1728 quem
465 1674 524 1711 non
546 1673 633 1728 posse
654 1655 835 1724 existimare,
868 1653 917 1727 qui
939 1653 1020 1723 sciat,
1052 1653 1157 1709 bellum
1181 1650 1282 1708 Persei
1304 1650 1321 1705 6

219 1768 245 1814 et
264 1769 332 1815 aute
355 1760 506 1833 Philippo,
528 1760 605 1834 patri
627 1759 705 1827 eius,
725 1759 856 1814 intulisse
877 1758 1015 1832 populum
1037 1760 1201 1815 Romanum
1225 1773 1278 1829 pro

218 1860 349 1919 hbertate
371 1862 513 1931 Gracia,
536 1882 597 1919 nou
616 1872 648 1919 ut
669 1882 705 1918 ea
729 1881 748 1918 a
770 1863 987 1937 magistratibus
1009 1864 1068 1919 suis
1091 1861 1161 1916 socii
1184 1860 1281 1932 edque

220 1968 300 2024 amici
324 1966 518 2042 paterentur?
574 1968 701 2024 Litteras
728 1986 760 2024 se
788 1969 826 2023 ad
852 1968 887 2025 L.
911 1966 1099 2023 Hortensium
1128 1974 1280 2039 praetorem
1305 1966 1321 2020 7

220 2071 335 2127 daturos
359 2091 443 2141 esse,
479 2090 544 2147 quae
566 2070 771 2129 Chalcidenses
802 2080 960 2145 querantur
989 2080 1071 2139 acta,
1105 2088 1140 2125 ea
1169 2066 1282 2124 senatui

220 2193 272 2231 non
294 2177 430 2251 placere3
459 2176 484 2233 si
507 2177 607 2250 quiin
629 2178 793 2233 servitutem
814 2177 897 2233 liberi
909 2176 1062 2243 venissent,
1083 2183 1126 2259 ut·
1137 2192 1187 2229 eos
1209 2191 1281 2228 con-

221 2282 365 2351 quirendos
387 2282 483 2356 primo
512 2301 629 2355 quoque
650 2292 780 2356 tempore
801 2281 1051 2353 restituendosque
1068 2278 1098 2333 in
1119 2278 1282 2334 libertatem

221 2395 344 2455 curaret;
388 2387 535 2442 sociorum
569 2386 716 2442 navalium
748 2385 891 2441 neminem
928 2395 1033 2456 praeter
1066 2383 1220 2455 magistros
1252 2380 1282 2438 in

220 2488 343 2563 hospitia
366 2490 471 2547 deduci
494 2510 608 2565 aequum
633 2509 758 2547 censere.
791 2491 863 2545 Haec
886 2488 1043 2544 Hortensio
1068 2488 1147 2543 iussu
1165 2492 1282 2540 senatus
1305 2482 1322 2538 8

221 2594 333 2668 scripta.
391 2596 518 2652 Munera
551 2597 649 2652 binum
679 2574 791 2650 milium
821 2594 885 2650 aeris
914 2593 1017 2667 legatis
1040 2593 1129 2648 missa
1150 2598 1178 2646 et
1200 2589 1281 2645 vehi-

221 2699 281 2754 cula
303 2700 428 2757 Micioni
453 2701 568 2774 publice
591 2701 702 2767 locata,
736 2717 800 2771 quae
831 2718 896 2755 eum
921 2696 1106 2754 Brundisium
1129 2694 1282 2752 commode
1310 2691 1314 2696 ’

221 2806 419 2875 perveherent.
467 2804 501 2864 C.
525 2805 707 2874 Lucretium,
739 2804 787 2859 ubi
810 2804 886 2874 dies,
910 2822 974 2877 quae
996 2803 1073 2858 dicta
1093 2810 1172 2869 erat,
1194 2798 1282 2869 venit,
1304 2796 1322 2851 9

221 2908 322 2965 tribuni
346 2911 385 2965 nd
408 2910 548 2984 populum
571 2917 753 2977 accusarunt,
777 2909 955 2981 multamque
976 2907 1071 2963 decies
1093 2916 1206 2963 centum
1228 2904 1284 2959 mi-

220 3010 284 3068 lium
307 3014 374 3070 aeris
398 3015 542 3070 dixerunt
577 3013 709 3071 comitiis
730 3014 846 3084 habitis,
871 3030 970 3068 omnes
995 3012 1122 3085 quinque
1143 3020 1171 3066 et
1184 3007 1282 3066 XXX
1309 3007 1344 3061 10

221 3117 308 3175 tribus
328 3139 396 3176 eum
419 3120 658 3177 condemnarunt.

299 3226 336 3282 In
359 3220 519 3299 Liguribus
550 3244 585 3281 eo
615 3242 687 3280 anno
713 3221 783 3278 nihil
811 3220 998 3277 memorabile
1022 3228 1144 3293 gestum.
1201 3218 1281 3275 Nam
1343 3207 1365 3277 9

222 3344 271 3382 nec
298 3330 401 3385 hostes
430 3337 583 3384 moverunt
617 3347 700 3383 arma
731 3345 826 3399 neque
858 3326 958 3382 consul
990 3325 1019 3382 in
1052 3344 1154 3398 agrum
1181 3340 1282 3379 eorum

221 3429 346 3505 legiones
369 3433 501 3503 induxit,
535 3442 580 3501 et,
612 3432 683 3488 satis
705 3431 858 3505 explorata
879 3448 952 3503 pace
978 3430 1039 3485 eius
1061 3430 1144 3500 anni,
1177 3424 1322 3483 milites2

224 3534 342 3593 duarum
367 3537 516 3611 legionum
538 3538 738 3595 Romanarum
759 3536 836 3591 intra
857 3535 918 3591 dies
941 3535 1017 3605 LX,
1046 3553 1133 3607 quam
1164 3533 1193 3589 in
1214 3550 1284 3607 pro-

225 3778 289 3824 am.
312 3775 446 3824 iuuentius
469 3773 541 3820 tulna
564 3769 648 3834 Siqon.
702 3770 728 3828 4,
758 3777 769 3820 l
797 3777 886 3819 senatu
902 3769 906 3830 Ι
922 3763 1284 3831 calcidensibusquessmaenus

224 3875 294 3922 supro
317 3878 367 3911 nus
394 3859 511 3922 scriptoi
554 3858 670 3919 tgratis
709 3856 765 3914 5‚1
793 3856 863 3905 faeta
888 3872 908 3905 o.
929 3858 1037 3905 lucretio
1054 3856 1159 3915 fierique
1179 3852 1287 3917 (priusi

225 3961 294 4007 mpra
311 3947 441 4010 scribtum)
463 3947 497 3993 ab
516 3944 623 3991 lucretio
641 3944 774 3991 hortensio
792 3944 935 4005 pistoribus
973 3949 987 3990 2
1007 3950 1153 4004 quaerantur
1168 3942 1172 4002 1
1189 3940 1220 3988 fie
1239 3954 1285 3987 uo·

225 4030 333 4081 luntates
375 4033 400 4092 6,
427 4038 438 4079 l
462 4030 538 4095 Gryn.
563 4030 635 4078 Persi
684 4036 699 4076 2
726 4030 809 4092 patria
853 4035 868 4077 3
889 4029 1078 4089 magistratibus
1098 4037 1127 4075 ut
1144 4029 1197 4075 soci
1215 4025 1284 4075 Due.

227 4112 277 4164 Em.
303 4117 360 4167 552
402 4114 494 4180 (Gryn.
520 4117 711 4177 magistratibus
738 4117 814 4165 sociis
837 4124 914 4177 utque
938 4115 1038 4175 amicis)
1063 4115 1068 4171 1
1095 4122 1171 4173 atque
1226 4110 1285 4168 Η

227 4201 398 4251 calchidenscs
418 4211 566 4263 quoerantur
595 4207 658 4249 ³ut
677 4216 720 4251 eos
739 4216 787 4249 con
806 4202 889 4263 primo
924 4201 949 4257 8,
969 4207 983 4247 2
1003 4201 1111 4247 millium
1142 4197 1286 4261 spublicu

228 4283 267 4347 10,
285 4294 300 4337 2
319 4290 379 4338 trib·
415 4287 465 4348 IX,
493 4287 517 4346 1,
545 4294 555 4336 l
582 4301 614 4337 eo
632 4288 697 4336 nihil
733 4293 824 4350 tueq.
849 4287 991 4336 consultum
1011 4301 1102 4347 agrum
