3475 5084
646 595 704 647 nib.
724 591 918 644 orn-exin.
1227 592 1265 646 69
1328 655 1330 661 ,

670 792 720 841 nx
737 768 805 842 ms.
825 789 895 849 om,

487 882 547 944 um
565 883 630 934 usn
648 882 777 933 crvnns
796 882 901 933 annm
919 879 1080 931 ruamus,

322 998 362 1050 tt.
380 996 474 1049 Caelius
491 998 574 1049 Rufus
591 1006 685 1062 praetor
705 1014 781 1062 quum
805 998 941 1047 seditiones
964 997 989 1044 in
1011 996 1074 1043 urbe
1092 993 1239 1051 concitaret,
1262 1004 1308 1038 no-

249 1104 342 1139 varum
360 1092 505 1140 tabularum
524 1106 568 1155 spe
586 1092 661 1155 plebe
680 1092 824 1150 sollicitata,
843 1072 968 1152 abrogato
983 1088 1134 1150 magistratu
1146 1084 1234 1149 pulsus
1246 1082 1308 1131 urbe

251 1182 345 1232 Miloni
369 1185 464 1246 exsuli,
488 1185 532 1248 qui
556 1182 719 1247 lugitivorum
747 1184 887 1233 exereitum
910 1187 1086 1242 contraxerat,
1114 1192 1141 1227 se
1169 1175 1308 1225 coniunxit.

250 1274 366 1337 Uterque
392 1292 468 1339 quum
494 1277 590 1325 bellum
613 1277 776 1336 molirentur,
802 1274 928 1323 interfecti
953 1282 1019 1323 eunt.
1062 1272 1197 1333 Cleopatra
1219 1267 1309 1329 regina

250 1366 359 1431 AEgypti
379 1382 395 1416 a
412 1368 551 1417 Ptolemaeo
574 1367 651 1417 fratre
669 1382 748 1429 regno
771 1367 846 1431 pulsa
869 1376 914 1416 est.
962 1365 1069 1429 Propter
1089 1363 1120 1423 Q.
1139 1361 1221 1411 Cassii
1245 1374 1309 1425 pru·
1368 1364 1375 1377 '

250 1462 314 1508 toris
341 1461 472 1509 arentiam
495 1462 721 1523 crudelitatemque
741 1458 919 1508 Cordubenses
937 1460 964 1507 in
983 1458 1107 1521 Hispania
1130 1471 1191 1509 ,euru
1210 1453 1308 1503 duabus

250 1552 417 1601 Varronianis
441 1554 584 1615 legionibus
608 1553 754 1616 apartibus
773 1551 881 1601 Caesaris
900 1552 1065 1601 desciverunt.
1104 1549 1152 1599 Cu.
1171 1546 1308 1609 Pompeius

250 1646 284 1692 ad
305 1645 475 1708 Dyrrachium
494 1647 611 1695 obsessus
630 1661 646 1693 a
664 1642 763 1693 Caesare
781 1653 814 1703 et,
838 1644 960 1709 presidiis
979 1643 1032 1692 eius
1049 1657 1107 1691 eum
1127 1656 1219 1703 magna
1237 1640 1309 1687 olade

250 1738 358 1785 diversae
375 1738 454 1799 partis
474 1739 635 1802 expugnatis,
663 1737 795 1785 obsidione
812 1736 944 1799 liberatus,
963 1736 1086 1784 translato
1104 1736 1130 1783 in
1149 1734 1308 1787 Thessaliam

250 1831 330 1890 bello,
349 1832 415 1895 apud
434 1830 591 1879 Pharsaliam
609 1830 664 1878 aeie
682 1831 762 1877 victus
780 1836 825 1877 est.
863 1826 955 1879 Cicero
973 1828 998 1876 in
1019 1830 1107 1877 eastris
1125 1828 1254 1885 remansit,
1272 1828 1310 1875 vir

249 1924 317 1972 nihil
334 1924 419 1972 minus
436 1937 514 1985 quam
539 1925 571 1971 ad
598 1921 667 1971 bella
691 1929 772 1970 natus.
817 1919 991 1982 Omnibusque
1010 1922 1171 1970 adversarum
1190 1920 1309 1984 partium,

250 2016 296 2081 qui
314 2031 342 2065 se
360 2016 481 2080 potestati
500 2016 604 2064 viatoris
622 2015 796 2079 permiserant,
816 2011 904 2061 Caesar
921 2013 1026 2075 ignovit.

662 2174 711 2223 EX
728 2174 795 2223 LIB.
815 2172 916 2233 cxli,
997 2167 999 2171 ’

474 2265 536 2325 QUI
551 2265 619 2316 EST
637 2264 768 2317 clvltls
788 2265 893 2315 BELLI
916 2264 1092 2326 QUARTUS.

322 2379 470 2443 Trepidatio
497 2382 619 2429 victarum
648 2382 758 2445 partium
783 2382 808 2429 in
838 2384 951 2431 diversas
982 2382 1050 2431 orbis
1080 2389 1203 2429 terrarum
1226 2387 1309 2441 partes

249 2480 277 2521 et
303 2471 366 2533 iuga
392 2471 529 2522 refertum
557 2471 604 2521 Gn.
633 2472 770 2537 Pompeius
801 2486 879 2535 quum
914 2474 1055 2537 AEgyptum
1090 2473 1211 2537 petisset,
1238 2470 1310 2519 iussu

248 2565 383 2615 Ptolemaei
414 2566 496 2628 regis,
528 2564 617 2629 pupilli
651 2566 705 2624 sui,
740 2574 844 2615 auctore
873 2565 1008 2615 Theodoto
1039 2574 1205 2630 preceptore,
1238 2564 1310 2611 ouius

249 2672 347 2719 magna
385 2658 452 2721 apud
492 2672 578 2719 regern
614 2659 751 2706 auctoritas
785 2666 853 2715 erut,
890 2666 915 2706 et
939 2658 1051 2708 Pothino
1080 2658 1179 2707 oooisus
1209 2663 1248 2705 est
1276 2654 1309 2703 ab

252 2750 370 2814 Achilla,
401 2752 441 2799 cui
468 2750 494 2798 id
524 2748 623 2799 lucinus
646 2758 700 2799 erat
725 2749 885 2811 delegatum,
916 2750 941 2798 in
966 2752 1097 2806 navicula,
1123 2758 1259 2812 antequam
1282 2748 1308 2795 in

250 2850 344 2891 terram
373 2843 460 2891 exiret.
506 2840 625 2891 Cornelia
652 2857 717 2890 uxor
746 2851 772 2890 et
801 2840 861 2891 Sex.
879 2842 1016 2907 Pompeius
1044 2844 1110 2893 lilius
1135 2840 1237 2906 Cypron
1270 2855 1308 2889 re-

249 2934 380 2997 fugerunt.
425 2934 510 2983 (laesar
537 2942 595 2997 post
618 2936 720 2982 tertium
746 2934 814 2982 diem
838 2934 979 2992 insecutus,
1005 2950 1081 2999 quum
1113 2937 1136 2984 ei
1160 2934 1308 2983 Theodotus

249 3035 329 3090 capnt
351 3027 466 3090 Pompeii
494 3035 520 3074 et
549 3026 652 3074 anulum
683 3027 830 3080 obtulisset.
863 3026 975 3076 offensus
1005 3035 1044 3075 est
1075 3036 1101 3075 et
1131 3028 1307 3085 illacrimarit;

249 3131 294 3168 nec
324 3120 378 3168 sine
404 3120 518 3183 periculo
546 3118 729 3167 Alexandriam
759 3119 954 3167 tumultuantem
982 3119 1092 3167 intravit.
1140 3120 1225 3169 Gaesur
1255 3120 1308 3168 dio·

249 3219 320 3261 tator
348 3220 446 3261 oreatus
471 3209 633 3275 Cleopatram
659 3210 685 3258 io
711 3224 816 3271 regnum
843 3211 951 3274 AEgypti
976 3198 1076 3259 reduxit
1106 3210 1141 3262 et
1157 3211 1308 3261 inserentem

249 3303 345 3352 bellum
366 3302 530 3352 Ptolemaeum
555 3302 645 3351 iisdem
668 3302 829 3358 auctoribus,
857 3304 949 3364 quibus
967 3302 1117 3367 Pompeium
1138 3304 1307 3362 interiecerat,
1345 3294 1347 3299 ¹

250 3411 310 3445 eum
328 3410 423 3457 magno
441 3410 488 3444 suo
508 3396 652 3444 discrimine
670 3394 739 3444 aicit.
769 3393 923 3444 Ptolemaeus
943 3397 1002 3444 dum
1022 3395 1095 3457 fugit,
1114 3398 1140 3445 iu
1160 3397 1220 3445 Nilo
1238 3398 1307 3444 navi·

249 3488 312 3536 eula
329 3485 452 3538 subsedit.
488 3486 615 3535 Praeterea
633 3486 788 3535 laboriosum
809 3487 847 3539 M.
865 3485 972 3537 Catonis
991 3490 1017 3537 in
1035 3488 1126 3539 Africa
1144 3505 1189 3553 per
1206 3491 1307 3539 deserta

249 3594 310 3629 cum
328 3579 472 3641 legionibus
490 3581 538 3628 iter
555 3588 580 3627 et
599 3579 694 3629 bellum
713 3594 728 3628 o
749 3579 794 3628 Cu.
808 3580 930 3630 Domitio.
941 3584 1060 3632 adversus
1073 3583 1200 3631 Phraaten
1218 3597 1306 3646 parum

249 3687 372 3737 prospere
389 3681 489 3735 gestum
509 3672 630 3724 continet.

650 3809 699 3857 EX
718 3810 785 3859 LlB.
806 3810 903 3871 CXIII,

479 3900 538 3960 QUI
556 3901 624 3952 EST
641 3902 748 3952 nutat
766 3903 897 3954 CIVILIS
918 3900 1080 3962 QUINTUS.

323 4014 485 4067 Confirmatis
500 4018 525 4065 in
543 4015 632 4066 Africa
646 4018 808 4083 Pompeianis
821 4020 944 4082 partibus,
952 3990 1095 4081 'imperium
1112 4034 1197 4068 earum
1209 4019 1238 4070 P.
1250 4020 1305 4071 Sci-

249 4108 321 4171 pioni
333 4109 445 4157 delatum
457 4116 503 4167 est,
523 4107 630 4168 Catone,
649 4112 689 4158 eni
702 4110 741 4159 'ex
757 4125 830 4173 aequo
848 4110 1011 4160 deferebatur
1027 4112 1170 4175 imperium,
1190 4113 1305 4164 cedente.

249 4198 285 4247 Et
310 4215 386 4261 quum
411 4202 442 4249 de
466 4201 592 4249 diruenda
615 4203 678 4250 urbe
701 4202 776 4251 Utioa
798 4212 901 4266 propter
925 4202 1039 4252 levorem
1063 4204 1174 4253 civitatis
1199 4204 1252 4252 eins
1277 4205 1305 4252 in

252 4289 380 4341 (lasarum
399 4293 591 4353 deliberaretur,
614 4293 690 4354 idque
709 4308 740 4341 ne
758 4294 838 4356 lieret,
863 4296 900 4346 M.
921 4288 985 4345 Catu
1006 4296 1136 4354 tenuisset,
1161 4295 1225 4345 Iuba
1245 4312 1305 4345 eue-

250 4384 342 4444 dente‚
370 4392 399 4432 ut
424 4384 581 4444 dirueretur,
609 4384 690 4434 tutela
717 4385 769 4435 eius
799 4396 825 4435 et
850 4389 965 4436 custodia
992 4390 1112 4437 mandata
1137 4395 1176 4437 est
1202 4386 1305 4441 Catoni.
1373 4411 1375 4417 ¹
