3475 5084
622 481 625 489 .
648 401 651 416 ’
679 440 736 489 me.
755 439 901 489 ιιι-ιιι.
1231 446 1275 500 ,23

924 566 926 590 1

256 647 340 684 casus
359 644 406 685 cst.
443 634 528 694 Quum
546 652 562 685 a
573 638 717 687 Tarentinis
730 638 944 689 classisRomana
962 640 1062 703 direpta
1080 648 1156 703 esset,
1176 638 1317 698 duumviro,

256 727 301 789 qui
321 735 428 792 praerat
445 730 533 789 classi,
561 731 658 789 occiso,
684 730 763 793 legari
782 732 815 779 ad
834 738 1032 791 castrensia,
1060 739 1088 779 ιιι
1106 733 1136 781 ds
1154 732 1194 781 his
1219 733 1316 781 iniuriis

256 826 432 882 quererentur,
451 824 521 873 missi
539 823 633 887 pulsati
652 832 718 872 sunt.
755 823 794 873 Ob
812 826 838 872 id
857 824 953 874 bellum
973 824 1008 873 eis
1027 824 1148 872 indictum
1161 833 1206 875 est.
1243 824 1318 873 Sam·

253 911 324 960 nites
347 912 499 964 defecerunt.
543 917 673 965 Adversus
700 930 745 965 eos
769 924 795 964 et
811 915 929 967 Lucanos
956 925 982 965 et
1003 915 1118 965 Bruttios
1143 924 1168 965 et
1194 917 1316 965 Etruscos

253 1005 356 1069 aliquot
378 1008 474 1069 proeliis
497 1023 513 1057 a
536 1010 708 1073 compluribus
728 1008 837 1058 ducibus
861 997 928 1059 ben'e
951 1017 1094 1073 pugnatum
1117 1015 1163 1058 est.
1204 1008 1316 1072 Pyrrhus

253 1098 419 1161 Epirotarum
439 1116 493 1164 rex,
512 1110 540 1150 ιιι
554 1102 678 1151 auxilium
688 1101 833 1150 Tarentinis
845 1099 931 1165 ferret,
950 1102 976 1149 in
994 1102 1096 1151 Italiam
1114 1102 1192 1153 venit.
1232 1099 1316 1161 Quum

252 1191 281 1239 in
300 1192 447 1255 prasidium
465 1194 621 1256 Reginorum
645 1192 713 1256 legio
731 1192 866 1257 Campana
890 1208 947 1243 cum
965 1194 1085 1258 prasccto
1103 1194 1184 1243 Decio
1202 1192 1316 1243 Vibellio

252 1284 334 1333 missa
353 1293 429 1345 esset,
448 1286 539 1335 occisis
557 1286 663 1348 Reginis
680 1286 789 1349 Regium
807 1289 949 1350 occupavit.
1300 1280 1301 1287 ¹

672 1445 722 1495 EX
739 1446 805 1496 LIB.
825 1447 902 1496 XIII.
976 1401 1000 1505 ,Ι

327 1559 446 1609 Valerius
455 1560 576 1609 Laevinus
597 1574 648 1611 cos.
667 1576 757 1624 parum
774 1576 896 1625 prospere
914 1562 1036 1611 adversus
1045 1561 1170 1625 Pyrrhum
1185 1558 1323 1623 pugnavit,

254 1653 451 1716 elephantorum
476 1652 586 1701 maxims
609 1652 732 1701 inusitata
754 1651 820 1702 facie
839 1654 932 1703 territis
951 1654 1081 1704 militibus.
1120 1653 1184 1702 Post
1205 1652 1230 1701 id
1249 1666 1315 1715 proe-

251 1746 318 1795 lium
336 1759 415 1807 quum
434 1759 542 1809 corpora
560 1745 748 1807 Romanorum,
774 1746 817 1808 qui
840 1746 866 1794 in
885 1748 940 1795 acie
959 1747 1116 1805 ceciderant,
1144 1744 1257 1809 Pyrrhus
1275 1744 1316 1791 in-

253 1840 371 1904 spiceret,
391 1839 477 1889 omnia
494 1852 567 1886 versa
575 1838 601 1885 in
614 1838 713 1886 hostem
731 1838 833 1887 invenit
869 1838 1071 1903 Populabundus
1085 1850 1166 1900 usquc
1180 1838 1213 1886 ad
1226 1836 1315 1885 urbem

251 1931 398 1980 Romanam
413 1931 543 1993 processit.
581 1929 609 1979 C.
618 1929 751 1979 Fabricius
770 1932 862 1980 missus
881 1933 913 1980 ad
932 1946 988 1981 eum
1008 1947 1024 1981 a
1042 1940 1139 1991 senatu,
1158 1938 1186 1979 ut
1205 1932 1236 1979 de
1249 1931 1315 1979 redi-

252 2024 355 2071 mendis
378 2024 486 2087 captivis
509 2030 605 2085 egeret,
630 2021 733 2082 frustra,
758 2030 787 2071 ut
803 2024 911 2086 patriam
932 2024 1064 2084 desereret,
1092 2038 1184 2085 arege
1203 2030 1315 2072 tentatus

253 2124 301 2165 est.
339 2114 438 2179 Captivi
462 2116 516 2165 sina
541 2117 623 2178 pretio
646 2115 744 2165 remissi
770 2123 836 2164 sunt.
879 2114 971 2165 Cineas
996 2116 1096 2179 legatus
1120 2132 1136 2165 a
1161 2116 1258 2179 Pyrrho
1282 2116 1315 2163 ad

252 2213 372 2257 senatum
390 2211 482 2258 missus
500 2208 582 2272 petiit,
602 2215 630 2255 nt
647 2210 831 2271 componenda
849 2208 921 2271 pacis
946 2221 1023 2257 causa
1048 2222 1093 2257 rex
1118 2210 1145 2258 in
1169 2210 1255 2258 urbem
1276 2222 1315 2256 re·

251 2303 389 2365 ciperetur.
425 2303 466 2352 De
484 2314 536 2365 qna
554 2315 582 2349 re
595 2314 671 2363 quum
685 2301 717 2348 ad
728 2300 925 2364 frequentiorem
939 2309 1052 2349 senatum
1065 2299 1154 2351 rel'erri
1167 2299 1314 2363 placuisset,

252 2394 323 2458 App.
347 2384 484 2453 Claudius,
513 2394 557 2456 qui
580 2401 684 2457 propter
707 2391 877 2441 valetudinem
902 2392 1033 2441 oculorum
1058 2392 1109 2441 iam
1134 2393 1178 2440 diu
1199 2390 1311 2441 consiliis

250 2487 363 2551 publicis
381 2501 408 2536 se
427 2487 597 2545 abstinuerat,
622 2485 692 2534 venit
711 2485 738 2532 in
757 2486 851 2533 curiam
871 2490 896 2533 et
913 2486 1040 2533 sententia
1059 2499 1105 2533 sua
1123 2485 1216 2543 tenuit,
1242 2491 1270 2532 ut
1287 2485 1313 2531 id

250 2580 352 2643 Pyrrho
370 2588 513 2643 negaretur.
552 2576 598 2626 Cn.
611 2577 742 2626 Domitius
762 2591 851 2626 censor
868 2576 964 2640 primus
982 2578 1106 2641 explebe
1124 2578 1232 2627 lustrum
1252 2591 1313 2625 oon·

251 2664 325 2721 didit.
362 2669 449 2761 Causa!
466 2667 531 2721 sunt*
545 2671 636 2720 civium
651 2670 736 2734 capita
749 2668 950 2720 CCLXXXVII
969 2668 1101 2724 CCXXII.
1148 2672 1244 2721 Iterum
1267 2671 1312 2718 ad-

251 2779 341 2814 versus
359 2765 485 2829 Pyrrhum
510 2766 588 2814 dubio
614 2771 707 2812 eventu
730 2771 873 2826 pugnatum
894 2771 939 2813 est.
974 2763 1039 2813 Cum
1059 2762 1313 2827 Carthaginiensibus

252 2865 344 2919 quarto
368 2856 453 2906 foedns
481 2866 633 2907 renouatum
660 2864 706 2906 est.
749 2854 834 2915 Quum
853 2854 882 2905 C.
900 2854 1020 2907 Fabricio
1040 2857 1137 2907 consuli
1155 2856 1191 2916 is,
1218 2856 1262 2919 qui
1280 2854 1313 2903 ad

251 2966 310 2999 eum
326 2966 342 2999 a
353 2942 454 3014 Pyrrho
471 2950 651 3011 transfugerat,
668 2950 830 3013 polliceretur
846 2963 971 2998 venenum
991 2964 1017 2999 se
1036 2950 1089 3012 regi
1108 2951 1235 3008 daturum,
1255 2962 1313 2997 cum

251 3043 347 3092 indicio
376 3044 407 3092 ad
438 3057 526 3105 regem
555 3044 676 3091 remissus
703 3050 748 3091 est.
796 3042 848 3091 Res
874 3049 996 3106 praterea
1025 3052 1114 3092 contra
1140 3042 1258 3091 Lucanos
1288 3023 1314 3089 et

250 3136 375 3194 Bruttios,
396 3136 524 3187 Samnites
543 3145 568 3183 et
585 3135 709 3183 Etruscos
726 3149 846 3198 prospere
864 3144 951 3197 gestas
969 3136 1089 3184 continet.

667 3295 717 3345 EX
734 3295 801 3345 LIB.
820 3287 894 3344 XIV.

322 3410 435 3473 Pyrrhus
458 3412 486 3459 in
504 3394 625 3461 Siciliam*
641 3411 747 3460 traiecit.
790 3409 874 3470 Quum
900 3412 967 3459 inter
991 3410 1042 3459 alia
1065 3410 1182 3473 prodigia
1204 3407 1312 3457 fulmine

252 3503 379 3552 deiectum
406 3510 474 3553 esset
491 3504 518 3551 in
538 3502 665 3569 Capitolio
683 3502 752 3552 Iovis
776 3505 890 3565 signum,
917 3510 994 3567 capnt
1017 3503 1071 3552 eins
1096 3516 1141 3567 per
1164 3502 1312 3565 haruspices

251 3597 383 3644 inventum
410 3604 457 3647 est.
500 3596 591 3645 Curius
617 3598 744 3647 Dentatus
772 3610 849 3660 quum
877 3596 997 3648 dilectum
1025 3569 1145 3659 baberet,
1172 3595 1239 3657 eins,
1268 3594 1313 3658 qui

251 3690 347 3738 citatus
363 3703 416 3737 non
434 3690 607 3752 responderat,
625 3690 694 3740 bona
710 3690 808 3754 primns
825 3690 951 3754 vendidit3
969 3690 1027 3738 item
1042 3687 1167 3753 Pyrrhum
1182 3702 1215 3736 cx
1224 3686 1313 3737 Sicilia

251 3784 279 3831 in
296 3781 399 3831 Italiam
417 3795 545 3830 reversum
563 3782 624 3840 vicit
648 3790 674 3831 et
691 3783 768 3832 Italia
791 3784 896 3848 expulit.
939 3783 1073 3832 Fabricius
1092 3794 1184 3831 censor
1200 3781 1230 3830 P.
1249 3779 1312 3829 Cor·

251 3873 348 3922 nclium
366 3872 486 3923 Rufinum
510 3875 667 3925 consularem
693 3884 784 3925 senatu
801 3878 893 3942 movit,
921 3877 991 3941 quod
1011 3877 1033 3927 is
1057 3892 1075 3925 x
1101 3874 1200 3938 argenti
1225 3874 1312 3937 pondo

251 3938 314 4015 iacti
333 3966 447 4015 haberet.
482 3967 577 4015 Lustro
603 3982 619 4015 a
643 3968 791 4019 censoribus
817 3970 920 4018 condito
939 3984 1017 4019 censa
1040 3975 1101 4019 sunt
1118 3969 1201 4033 capita
1220 3966 1312 4017 civium

253 4060 389 4113 CCLXXI
412 4056 584 4110 ccxxva.
628 4059 691 4109 Cum
707 4060 855 4112 'Ptolemaeo
877 4062 983 4127 AEgypti
1007 4075 1067 4125 rege
1093 4062 1202 4111 societas
1225 4062 1313 4111 iuncta

252 4163 300 4204 est
336 4154 445 4205 Sextilia
462 4155 534 4215 virgo
544 4152 656 4203 Vestalis
674 4154 794 4203 damnate
811 4154 901 4204 incesti
919 4156 978 4205 viva
994 4154 1096 4205 defossa
1114 4161 1163 4203 est.
1201 4153 1312 4206 Colonia

252 4244 369 4296 deductis
399 4253 459 4297 sunt
482 4245 623 4296 Posidonia
651 4254 676 4295 et
703 4245 778 4298 Cosa.
820 4246 1069 4311 Carthaginiensium
1100 4247 1188 4297 classis
1216 4248 1312 4297 anxilio

1391 1101 1395 1129 l

1485 1050 1495 1081 θ
