3475 5084
492 518 550 575 108
760 514 839 565 Liber
856 514 942 565 xm.
980 514 1025 579 (Δ.
1044 530 1070 565 n.
1090 528 1112 566 c.
1133 516 1205 577 ⁵8³.)

447 700 582 770 rentutis,
603 700 715 775 equites
731 699 918 758 seminarium
936 707 1069 769 senatus3
1091 698 1158 756 inde
1179 697 1270 757 lectos
1286 677 1319 756 in'
1331 706 1430 775 patres
1446 717 1509 757 con·

447 806 533 875 sales,
555 806 621 863 inde
641 805 833 881 imperatores
855 813 964 863 creant.
1015 804 1130 862 Horum
1152 803 1248 880 spolia
1268 805 1359 879 paulo
1381 814 1449 863 ante
1471 806 1509 862 di·

406 910 567 968 dvisimns
595 912 761 971 intervos.
803 912 868 970 Nec
896 909 1036 967 minorem
1058 909 1095 966 de
1116 909 1279 984 legionibus
1301 909 1431 984 peditum
1453 910 1509 967 vic·
1553 904 1554 977 Τ

446 1016 552 1075 teriam
574 1018 702 1088 habetis,
732 1036 812 1092 quar,
835 1024 979 1074 nocturna
999 1013 1071 1089 fuga
1092 1015 1177 1072 vobis
1201 1016 1373 1083 subtractas,
1395 1014 1509 1071 naufra-

445 1138 549 1197 gorum
581 1122 775 1198 trepidatione
810 1121 919 1197 passim
958 1120 1119 1178 natantium
1155 1122 1263 1178 flumen
1295 1120 1509 1195 conpleverunt.

406 1230 422 1285 7
446 1228 504 1287 Sed
533 1228 648 1287 facilius
674 1228 760 1285 nobis
788 1227 975 1302 sequentibus
1007 1224 1100 1283 victos
1121 1226 1252 1283 Peneum
1281 1244 1423 1301 superare
1452 1226 1508 1297 erit,

446 1352 534 1409 qnam
557 1335 614 1392 illis
642 1332 853 1409 trepidantibus
882 1332 952 1401 iuit3
983 1332 1215 1406 transgressique
1242 1332 1391 1406 extemplo
1418 1341 1508 1389 castre

405 1439 695 1515 doppugnabimus,
724 1456 788 1512 qnae
808 1437 896 1494 hodie
918 1436 1111 1513 cepissemus,
1140 1437 1170 1493 ni
1197 1435 1350 1511 fugissent.
1395 1438 1467 1508 Aut,
1486 1438 1507 1493 si

445 1544 508 1601 acie
533 1545 687 1601 decernere
716 1542 829 1611 volent,
860 1544 983 1600 eundem
1013 1560 1118 1618 pugnae
1139 1543 1282 1618 pedestris
1304 1552 1441 1600 eventum
1462 1562 1507 1599 ex·
1554 1582 1555 1589 .

402 1647 421 1703 9
442 1650 628 1723 pectate,qni
644 1649 773 1723 equitnm
790 1648 958 1705 certaminis
977 1647 1060 1706 fuit.“
1097 1648 1136 1705 Et
1159 1648 1208 1722 qui
1228 1650 1369 1719 vicerant,
1392 1648 1506 1717 alacres,

443 1754 539 1829 spolia
559 1772 699 1811 caesorum
723 1753 848 1811 bostium
872 1753 999 1811 humeris
1021 1762 1164 1829 gerentes,
1194 1751 1328 1811 facinora
1351 1772 1408 1811 sua
1430 1753 1505 1811 audi·

385 1861 420 1914 10
446 1878 529 1930 vere,
558 1878 596 1916 ex
615 1879 659 1929 eo,
683 1858 761 1932 quod
783 1858 938 1929 acciderat,
962 1876 1043 1939 spem
1066 1858 1156 1915 futuri
1177 1860 1387 1934 precipientes,
1411 1869 1441 1916 et
1462 1878 1505 1934 pe·

444 1963 527 2032 dites,
549 1963 645 2020 aliena
664 1962 759 2038 gloria
775 1964 899 2033 accensi,
914 1963 1059 2039 praecipue
1077 1964 1126 2038 qui
1142 1966 1338 2023 Macedonum
1355 1964 1505 2039 phalangis

443 2077 534 2138 erant,
556 2068 612 2125 sibi
634 2087 751 2143 quoque
773 2077 802 2125 et
822 2070 966 2126 navandae
987 2070 1049 2144 regi
1071 2088 1168 2145 operae
1189 2080 1218 2128 et
1240 2069 1363 2128 similem
1386 2070 1504 2144 gloriam

384 2177 414 2229 11
443 2192 480 2231 ex
501 2175 584 2231 hoste
607 2175 738 2248 pariendi
765 2175 948 2232 occasionem
978 2175 1118 2249 optabant.
1154 2174 1282 2233 Contione
1302 2174 1435 2245 dimissa,
1456 2194 1504 2250 po-

442 2287 520 2335 stero
541 2279 588 2336 die
612 2278 759 2353 profectus
776 2280 844 2337 inde
865 2280 904 2337 ad
925 2280 1090 2355 Mopselum
1114 2281 1210 2356 posuit
1231 2289 1337 2339 eastra.
1368 2280 1504 2337 Tumulus

440 2373 488 2443 bic
513 2392 580 2441 ante
594 2385 708 2459 Tempe
729 2386 834 2441 eminet
856 2394 886 2442 et
907 2386 1011 2442 Larisa
1034 2383 1145 2442 medius
1164 2386 1248 2442 abest
1269 2385 1411 2445 Gonnum
1432 2386 1503 2443 manti

359 2483 400 2553 62
524 2490 652 2560 Rotnani,
676 2508 735 2547 non
759 2491 947 2547 abscedentes
969 2490 1006 2546 ab
1027 2490 1092 2566 ripa
1113 2491 1218 2561 Penei,
1245 2490 1457 2550 transtulerunt
1477 2492 1502 2547 in

401 2597 418 2651 2
440 2596 536 2652 locum
556 2595 691 2652 tutiorem
714 2604 818 2653 castra.
851 2596 898 2652 Eo
914 2595 1080 2670 Misagenes
1096 2595 1228 2652 Numida
1250 2596 1330 2653 venit
1347 2614 1414 2654 cum
1433 2596 1501 2655 mille

442 2700 601 2777 equitibus,
623 2699 688 2773 pari
705 2700 834 2773 peditum
857 2718 995 2769 numero,
1022 2700 1060 2757 ad
1082 2702 1138 2757 hoc
1160 2700 1321 2777 elephantis
1343 2702 1460 2759 duobus
1478 2712 1502 2757 et

401 2807 418 2861 3
441 2805 552 2879 viginti.
595 2805 656 2861 Per
682 2822 732 2860 eos
761 2805 822 2862 dies
844 2803 994 2862 consilium
1016 2806 1136 2863 habenti
1157 2806 1219 2881 regi
1240 2806 1276 2863 de
1297 2824 1415 2864 summa
1438 2808 1500 2875 belli,

441 2928 506 2968 cum
528 2910 587 2965 iam
611 2909 788 2966 consedisset
808 2910 920 2967 ferocia
941 2911 978 2967 ab
1000 2930 1033 2968 re
1055 2912 1128 2968 bene
1148 2920 1241 2987 gesta,
1265 2912 1330 2969 ansi
1351 2920 1422 2969 sunt
1443 2911 1500 2987 qui·

441 3015 508 3072 dam
531 3015 690 3072 amicorum
711 3014 863 3072 consilium
885 3016 971 3087 dare,
999 3024 1031 3074 ut
1058 3017 1186 3075 secunda
1216 3015 1334 3075 fortuna
1355 3016 1387 3074 in
1409 3016 1500 3077 condi·

440 3323 465 3385 5,
484 3331 499 3374 2
518 3324 680 3373 feminarium
705 3326 710 3387 Ι
734 3325 761 3373 in
787 3333 888 3388 patrum
916 3309 985 3377 coiis.
1007 3327 1061 3393 My.
1081 3327 1137 3376 Em.
1157 3327 1173 3377 l.
1194 3346 1214 3378 c.
1245 3327 1337 3396 (Grpe.
1358 3332 1386 3379 in
1405 3342 1499 3397 patrum

440 3430 584 3490 numerum)
621 3430 714 3478 ³iude
732 3412 749 3495 p
767 3412 827 3493 imp.
847 3442 936 3481 creant
951 3432 956 3493 Ι
971 3432 1049 3496 paulo
1067 3414 1155 3482 nntbis
1201 3434 1225 3493 6,
1247 3440 1257 3483 l
1279 3450 1312 3484 ue
1328 3436 1453 3487 minorem
1487 3444 1498 3485 1

439 3523 590 3563 nocturnam
635 3518 863 3581 Strepidationem
910 3518 934 3579 7,
956 3525 966 3569 1
988 3534 1106 3584 paeneurn
1152 3522 1309 3585 2exemplo
1328 3532 1441 3573 cestram
1460 3542 1499 3590 op·
1555 3524 1557 3571 Ι

439 3602 610 3665 pugnauimus
646 3602 697 3659 8,3
717 3605 829 3667 equitum
847 3607 874 3654 in
894 3608 1031 3655 certamine
1051 3606 1105 3673 Mq.
1123 3607 1177 3657 Em.
1194 3609 1267 3669 5451
1283 3608 1362 3660 fuerit
1382 3611 1439 3677 My.
1455 3611 1497 3661 ild.

438 3687 463 3747 9,
484 3694 499 3735 2
520 3694 637 3749 gerentes
656 3696 715 3737 anto
734 3705 779 3738 ora
797 3706 844 3739 sna
864 3693 938 3742 Gron.
959 3691 1008 3755 (H.
1029 3694 1053 3743 in
1071 3693 1125 3744 cod.
1144 3712 1194 3744 esse
1212 3695 1326 3745 facinora
1343 3700 1435 3761 scribit,
1455 3700 1498 3751 Kr.

438 3774 529 3833 anora)
563 3774 568 3834 Ι
600 3776 721 3823 audiuere
743 3786 769 3825 ct
786 3792 819 3826 ex
837 3794 889 3842 quo
908 3794 938 3828 eo
957 3780 1084 3830 acciderat
1118 3781 1231 3831 staturi
1250 3797 1429 3849 preponentes
1462 3790 1497 3849 10,

438 3864 453 3907 2
478 3859 611 3921 praecipuae
630 3876 679 3923 qne
697 3865 864 3913 macedonum
922 3872 937 3914 3
963 3868 1088 3916 navandae
1111 3870 1147 3918 rei
1197 3876 1213 3918 4
1237 3874 1372 3923 occasione
1398 3878 1498 3929 dimissa

437 3944 479 4004 11,
500 3950 515 3991 2
534 3942 591 4008 (Sic
609 3947 680 3995 etiam
698 3966 718 3997 c.
741 3948 776 3999 65
794 3959 817 3998 et
836 3950 853 3998 6
859 3949 874 3997 7
891 3952 942 4001 init.
962 3954 1090 4018 Mopsium
1110 3954 1210 4021 Sipon.)
1248 3965 1321 4009 ²01³
1334 3970 1358 4010 et
1375 3963 1460 4025 LXII,
1476 3966 1496 4025 1.

439 4030 451 4078 1
471 4032 585 4080 tumulus
598 4032 647 4095 hyc
666 4043 725 4083 ante
744 4041 868 4100 tempesto
887 4045 925 4087 est
942 4040 1037 4089 eminet
1054 4040 1138 4092 larisa
1157 4045 1256 4096 medius
1275 4047 1432 4099 abestonum
1450 4067 1496 4101 non

437 4115 493 4181 My.
513 4118 649 4167 coniectura
667 4120 764 4171 incerto.
785 4120 878 4189 (Grpn.
899 4133 917 4173 t.
941 4125 983 4175 hic
1002 4128 1068 4176 inter
1086 4128 1183 4193 Tempe
1209 4140 1234 4180 et
1251 4132 1382 4184 Larissam
1402 4140 1495 4187 medius

437 4212 483 4252 est.
503 4204 616 4253 Romani
634 4206 700 4271 non)
748 4208 772 4268 1.
794 4215 805 4258 l
827 4211 1013 4263 abscondentes
1032 4216 1066 4263 ad
1084 4217 1139 4281 ripa
1156 4219 1238 4282 paenei
1280 4219 1305 4282 3,
1328 4226 1339 4271 1
1363 4225 1433 4286 regis
1449 4224 1454 4287 Ι
1468 4226 1496 4274 de

437 4302 538 4339 summa
556 4305 613 4340 cum
632 4292 714 4343 Drak.
753 4300 906 4348 saecunda
921 4290 1094 4364 [condicione
1118 4302 1193 4354 Gron.
1285 4306 1289 4315 '
