3475 5084
525 513 621 563 'Liber
638 513 735 563 xutv.
764 515 812 577 (Δ.
832 511 894 563 cur.
919 512 989 575 1⁶9.)
1196 521 1248 574 157
1308 588 1312 595 .

246 702 317 757 varia
336 699 564 770 spectaculorum
587 700 758 775 conquirere
777 718 898 775 genera;
927 716 994 755 nam
1021 698 1110 756 semel
1138 698 1296 772 quadrigis,

245 800 321 857 semel
342 802 486 859 desultore
501 804 599 874 misso,
621 806 672 862 vix
692 805 776 861 unius
793 806 874 862 boras
896 814 1009 878 tempus
1031 813 1185 877 utrumque
1206 803 1295 859 curri·

244 905 326 961 culum
348 906 520 981 complebat.
565 910 646 965 luter
667 920 764 966 cetera
784 910 923 984 sexageni
944 908 1035 966 ferme
1056 908 1183 977 iuvenes,
1209 906 1296 963 intor-
1319 912 1338 965 5

243 1010 301 1065 dum
320 1010 416 1083 plures
438 1014 673 1086 apparatioribus
692 1016 777 1084 ludis,
797 1015 903 1073 armati
917 1014 1137 1071 inducebantur.
1181 1012 1295 1068 Horum

242 1114 357 1172 inductio
382 1136 420 1173 ex
446 1126 529 1191 parte
558 1119 743 1176 simulacrum
773 1120 951 1178 decurrentis
981 1118 1123 1175 exercitus
1153 1124 1230 1185 erat,
1259 1134 1296 1173 ex

241 1229 314 1291 parte
334 1220 520 1295 elegantioris
543 1242 630 1299 quarn
653 1225 785 1281 militaria
806 1225 878 1281 artis
893 1223 1070 1298 propiorque
1091 1219 1294 1295 gladiatorium

240 1341 376 1381 armorum
409 1344 502 1383 usum.
545 1327 619 1386 Cum
649 1329 723 1386 alios
754 1330 876 1387 decursu
900 1328 1056 1385 edidissent
1085 1338 1194 1396 motus,
1223 1344 1295 1400 qua·
1318 1331 1338 1385 6

240 1428 314 1484 drato
336 1430 452 1503 agmine
473 1430 561 1502 facto,
583 1434 672 1491 scutis
691 1448 779 1509 super
799 1434 897 1509 capita
915 1431 1052 1500 densatis,
1074 1431 1215 1488 stantibus
1238 1430 1295 1505 pri-

240 1531 293 1599 mis,
314 1535 448 1591 secundis
470 1538 729 1607 summissioribus,
751 1539 842 1595 tertiis
864 1538 1009 1613 mugiret
1032 1536 1160 1610 quartis,
1182 1546 1295 1610 postre-

239 1635 285 1691 mis
305 1636 393 1694 etiam
416 1656 491 1713 genu
513 1642 599 1713 nixis,
620 1644 799 1719 fastigatum,
820 1643 894 1699 sicut
916 1652 992 1699 tecta
1013 1642 1198 1699 aedificiorum
1221 1650 1295 1709 sunt,

238 1742 400 1800 testudinem
424 1744 581 1807 iaciebant,
623 1749 702 1805 Hinc
721 1748 932 1823 quinquaginta
952 1746 1044 1804 ierme
1067 1746 1172 1821 pedum
1200 1746 1295 1820 spatio
1319 1751 1334 1804 t

238 1843 367 1902 distantes
389 1846 448 1903 drro
471 1852 575 1908 armati
598 1855 821 1928 procurrebant,
847 1851 1072 1926 comminatique
1091 1851 1166 1906 inter
1187 1868 1235 1918 se,
1258 1849 1295 1905 ab

238 1948 288 2006 ima
307 1951 336 2007 in
358 1969 502 2010 summam
525 1956 697 2013 testudinem
720 1975 772 2031 per
792 1957 914 2013 densata
935 1966 1019 2013 scuta
1040 1974 1104 2012 cum
1127 1955 1296 2024 evasissent,

237 2070 304 2111 nunc
324 2056 406 2113 velut
425 2069 643 2134 propugnantes
664 2079 806 2135 peroras
829 2070 967 2117 extremm
988 2059 1148 2127 testudinis,
1170 2077 1245 2115 nuuc
1266 2058 1296 2115 in

238 2158 323 2216 media
349 2162 426 2218 inter
453 2182 485 2220 se
515 2176 732 2235 concurrentes,
764 2166 844 2222 baud
874 2184 956 2222 secus
985 2184 1072 2239 quam
1101 2162 1199 2221 stabili
1232 2164 1295 2219 solo

236 2266 438 2336 persultabant.
464 2270 542 2325 Huic
556 2270 670 2326 testudo
685 2270 785 2327 similis
799 2268 966 2327 humillima
981 2268 1056 2342 parti
1072 2268 1144 2324 muri
1167 2268 1294 2325 admota.
1319 2266 1338 2323 8

238 2368 302 2427 Cum
337 2372 444 2428 armati
472 2391 560 2447 super
593 2384 704 2431 stantes
732 2375 891 2441 subissent,
925 2372 1190 2447 propugnatoribus
1222 2371 1295 2427 muri

237 2472 352 2550 fastigio·
373 2476 532 2535 altitudinis
548 2482 753 2555 aequabantur;
775 2478 961 2553 depulsisque
982 2476 1028 2545 iis,
1049 2476 1078 2533 in
1101 2477 1200 2533 urbem
1223 2476 1295 2531 duo·
1361 2511 1365 2518 ·

236 2597 292 2635 rum
313 2582 463 2656 signorum
480 2582 584 2639 milites
605 2583 852 2641 transcenderunt.
897 2583 931 2640 ld
954 2593 1064 2639 tuntum
1081 2580 1218 2639 dissimile
1232 2580 1295 2650 fuit,
1318 2581 1338 2636 9

237 2685 307 2755 quod
328 2696 358 2743 et
379 2687 409 2742 iu
431 2685 528 2743 fronte
549 2687 682 2746 extremi·
700 2697 729 2743 et
753 2707 795 2744 -ax
824 2660 963 2746 lateribus
991 2687 1046 2745 soli
1069 2702 1126 2741 non
1148 2682 1296 2741 hebebant

237 2806 315 2863 super
335 2792 436 2865 capita
457 2792 534 2849 elatu
555 2803 654 2863 scuta,
681 2812 718 2850 ne
745 2795 888 2851 nudarent
912 2810 1053 2867 corpora,
1084 2790 1134 2845 sed
1156 2793 1295 2863 praetenta

236 2896 419 2969 pugnantium
439 2915 532 2953 more.
575 2900 624 2955 lta
637 2916 691 2955 nec
705 2900 786 2973 ipsos
800 2899 858 2955 tela
878 2918 915 2955 ex
937 2916 1020 2955 muro
1038 2897 1126 2953 missa
1140 2895 1295 2979 subeuntes

236 2996 372 3071 lusorum,
395 3011 424 3057 et
444 3002 580 3093 testsudini
601 3003 708 3061 iniecta
727 3004 828 3061 imbris
852 3004 883 3060 in
905 3003 1022 3059 modum
1044 3000 1155 3058 lubrico
1177 2995 1294 3070 fastigio

237 3102 348 3162 innoxia
369 3106 409 3162 ad
429 3105 519 3163 imum
540 3106 722 3165 labebantur.
766 3109 807 3165 Et
826 3108 938 3177 consul,
959 3115 1045 3181 capto
1061 3106 1126 3162 iam
1141 3102 1295 3169 Heracleo,
1323 3100 1358 3154 to

239 3294 463 3304 --—————----—-

236 3406 250 3448 8
267 3406 478 3468 conquirercuera
492 3405 497 3463 Ι
512 3419 562 3454 uae
579 3405 658 3454 semel
679 3404 724 3455 Oa.
738 3406 872 3455 Pontinas.
888 3403 976 3468 (Grpe
991 3416 1039 3451 nec
1052 3402 1141 3455 semel)
1157 3402 1162 3464 Ι
1178 3398 1295 3464 quadrigi

237 3489 409 3539 tdesultorem
419 3488 557 3555 iutrimque
576 3495 590 3538 5
604 3491 744 3553 complebit
761 3490 809 3548 5,2
822 3489 1019 3554 apparatoribus
1032 3489 1085 3537 ludi
1101 3488 1191 3537 Murci.
1201 3485 1293 3550 (Gryn.

236 3578 418 3638 apparitoribus
429 3578 495 3638 ludi)
514 3582 529 3626 ³
542 3576 855 3640 inductioinparthrnlc.
875 3582 891 3624 4
906 3576 1069 3638 elegantioris
1081 3574 1209 3623 exercitus
1219 3586 1295 3633 quam

238 3657 328 3726 Kragas.
342 3662 432 3727 (Gryn.
438 3664 602 3725 elegantioris
612 3664 728 3713 exercitii
738 3664 825 3726 quarn)
840 3662 844 3728 1
855 3660 903 3724 (Η.
913 3662 1091 3726 propriorque)
1113 3660 1139 3719 6,
1150 3660 1295 3708 l·decursos

236 3744 331 3797 Desint
340 3747 434 3814 (Grpa
441 3751 573 3799 decursus.
583 3749 651 3799 Fert
662 3750 777 3809 decoros,
789 3749 950 3812 uthuerus)
963 3755 977 3797 2
988 3750 1053 3798 souti
1072 3753 1087 3796 3
1098 3746 1236 3812 secumdisl
1245 3752 1296 3793 tor·

236 3831 264 3881 tis
300 3836 558 3898 tgeuuugeuunixis
604 3835 629 3895 7,
649 3842 664 3884 a
684 3837 804 3884 distantis
819 3837 824 3898 Ι
839 3848 961 3900 procurre
980 3834 1179 3897 comminatique
1215 3837 1296 3893 sper

236 3916 306 3969 horus
342 3920 368 3979 8,
384 3928 395 3970 l
412 3922 542 3970 simillime
558 3922 625 3985 parti
637 3921 739 3987 Krcyas,
757 3931 780 3970 et
800 3920 923 3987 Mullus.
936 3919 995 3970 ,566
1011 3918 1102 3984 (Gryn.
1122 3916 1242 3968 testudini
1261 3916 1296 3964 si·

236 4022 349 4088 millima)
364 4025 369 4086 Ι
384 4033 499 4089 permota
531 4032 546 4073 2
567 4024 643 4089 Gryn.
665 4033 688 4073 ct
699 4024 772 4073 ceteri
788 4029 962 4087 superstantes
980 4038 1030 4071 uua
1047 4037 1104 4071 voca
1124 4019 1128 4083 i
1149 3999 1294 4083 subipsscut

237 4108 429 4172 ³depulaisquse
440 4111 467 4159 in
478 4110 511 4160 iis
522 4111 549 4159 in
584 4109 609 4173 9,
623 4115 639 4158 t
653 4119 768 4159 extrema
780 4109 881 4173 Lipsius
929 4114 944 4156 ³
962 4114 1084 4171 praetecta
1097 4104 1162 4155 'Lot
1181 4103 1295 4154 Latinius

237 4194 397 4244 isubcnntis
448 4200 462 4243 ⁵
493 4196 621 4245 testudine
636 4194 641 4261 Ι
655 4195 737 4244 inbris
799 4194 842 4253 10,
873 4200 883 4241 l
915 4202 991 4257 capta
1008 4194 1060 4242 iam
1079 4192 1198 4242 heraclea
1219 4191 1297 4241 Gron.

238 4275 290 4338 (rid
304 4281 424 4331 heracleo
441 4291 520 4331 minen
536 4281 642 4331 For-obit.
662 4279 723 4329 altit
739 4278 863 4343 adnotat.)
