3475 5084
549 476 627 527 Liber
644 477 741 527 XLIV.
779 478 823 540 (Α.
840 477 900 527 Chr.
924 478 993 538 169.)
1208 483 1264 536 153

240 660 314 734 quod
339 679 379 717 eo
403 660 602 735 processisset,
626 661 703 717 unde
724 660 815 717 invito
837 662 922 718 hoste
942 662 1056 735 regredi
1078 662 1218 736 nequiret,
1240 682 1304 719 eam

238 782 293 820 nou
315 764 511 822 inconsultam
534 764 687 821 audaciam
710 764 787 823 fecit.
830 766 916 823 Duos
938 764 1013 821 enim
1038 766 1138 835 saltus,
1160 786 1212 841 per
1232 785 1306 842 quos
1330 774 1347 828 5

237 869 301 925 inde
324 870 454 926 evadere
474 877 603 944 possent,
625 871 774 927 habebant
794 869 931 939 Romani,
957 888 1044 927 uuum
1066 890 1119 945 per
1142 872 1255 947 Tempe
1278 872 1307 928 in

239 973 435 1045 Thessaliam,
455 974 578 1031 alterum
599 974 630 1031 iu
651 975 857 1033 Macedoniam
880 985 984 1051 prester
1004 975 1109 1043 Dium,
1143 994 1207 1050 quae
1229 986 1308 1033 utre·

238 1097 290 1151 que
319 1059 413 1154 regiis
447 1079 621 1135 tenebantur
656 1079 807 1154 presidiis.
865 1081 972 1154 Itaque
1008 1080 1032 1137 si
1061 1080 1121 1137 dux
1149 1081 1348 1155 intrepidusd

237 1185 264 1241 X
292 1184 358 1241 dies
379 1184 504 1260 primam
533 1183 657 1259 speciem
683 1184 944 1259 adpropinquantis
970 1186 1089 1243 terroris
1116 1184 1307 1253 sustinuisset,

237 1306 330 1362 neque
364 1297 500 1363 receptus
528 1288 670 1347 Romanis
701 1308 754 1365 per
783 1292 897 1365 Tempe
928 1289 957 1346 iu
990 1289 1173 1349 Thessaliam
1214 1308 1308 1362 neque

237 1393 450 1462 commeatibus
471 1393 664 1469 pervehendis
685 1413 722 1451 ea
742 1395 883 1469 patuisset
905 1394 968 1451 iter.
1007 1394 1082 1455 Sunt
1103 1393 1177 1450 euim
1194 1395 1307 1467 Tempe
1326 1398 1345 1451 -7

236 1497 342 1565 saltus,
375 1496 491 1554 etiamsi
518 1517 577 1555 non
599 1498 675 1555 ballo
696 1500 749 1555 liat
768 1498 900 1569 infestus,
918 1500 1041 1557 transitu
1058 1497 1189 1557 difficilis.
1227 1498 1305 1555 Nam
1331 1500 1348 1556 8

236 1612 340 1675 praeter
374 1602 525 1677 augustias
555 1622 608 1677 per
640 1603 768 1678 quinque
794 1604 889 1673 milia,
923 1624 980 1678 qua
1012 1604 1147 1679 exiguum
1179 1602 1307 1659 iumento

237 1718 339 1765 onusto
363 1708 420 1765 iter
444 1716 472 1763 et
493 1725 581 1783 rupes
603 1709 748 1782 utrimque
768 1708 810 1765 ita
831 1708 953 1766 abscisse
975 1719 1051 1781 sunt,
1074 1717 1106 1766 ut
1127 1707 1236 1781 despici
1257 1706 1307 1763 vix

237 1812 294 1868 siue
315 1812 462 1887 vertigine
483 1812 610 1887 quadam
642 1813 729 1871 simul
750 1814 900 1871 oculorum
922 1813 1069 1887 animique
1090 1810 1196 1887 possit,
1219 1819 1308 1868 terret

238 1924 263 1971 et
282 1918 399 1975 sonitus
421 1927 450 1974 et
471 1917 594 1975 altitudo
609 1936 662 1993 per
682 1919 806 1976 mediam
829 1918 934 1976 vallem
956 1919 1071 1977 fluentis
1091 1917 1181 1975 Penei
1204 1917 1307 1974 amuis.

237 2020 290 2076 Hic
312 2021 408 2092 locus,
436 2031 496 2079 tam
523 2032 626 2097 suapte
650 2032 754 2079 natura
774 2023 913 2093 infestus,
935 2042 987 2098 per
1009 2033 1147 2097 quattuor
1169 2023 1307 2081 distantia
1329 2019 1347 2075 9

238 2125 299 2183 loca
327 2127 473 2202 praesidiis
502 2127 590 2203 regiis
616 2127 671 2185 fuit
691 2128 827 2185 insessas.
869 2129 967 2188 Unum
995 2130 1025 2185 in
1049 2128 1143 2202 primo
1166 2127 1246 2184 aditu
1269 2127 1306 2183 sd
1334 2128 1368 2182 10

238 2228 376 2288 Gonnum
392 2241 465 2301 erat,
480 2231 602 2289 alterum
617 2235 645 2288 in
657 2231 800 2307 Condylo,
814 2233 933 2289 castello
950 2231 1176 2307 inexpugnabili,
1191 2232 1305 2289 tertium

239 2332 311 2391 circa
333 2336 536 2411 Lapathunta,
558 2356 643 2411 quem
666 2335 799 2395 Charma
821 2336 986 2411 appellant,
1009 2346 1142 2410 quartum
1165 2335 1220 2391 viae
1241 2335 1306 2409 ipsi,
1334 2338 1364 2391 11

239 2449 342 2511 quaet
364 2441 463 2497 media
484 2450 513 2497 ut
534 2440 739 2515 augustissima
759 2439 844 2496 vallis
866 2450 925 2510 est,
955 2442 1126 2516 inpositum,
1149 2458 1235 2513 quam
1260 2440 1306 2495 vel

239 2542 332 2601 decem
364 2545 487 2602 armatis
515 2546 590 2603 tueri
615 2545 702 2603 iaeile
728 2555 781 2605 est.
823 2546 985 2603 intercluso
1012 2566 1065 2621 per
1086 2546 1198 2619 Tempe
1220 2543 1306 2601 simul
1332 2543 1365 2598 12
1411 2552 1414 2559 '

239 2648 313 2706 aditu
328 2650 552 2719 commeatibus,
566 2650 652 2707 simul
665 2650 759 2708 reditu
775 2651 855 2725 ipsis,
873 2660 995 2723 montes,
1015 2671 1068 2726 per
1090 2668 1163 2725 quos
1185 2650 1304 2708 descen·

240 2752 347 2824 derant,
370 2755 519 2830 repetendi
542 2765 634 2813 erant.
678 2754 763 2827 Quod
787 2764 819 2812 ut
839 2755 918 2813 furto
941 2756 1113 2826 fefellerant,
1135 2756 1176 2811 ita
1198 2774 1304 2829 propa·
1332 2748 1366 2803 13

241 2856 303 2930 lam,
325 2860 492 2917 tenentibus
513 2859 665 2934 superiora
688 2861 839 2919 eacumina
859 2862 1001 2927 hostibus,
1023 2878 1082 2917 non
1103 2866 1253 2933 poterant;
1278 2870 1307 2915 et

241 2974 358 3036 experta
393 2963 548 3021 difficultas
580 2983 662 3039 spem
692 2984 806 3021 omnem
844 2966 1000 3024 incidisset.
1049 2964 1218 3039 Supererat.
1235 2963 1305 3021 nihil
1331 2960 1366 3013 ¹4

209 3074 213 3082 “
242 3064 313 3134 alind
335 3069 366 3125 in
390 3076 500 3125 temere
522 3070 676 3125 commisso
704 3088 791 3143 qnam
813 3070 842 3125 in
863 3070 1066 3127 Macedoniam
1089 3067 1127 3124 ad
1142 3068 1231 3125 Dium
1254 3086 1306 3142 per

278 3301 294 3305 ,,
363 3302 386 3309 ,.
392 3302 457 3309 ...ῃ
465 3304 470 3307 .

243 3454 266 3512 l,
277 3464 291 3506 3
304 3460 448 3509 consultam
461 3457 545 3524 Sipon.
565 3459 590 3519 5,
601 3466 616 3509 2
629 3461 724 3524 templu
740 3460 887 3510 thessaliam
907 3466 923 3509 t
936 3462 1004 3523 regis
1024 3460 1048 3517 6,
1062 3466 1073 3509 1
1086 3460 1155 3524 itque
1167 3461 1241 3509 sidua
1261 3466 1275 3509 2
1287 3476 1305 3509 x

245 3542 293 3592 dies
303 3546 356 3605 Me,
373 3555 399 3595 ut
410 3546 459 3606 W„
476 3545 579 3609 offendit
593 3555 669 3595 certus
681 3564 789 3595 numerus
802 3545 900 3595 dierum
909 3544 1041 3611 Scripsitne
1054 3545 1156 3596 Livius:
1175 3546 1267 3609 Itaque
1283 3547 1305 3595 si

244 3642 334 3689 pancos
346 3632 489 3696 intrepidus
507 3646 554 3681 rex
573 3634 648 3681 diest
672 3630 678 3697 Ι
702 3634 800 3697 specics
839 3639 855 3683 3
875 3646 993 3682 romanus
1013 3641 1113 3696 partem
1131 3634 1159 3681 in
1177 3633 1304 3682 tessellum

245 3720 354 3795 requei
381 3718 585 3785 commeatuibus
637 3742 659 3784 ⁴·
674 3750 706 3783 eo
731 3735 786 3801 My.
812 3735 868 3785 Em.
893 3732 956 3784 564.
1005 3734 1034 3793 l,
1057 3740 1066 3783 l
1093 3736 1159 3783 enim
1178 3748 1203 3797 p.
1223 3734 1305 3783 saltus

250 3815 331 3871 Vellem
341 3832 413 3872 essetc
422 3824 470 3873 Est
478 3824 545 3873 euim
556 3824 610 3887 ipse
620 3822 699 3872 saltus
722 3822 747 3879 8,
758 3828 773 3870 2
791 3835 843 3883 qua
852 3822 1008 3883 exexiguum
1034 3821 1152 3870 tinterst
1161 3835 1238 3885 rupes
1248 3820 1303 3885 My.

246 3901 295 3956 Em.
314 3908 372 3959 565
407 3915 529 3973 tposset
547 3908 637 3974 (Grpe.
656 3910 705 3957 iter
722 3915 770 3965 est,
789 3922 865 3971 rupes
885 3932 917 3945 -
936 3908 1024 3971 possit.
1045 3906 1136 3967 torret)
1178 3908 1305 3955 tsinitus

248 3992 382 4050 lamamuis
427 3995 484 4054 9,·.)
504 3996 570 4057 regis
591 3994 665 4045 Grou.
703 3993 866 4051 10‚1unus
904 3997 1052 4043 tconnum
1071 3999 1125 4041 eret
1144 4007 1160 4041 s
1177 3992 1301 4054 alterum.

248 4081 368 4143 condylon
381 4080 531 4131 Drok.Era.
544 4079 601 4130 565
619 4078 712 4146 (ὥρη.
730 4086 794 4138 erat,
813 4080 922 4129 altorum
944 4079 1084 4143 condylon)
1120 4084 1136 4127 8
1154 4078 1306 4141 lapathynta

250 4160 358 4220 lutosa
410 4167 487 4227 11‚a
515 4167 596 4216 ualles
613 4163 771 4231 estlpoeitum
826 4165 868 4225 12,
890 4172 901 4215 l
927 4180 973 4229 per
991 4174 1068 4229 temp.
1091 4164 1306 4213 teummeatibus

251 4243 315 4310 *ipsi
334 4260 435 4303 montes
447 4252 503 4318 Μρ.
520 4253 577 4303 Em.
596 4251 652 4303 565
685 4253 847 4316 trepentedi
886 4252 928 4311 13,
944 4258 954 4301 l
970 4252 1105 4316 propalam
1123 4266 1139 4301 a
1157 4250 1305 4299 tenentibus
