3475 5084
932 566 952 608 Χ

414 763 477 802 rum
506 743 635 802 locorum
665 745 879 802 emendationes
901 745 938 802 ab
965 745 1066 803 iisdem
1097 745 1261 822 propositas
1283 764 1341 801 non
1362 745 1470 820 proba-

414 827 519 897 verim,
550 829 711 903 explicabo.
764 829 945 885 Perlibenter
973 841 1130 904 gratusque
1159 847 1309 885 naussum
1333 828 1384 895 iis,
1407 845 1471 902 quae

413 911 549 968 Hertzius
576 931 697 986 quaeque
725 912 812 967 etiam
840 911 994 968 notabilius
1018 912 1047 968 in
1077 913 1188 986 aliquot
1216 911 1287 969 locis
1311 911 1470 967 Vahlenius

412 995 584 1065 emendarit,
605 995 697 1066 (velut
719 995 825 1064 XLII,
847 997 903 1063 23,
929 999 963 1050 tu
987 1005 1015 1051 et
1040 998 1095 1066 26,
1118 999 1134 1052 9
1158 1006 1186 1052 et
1208 1000 1256 1064 47,
1281 999 1295 1052 7
1320 1005 1349 1050 et
1371 997 1419 1064 63,
1442 997 1471 1064 4,

412 1078 526 1145 XLIV,
550 1081 584 1145 3,
607 1080 654 1152 3),
676 1078 813 1134 nonnulla
841 1078 927 1134 etiarn
954 1079 1083 1135 Kochins
1106 1076 1209 1153 (XLI,
1232 1080 1280 1148 24,
1308 1083 1359 1145 15,
1382 1095 1470 1151 quam

412 1160 604 1217 coniecturam
631 1161 692 1235 ipse
710 1161 891 1217 Vindobonae
912 1159 968 1217 feci
990 1162 1185 1236 annotavique
1200 1161 1327 1219 codicem
1351 1161 1470 1216 volvens

412 1260 475 1299 cum
499 1263 557 1299 uno
579 1244 761 1301 Tauchnitzii
782 1244 930 1318 exemplo,
962 1255 990 1300 et
1012 1246 1108 1315 XLV,
1132 1247 1186 1314 39,
1214 1245 1271 1318 14.)
1314 1243 1400 1317 Quod
1421 1243 1471 1299 uni

412 1336 440 1382 et
461 1327 543 1383 alteri
565 1346 601 1383 ex
633 1329 735 1384 horum
758 1327 1004 1383 emendationibus
1036 1347 1129 1384 meum
1152 1347 1267 1402 quoque
1289 1345 1393 1383 nomen
1418 1325 1470 1382 ad-

411 1409 521 1484 scripsi,
543 1410 621 1484 quod
644 1420 710 1484 post
736 1430 762 1467 a.
787 1414 863 1467 1860
887 1411 914 1466 in
946 1404 1022 1466 idern
1045 1411 1215 1480 incideram,
1244 1408 1470 1467 confirmationis
1573 1417 1574 1478 3

411 1491 520 1566 aliquid
542 1512 604 1549 esse
626 1493 705 1549 volui
727 1513 745 1548 a
769 1494 890 1549 duorum
914 1494 942 1550 in
966 1494 1081 1550 invento
1097 1512 1246 1570 consen-su.
1280 1499 1309 1552 A
1326 1491 1470 1568 Seyfferto
1573 1493 1574 1514 ¹

412 1594 469 1631 non
492 1577 607 1632 memini
629 1577 657 1632 in
679 1577 723 1632 his
745 1575 825 1633 libris
843 1577 997 1651 quiequam
1013 1577 1169 1646 inventum,
1192 1577 1270 1651 quod
1288 1577 1318 1632 in
1333 1585 1470 1632 contextu

412 1655 590 1732 ponerem.¹)

494 1735 541 1799 Ex
563 1743 616 1811 iis,
646 1743 750 1816 quibus
777 1753 882 1817 praeter
907 1743 987 1799 locos
1017 1742 1046 1799 in
1068 1742 1298 1800 emendationum
1323 1741 1469 1798 volumine

411 1835 550 1881 tractatos
578 1845 672 1881 meum
701 1826 784 1881 unius
814 1845 918 1882 nomen
941 1826 1129 1894 adscribitur,
1152 1844 1226 1882 name
1248 1825 1362 1881 demum
1386 1843 1404 1880 a
1424 1845 1470 1881 me

411 1909 561 1978 correctis,
595 1909 734 1984 pleraque
750 1921 778 1965 et
799 1920 858 1964 tam
882 1919 948 1965 sunt
969 1909 1075 1983 exigua
1097 1920 1126 1965 et
1147 1909 1189 1965 ita
1210 1922 1340 1983 apertam
1362 1909 1471 1964 habent

411 1992 622 2048 attendentibus
644 1992 851 2048 emendationis
874 2003 990 2048 causam
1014 2003 1042 2048 et
1062 1993 1154 2063 viam,
1184 2003 1215 2048 ut
1236 1992 1272 2048 de
1293 1991 1327 2048 iis
1350 2009 1470 2066 separa·

410 2072 460 2128 tim
487 2075 581 2130 dicere
611 2075 741 2149 putidum
777 2077 828 2142 sit,
862 2093 948 2149 quum
980 2075 1136 2150 praesertim
1168 2076 1298 2149 quadam
1329 2075 1469 2131 eiusmodi

410 2157 482 2223 sint,
510 2158 540 2215 in
569 2160 672 2232 quibus
700 2160 728 2214 in
758 2169 858 2242 aperto
889 2159 995 2215 codicis
1028 2159 1130 2214 mendo
1160 2158 1358 2215 tantummodo
1381 2157 1469 2232 paulo

310 2308 314 2316 ί
409 2241 528 2314 propius
551 2243 588 2297 ad
611 2242 672 2297 eius
699 2242 822 2316 vestigia
845 2242 1000 2297 accedatur
1022 2255 1072 2298 aut
1100 2242 1157 2298 alio
1181 2243 1266 2297 modo
1289 2241 1470 2316 probabilius

410 2325 550 2380 correctio
573 2325 756 2392 absolvatur,
786 2344 872 2399 quam
903 2344 921 2380 a
943 2324 1069 2401 Grynaeo
1096 2324 1204 2381 iactum
1233 2325 1278 2381 sit.
1324 2323 1400 2397 Quid
1426 2334 1470 2381 est

410 2407 484 2463 enim
511 2426 583 2482 opus
606 2408 809 2482 argumentari,
832 2409 921 2476 XLI,
947 2413 978 2476 7,
1004 2411 1020 2464 2
1045 2427 1101 2464 non
1123 2419 1200 2465 recte
1222 2408 1295 2463 inter
1316 2425 1347 2463 se
1368 2407 1469 2464 referri

414 2488 454 2548 Ti.
478 2488 620 2547 Gracchus
643 2523 683 2533 -
705 2492 841 2558 Albinus,
862 2491 912 2547 sed
935 2502 1056 2565 utroque
1077 2492 1142 2548 loco
1164 2493 1193 2547 in
1215 2491 1378 2548 hominibus
1400 2501 1467 2546 ante

354 2628 360 2636 ,
409 2573 521 2647 plenius
546 2574 713 2649 significatis
735 2593 899 2648 praenomen
923 2577 1024 2632 abesse
1045 2576 1164 2644 debere,
1186 2575 1264 2649 quod
1285 2575 1381 2648 priore
1401 2573 1465 2630 loco

410 2675 447 2712 ex
470 2658 568 2714 ultima
594 2658 709 2732 syllaba
736 2658 816 2713 vocis
841 2659 1026 2732 praecedentis
1045 2657 1148 2714 ¹ortum
1172 2669 1215 2712 est
1237 2656 1385 2731 (arpentrli
1417 2665 1468 2714 aut
1554 2690 1557 2702 ·

410 2739 510 2808 XLII,
533 2743 615 2809 38,·2
638 2759 675 2796 ex
697 2742 780 2811 lopati
799 2741 958 2797 Acarnania
979 2741 1074 2814 potius
1094 2740 1256 2797 faciendum
1272 2741 1360 2797 fuisse
1375 2741 1468 2796 Acar·

335 2839 338 2846 ¹
410 2841 494 2878 nanee
515 2843 601 2898 quam
625 2823 822 2879 Acarnanum?
850 2834 901 2879 aut
922 2825 1045 2890 XLlll,
1074 2829 1125 2892 18,
1149 2827 1165 2880 9
1191 2824 1227 2880 de
1250 2824 1355 2880 codicis
1377 2824 1469 2899 scrip-

410 2916 476 2961 tura
492 2916 641 2981 postquam
664 2939 700 2949 -
723 2907 850 2962 videntur
878 2907 1083 2964 detrahendam
1110 2907 1199 2964 fuisse
1220 2907 1361 2982 syllabam
1383 2907 1469 2964 urin
1570 2926 1571 2947 ¹

410 2989 465 3044 hoc
487 2990 587 3046 codiee
607 2990 763 3077 saepissime
785 2990 860 3046 male
875 2989 1001 3047 additam
1018 2991 1171 3064 (Emendd.
1188 2991 1252 3048 Liv.
1268 3010 1295 3066 p.
1314 2995 1370 3046 595
1387 2991 1469 3064 not),

410 3081 442 3127 ut
463 3074 544 3129 lieret
564 3073 670 3143 vident,
702 3091 776 3143 non,
808 3075 887 3147 quod,
910 3073 1053 3150 Grynaeus
1075 3085 1221 3149 posuerat,
1241 3072 1386 3130 viderunt?
1419 3083 1469 3130 aut
1570 3085 1574 3116 t

411 3155 509 3226 XLV,
532 3158 565 3226 9,
588 3159 605 3212 3
638 3156 726 3231 paulo
758 3157 876 3231 propius
904 3157 940 3212 ad
963 3158 1108 3229 reparabat,
1139 3157 1217 3231 qnod
1239 3169 1281 3214 est
1309 3158 1338 3213 in
1360 3157 1468 3226 codice,

411 3239 548 3295 accedere
569 3248 700 3312 aequarat
721 3259 807 3314 quam
831 3238 973 3312 reynavit?
1008 3251 1058 3296 aut
1080 3242 1186 3309 XLll,
1209 3243 1264 3308 ⁴25,
1293 3245 1321 3298 11
1350 3241 1386 3296 ad
1410 3259 1470 3297 cre·

411 3321 523 3396 derep,
545 3322 664 3397 propius
686 3323 796 3379 credere
817 3342 831 3378 e
852 3341 909 3396 rep.
933 3342 1019 3398 quam
1047 3323 1157 3380 credere
1177 3326 1244 3398 reip.
1273 3325 1371 3398 (quum
1395 3343 1469 3399 pra·

411 3405 507 3462 sertim
530 3405 686 3462 consulendi
706 3408 772 3480 reip.
800 3406 971 3480 significatio
1001 3407 1094 3464 minus
1122 3419 1192 3482 apta
1219 3407 1285 3464 huic
1308 3407 1372 3464 loco
1401 3406 1469 3482 sit)?

411 3490 473 3544 Aut
495 3507 553 3563 qua
576 3487 741 3545 defensione
763 3502 844 3564 eget,
876 3492 953 3564 quod
979 3491 1075 3559 XLV,
1108 3495 1141 3558 l,
1171 3494 1187 3548 3
1217 3491 1412 3565 (oppapaaaset
1433 3493 1469 3565 et)

412 3580 440 3626 et
456 3573 534 3641 36,1
569 3572 651 3644 (esset
671 3572 707 3645 et)
734 3573 887 3646 geminatis
910 3574 983 3629 binis
1004 3573 1106 3644 litteris
1128 3594 1220 3649 prava
1241 3575 1382 3650 asyndeta
1403 3593 1469 3632 aus·
1549 3639 1554 3644 ,

411 3654 476 3722 tuli,
507 3665 539 3710 ut
565 3654 673 3710 iecerat
695 3655 838 3731 Grynaeus
860 3658 967 3728 XLII,
991 3659 1043 3726 21,
1067 3657 1107 3712 3?
1139 3667 1189 3713 aut
1211 3657 1289 3730 quod
1316 3658 1469 3732 aliquoties

411 3737 547 3794 omissum
570 3747 636 3813 post
657 3739 838 3813 participium
860 3749 901 3796 est
919 3741 988 3813 (vid.
1013 3740 1120 3815 Opusc.
1143 3744 1198 3798 Ac.
1214 3741 1239 3808 1,
1257 3739 1328 3812 413)
1349 3741 1469 3809 restitui,

431 3903 438 3911 ρ
460 3905 641 3913 ..ι-Ἢ

434 3989 459 4037 ¹l
482 3988 574 4036 Kochii
593 3989 808 4038 Emendationum
832 3989 997 4036 Livianarum
1023 3996 1107 4052 partes
1135 3989 1191 4036 duas
1214 3989 1363 4052 prodierunt
1386 3990 1469 4040 Bran-

483 4060 606 4121 ‹lenburgi
629 4063 695 4108 1860
714 4068 738 4106 et
762 4063 835 4108 1861.
865 4058 983 4106 Vahlenii
1004 4058 1192 4108 emendationes
1211 4069 1235 4108 et
1254 4059 1406 4107 coniectura
1425 4075 1470 4110 ox·

481 4131 571 4193 positae
585 4129 682 4178 suntin
695 4128 831 4176 annalibus
844 4127 1033 4191 gymnasiorum
1047 4129 1243 4178 Austriacorum
1255 4128 1303 4179 vol.
1315 4129 1368 4176 Xll
1378 4129 1468 4195 (1861)

482 4198 544 4249 fasc.
565 4201 576 4247 l
595 4210 620 4248 et
637 4198 684 4247 IV.
705 4199 740 4245 Μ.
762 4196 901 4260 Seyffertas
918 4211 975 4258 quta
994 4200 1025 4246 de
1043 4198 1106 4246 locis
1125 4198 1237 4248 Liuianis
1257 4200 1365 4262 scripsit,
1387 4202 1470 4250 conti-

482 4281 574 4318 nentur
592 4283 712 4318 novorum
733 4268 865 4315 annalium
884 4267 1098 4330 philologicorum
1117 4269 1166 4318 vol.
1178 4269 1318 4318 LXXXlll
1328 4285 1352 4332 p.
1365 4275 1396 4318 63
1412 4286 1467 4333 sqq.

482 4349 507 4388 et
524 4357 549 4403 p.
569 4345 628 4388 823.
668 4337 788 4388 Aliorum
803 4346 985 4385 annotanrenta
1003 4346 1028 4386 at
1047 4337 1148 4388 libellos
1167 4338 1286 4389 Hertzias
1305 4340 1409 4390 indicat.
