3475 5084
545 485 624 537 nnn
641 486 727 537 xnu.
763 488 811 553 (a.
833 488 893 539 cnr.
916 488 986 553 ιη.)
1223 496 1259 551 st
1305 546 1308 554 .

230 668 1305 753 qwmmmmwfflmmfflmfflwmm

229 774 375 831 sidiarum
398 775 523 849 Eumeni
543 774 687 835 factarum
710 780 818 837 crimen
842 790 871 837 et
895 778 1024 837 maxima
1047 797 1116 837 cura
1138 787 1174 858 οιΙ
1188 778 1306 837 minime

230 888 329 937 tamen
354 881 547 955 probabiliter
561 882 728 949 (manifesta
742 884 818 941 enim
833 903 880 941 res
897 890 971 951 erat)
995 882 1154 941 defensum.
1200 882 1306 941 Cetera
1327 889 1345 944 3
1388 889 1392 897 '

229 984 402 1060 deprecatio
425 994 500 1056 erat;
522 987 647 1045 sednon
668 989 710 1045 eis
725 988 829 1046 animis
848 990 1049 1057 audiebantur,
1068 974 1122 1061 rqui
1143 998 1194 1045 aut
1208 988 1306 1047 doceri

227 1101 279 1147 aut
311 1090 395 1149 flecti
429 1100 556 1165 possent.
605 1094 829 1164 Desunt-iatum,
867 1093 1013 1169 extemplo
1049 1092 1190 1149 maenibus
1226 1093 1305 1151 urbis

226 1194 345 1264 Romae,
371 1196 460 1253 Italia
482 1196 558 1253 intra
574 1198 671 1255 XXX
694 1198 771 1255 diem
785 1198 967 1259 excederent.
1010 1200 1046 1258 P.
1070 1196 1182 1255 Licinio
1202 1198 1305 1255 deiude
1327 1205 1351 1259 4⁴

225 1300 362 1369 consuli,
384 1300 431 1357 cni
453 1302 627 1359 Macedonia
647 1302 799 1377 provincia
825 1304 1003 1373 obvenerat,
1030 1301 1244 1373 denuntiatum,
1273 1311 1305 1359 ut

225 1405 375 1462 exercitui
407 1406 482 1463 diem
515 1407 639 1482 primam
671 1426 818 1481 quamque
849 1406 958 1464 diceret
990 1408 1028 1465 ad
1067 1406 1304 1467 conveniendum.

224 1508 261 1567 C.
282 1511 456 1579 ,Lucretius
490 1520 612 1587 prator,
645 1512 691 1569 cui
721 1512 821 1570 classis
855 1510 1006 1587 provincia
1039 1520 1117 1581 erat,
1149 1530 1213 1568 cum
1245 1511 1304 1569 XL
1328 1520 1344 1574 5

225 1615 491 1697 quinqueremibus
518 1616 556 1673 ab
583 1617 656 1674 urbe
682 1606 941 1700 profectum-nam
973 1636 1009 1673 ex
1036 1616 1152 1674 refectis
1181 1617 1304 1673 navibus

225 1721 306 1777 alias
328 1722 359 1777 in
382 1720 471 1777 alium
493 1738 576 1777 usum
598 1722 714 1779 retineri
745 1723 783 1778 ed
805 1724 906 1779 urbem
929 1721 1046 1797 placuit.
1092 1721 1264 1779 Praemissus
1286 1738 1305 1777 a
1327 1730 1344 1785 6

225 1836 359 1902 praetore
386 1835 431 1881 est
461 1824 553 1882 frater
573 1829 608 1883 Μ.
629 1828 782 1885 Lucretius
811 1846 876 1885 cum
908 1826 1114 1901 quinquereme
1143 1844 1214 1896 una,
1243 1826 1304 1882 ius·

221 1933 351 2005 susque,
374 1932 412 1988 ab
436 1930 522 1987 sociis
543 1950 581 1987 ex
601 1931 710 1990 foedere
732 1934 858 2009 acceptis
875 1932 1007 2002 navibus,
1032 1933 1069 1988 ad
1086 1930 1304 2005 Cephalleniam
1346 2003 1352 2017 Ι

223 2037 320 2093 classi
339 2044 508 2105 occurrere,
536 2037 574 2092 ab
603 2037 722 2111 Reginis
751 2038 859 2094 triremi
887 2057 962 2106 una,
997 2038 1035 2095 ab
1057 2037 1159 2095 Locris
1181 2036 1304 2105 duabus,
1328 2040 1343 2097 7

224 2144 267 2199 ab
293 2150 311 2209 Ι
333 2142 467 2203 Uritibus
490 2150 635 2215 quattuor.
668 2144 780 2199 Praeter
802 2163 883 2199 oram
906 2142 999 2199 Italiae
1018 2152 1204 2216 supervectus
1217 2139 1304 2197 Cala·

226 2248 303 2305 briae
325 2258 488 2303 extremum
510 2248 741 2321 promuntorium
762 2248 847 2305 Ionio
877 2247 950 2303 mari
973 2248 1168 2322 Dyrrachium
1199 2245 1303 2301 traicit.

226 2353 277 2409 Ibi
320 2352 422 2409 decem
464 2350 595 2425 ipsorum
630 2351 895 2427 Dyrrachinorum,
948 2350 1099 2408 duodecim
1137 2352 1344 2421 Issaeorum,ss

229 2456 329 2515 LIIII
369 2466 507 2531 quattuor
542 2456 630 2515 Genti
663 2457 741 2532 regis
773 2457 885 2514 lembos
920 2466 1058 2527 nanctus,
1097 2456 1235 2513 simulans
1273 2472 1305 2510 se

229 2562 355 2619 credere
385 2580 436 2618 eos
464 2562 495 2617 in
523 2581 605 2619 nsum
632 2564 833 2621 Romanorum
863 2572 1038 2635 conparatos
1068 2578 1145 2631 esse,
1172 2560 1306 2617 omnibus

230 2666 385 2736 abductis,
414 2668 461 2724 die
483 2665 568 2723 tertio
591 2665 766 2741 Corcyram,
792 2665 859 2722 inde
881 2666 1013 2741 protinus
1034 2666 1064 2724 in
1087 2664 1304 2741 Cephalleniam
1391 2717 1394 2723 .

230 2771 341 2829 traicit.
387 2770 421 2831 C.
444 2772 595 2829 Lucretius
624 2783 731 2846 praetor
758 2772 795 2827 ab
820 2771 948 2846 Neapoli
974 2771 1137 2847 profectus,
1167 2778 1304 2844 superato
1328 2772 1344 2827 9

228 2877 322 2945 freto,
345 2877 392 2933 die
414 2877 515 2951 quinto
535 2877 565 2933 in
581 2876 798 2952 Cephalleniam
821 2876 988 2933 transmisit.
1031 2876 1079 2934 Ibi
1095 2875 1173 2932 stetit
1194 2874 1304 2944 classis,
1332 2881 1366 2934 tu

228 2982 322 3039 simul
354 2983 523 3057 opperiens,
556 2994 588 3038 ut
616 2992 766 3039 terrestres
796 2981 887 3055 copiae
920 2982 1126 3050 traicerentur,
1159 2980 1245 3037 simul
1275 2988 1306 3036 ut

230 3087 380 3143 onerariae
401 3107 439 3144 ex
460 3088 575 3161 agmine
601 3106 655 3148 suo
680 3106 733 3161 per
759 3086 848 3143 altum
877 3086 1024 3161 dissipatae
1051 3094 1306 3159 consequerentur.

229 3298 363 3357 XLVIII,
373 3298 398 3357 2,
409 3306 424 3347 t
435 3303 624 3353 maniseetenim
636 3318 676 3353 res
702 3303 727 3363 3,
738 3309 753 3351 2
764 3298 930 3367 deprecatio!
942 3302 1002 3365 qnia
1012 3308 1056 3349 aut
1080 3306 1096 3349 4
1107 3314 1184 3349 romae
1192 3300 1229 3347 ita
1238 3298 1305 3347 intra

230 3385 290 3441 M
312 3402 330 3433 u
349 3387 462 3436 remibns
478 3388 482 3450 Ι
499 3404 557 3437 nam
570 3390 729 3455 rex-reiectis
752 3390 818 3449 ,6,2
836 3389 917 3438 irater
930 3388 1051 3437 lucretius
1069 3385 1143 3437 Gron.
1161 3386 1165 3448 Ι
1181 3386 1306 3447 quinque·

232 3498 333 3539 remest
347 3506 398 3539 una
434 3493 589 3555 acepaliam
627 3493 651 3552 7,
669 3500 680 3542 l
698 3493 773 3558 Grpe.
788 3493 946 3555 interpunxit:
966 3506 1110 3543 occurrere:
1130 3490 1162 3538 ab
1181 3488 1306 3550 Rheginis

234 3600 270 3612 -
290 3585 421 3639 quattuor,
445 3589 537 3642 prater
563 3588 606 3629 cet.
625 3577 682 3631 Em.
699 3581 764 3630 537.
785 3579 889 3641 (Weiss.
910 3569 1024 3629 malebat':
1048 3592 1187 3626 occurrere.
1206 3575 1250 3650 Ab
1273 3576 1305 3625 R.
1344 3606 1347 3617 ,

234 3670 267 3713 tr.
289 3678 344 3711 una
361 3674 463 3728 sumpta
480 3674 524 3714 aut
542 3667 609 3724 data,
628 3675 652 3715 at
667 3666 791 3730 probabile
803 3666 891 3715 catillo
906 3665 976 3715 niodo
991 3662 1201 3730 interpuuyendum
1219 3679 1267 3711 esse
1284 3670 1307 3711 et

230 3750 392 3813 participium
405 3760 428 3799 et
435 3754 547 3816 sonasse
558 3752 642 3817 plura,
660 3754 752 3802 urbium
764 3753 860 3802 nomina
877 3762 900 3802 et
917 3754 1013 3801 nuvium
1031 3768 1146 3811 austeros,
1165 3748 1305 3813 escidiasc.)

234 3843 249 3885 2
259 3836 524 3901 Uritibnscorruptam
538 3842 544 3899 Ι
560 3855 630 3889 oram
640 3849 805 3903 superuectus
817 3840 894 3889 italia
905 3839 1025 3887 calabriae
1036 3841 1046 3901 (
1057 3839 1139 3889 Weiss
1153 3838 1236 3887 Italia
1256 3834 1308 3886 tolli

234 3923 341 3983 nolebat,
352 3925 486 3985 verrente.)
501 3932 516 3975 ³
528 3926 576 3987 (H.
587 3929 802 3991 promunturium)
818 3928 823 3989 Ι
839 3928 940 3975 InIonio
948 3927 1012 3975 mari
1022 3924 1076 3989 Mp.
1089 3924 1145 3975 Em.
1154 3923 1210 3973 537
1226 3924 1231 3987 Ι
1246 3926 1305 3987 dyr-

234 4012 337 4059 racIum
375 4011 425 4069 8‚l
445 4013 635 4075 dyrracinorum
650 4016 656 4077 Ι
672 4016 797 4065 isseorum
848 4020 1037 4077 hconparatus
1066 4013 1218 4061 tadductis
1239 4012 1242 4076 Ι
1264 4024 1305 4059 ue-

235 4098 337 4161 paliam
381 4098 406 4157 9,
424 4104 435 4147 1
450 4115 487 4162 pr.
500 4115 532 4148 ne
545 4101 578 4149 ab
591 4102 694 4165 neapoli
733 4108 748 4149 2
769 4102 858 4165 quinto
871 4096 922 4165 per'
934 4100 1102 4163 cepallaniam
1122 4097 1201 4157 (Num
1214 4098 1304 4159 quieto

235 4198 283 4248 per
300 4200 372 4235 mere
390 4186 492 4235 Ionium
508 4186 537 4247 in
552 4186 775 4252 Cephalleniaml)
814 4187 856 4248 10,
867 4192 882 4235 2
894 4194 922 4237 nt
939 4194 1018 4237 terres
1037 4194 1066 4235 ut
1083 4186 1207 4236 terrestris
1226 4183 1305 4245 copia

236 4279 253 4323 8
274 4274 400 4323 oneraria
419 4280 445 4323 et
463 4275 565 4336 agmine
720 4256 724 4262 ⁴
