3475 5084
464 470 523 527 248
733 464 812 515 Liber
830 464 914 515 XLV.
953 467 998 527 (A.
1018 478 1043 515 u.
1064 478 1086 513 ο.
1107 468 1178 523 est.)

386 654 401 707 7
426 669 490 709 cum
513 650 669 721 Heracleo,
690 668 779 724 quant
802 647 932 708 Sinticen
955 647 1112 723 appellant.
1169 646 1333 707 Secundam
1353 648 1425 707 fore
1447 667 1495 705 re·

422 755 570 829 gionems
586 772 674 828 quum
698 754 824 814 obortu
848 752 966 829 Strymo
995 751 1218 827 amplecteretur
1241 754 1351 824 amnis,
1382 760 1497 828 pmter

423 859 551 918 Sinticen
572 860 748 924 Heracleam
779 869 808 917 et
834 857 979 929 Bisaltas,
1012 860 1048 917 ab
1079 878 1242 934 occasuque
1264 859 1361 917 Axius
1390 857 1497 915 termi-

422 973 506 1023 naret
526 966 649 1034 fluvius‚
671 963 778 1021 additis
801 961 974 1033 Paeonibus,
1001 962 1050 1036 qui
1072 982 1164 1040 prope
1187 965 1301 1023 Axium
1322 964 1435 1021 flumen
1458 962 1498 1019 ad

383 1070 569 1144 8regionem
592 1068 711 1127 orientis
733 1068 871 1129 colerent.
930 1068 1032 1125 Tertia
1061 1068 1249 1143 persiana,
1282 1089 1372 1144 qnam
1393 1068 1498 1127 Axius

423 1175 460 1231 ab
483 1174 609 1245 oriente,
630 1176 747 1233 Peneus
768 1174 863 1231 amnis
884 1174 923 1231 ab
952 1190 1059 1231 oscam
1089 1174 1221 1249 cingunt3
1250 1175 1290 1231 ad
1316 1174 1499 1250 septentrio-

422 1297 487 1335 nem
510 1278 590 1335 Bora
612 1298 695 1337 mons
717 1279 849 1336 obicitur.
915 1278 1041 1337 Adiecta
1061 1279 1128 1337 huic
1150 1279 1228 1355 parti
1249 1280 1333 1355 regio
1356 1279 1499 1347 Peonie,

424 1403 482 1458 qua
504 1385 541 1441 ab
564 1401 670 1441 occasu
693 1394 799 1459 prester
813 1384 925 1443 Axium
950 1403 1065 1441 amnem
1086 1385 1258 1459 porrigitur3
1281 1386 1399 1443 Edessa
1420 1404 1499 1460 quo·

382 1492 400 1548 9
424 1499 530 1563 quest
552 1489 656 1547 Beroea
678 1490 780 1547 eodem
810 1499 1021 1549 concesserunt.
1071 1488 1185 1563 Quarta
1213 1492 1296 1566 regio
1327 1502 1411 1549 trans
1436 1492 1499 1549 Bo·

422 1614 486 1651 ram
509 1604 652 1663 montem,
674 1613 733 1653 nna
753 1605 837 1670 parte
862 1595 983 1653 confinis
1004 1594 1141 1669 Illyrico,
1164 1595 1258 1655 altera
1282 1597 1388 1672 Epiro.
1439 1595 1499 1655 Ca·

423 1699 485 1775 pita
505 1700 675 1774 regionum,
695 1700 745 1757 ubi
767 1700 892 1758 concilia
913 1702 1031 1769 fierent,
1053 1702 1153 1776 primm
1174 1702 1303 1777 regionis
1325 1704 1499 1777 Amphipo-

423 1802 483 1874 lim,
505 1806 638 1862 secundas
661 1805 900 1877 Thessalonicen,
923 1806 1014 1863 tertiae
1024 1806 1147 1876 Pellam,
1171 1817 1283 1882 quartas
1298 1808 1498 1883 Pelagoniam

423 1908 501 1965 fecit.
554 1911 600 1967 Eo
623 1910 746 1967 concilio
760 1885 838 1969 ‘suae
871 1911 1010 1984 cuiusque
1038 1911 1166 1984 regionis
1196 1912 1302 1984 indici,
1338 1914 1497 1990 pecuniam

366 2014 400 2068 10
423 2013 566 2083 conferri,
597 2014 639 2071 ibi
668 2016 856 2090 magistratus
888 2016 982 2073 creari
1009 2016 1101 2075 iussit.
1149 2018 1360 2077 Pronuntiavit
1379 2020 1498 2090 deinde,

318 2103 321 2108 ⁵
423 2138 518 2193 neque
545 2121 701 2177 conubium
731 2139 826 2194 neque
852 2120 1057 2179 commercium
1085 2140 1222 2198 agrorum
1245 2124 1498 2199 aedificiorumque

365 2225 398 2279 11
422 2225 498 2283 inter
519 2245 550 2283 se
572 2227 688 2302 placere
709 2226 846 2300 cuiquam
869 2235 954 2283 extra
975 2226 1047 2283 fines
1068 2228 1196 2303 regionis
1217 2246 1278 2285 sum
1298 2248 1374 2287 esse.
1434 2232 1496 2287 Me·

423 2332 495 2389 talla
516 2351 634 2407 quoque
656 2332 721 2389 auri
743 2332 838 2405 adque
868 2331 981 2407 argenti
1009 2351 1069 2389 uon
1097 2332 1240 2401 exerceri;
1272 2333 1345 2391 ferri
1372 2344 1406 2391 et
1433 2337 1496 2395 seris

423 2438 559 2511 permitti,
617 2437 754 2512 Vectigal
794 2438 997 2495 exercentibus
1035 2437 1185 2495 dimidium
1223 2440 1286 2497 eius
1324 2441 1496 2516 inpositum,

366 2540 401 2597 12
425 2544 503 2617 quod
524 2544 728 2619 pependissent
749 2543 819 2617 regi.
864 2544 904 2601 Et
924 2544 985 2601 sale
1006 2543 1121 2601 invecto
1139 2544 1181 2601 uti
1195 2544 1296 2601 vetuit.
1341 2546 1496 2604 Dardanis

423 2650 621 2723 repetentibus
643 2648 812 2717 Paeoniam,
840 2649 920 2723 quod
948 2660 977 2705 et
998 2668 1052 2707 sua
1073 2647 1175 2705 fuisset
1196 2660 1225 2707 et
1242 2651 1394 2709 continens
1420 2662 1497 2709 esset

423 2754 529 2811 finibus
551 2755 628 2825 suis,
660 2754 795 2811 omnibus
827 2756 899 2811 dare
920 2754 1082 2814 libertatem
1106 2756 1322 2829 pronuntiavit,
1356 2758 1409 2831 qui
1441 2758 1495 2813 sub

366 2855 401 2911 13
424 2877 514 2933 regno
536 2860 638 2917 Persei
665 2858 795 2917 fuissent
845 2861 919 2918 Post
947 2878 1006 2923 non
1033 2860 1218 2935 impetratum
1241 2862 1392 2919 Paeoniam
1425 2862 1495 2919 salis

424 2966 627 3023 commercium
651 2964 865 3034 dedit;·tertiss
888 2965 999 3040 regioni
1019 2965 1191 3041 imperavit,
1219 2975 1251 3024 ut
1273 2966 1382 3027 Stobos
1405 2969 1495 3025 Pseo-

367 3068 402 3121 14
423 3072 480 3129 niae
501 3053 691 3139 dbveherent‚
723 3070 908 3145 pretiumque
939 3071 1049 3129 statuit
1104 3070 1249 3129 Nevalem
1280 3074 1436 3131 materiam
1467 3082 1495 3129 st

423 3275 656 3284 ————

425 3395 575 3445 bsenticen
610 3392 635 3452 7,
654 3400 670 3444 2
690 3398 763 3441 ortus
803 3392 963 3441 senticem
991 3392 996 3454 Ι
1020 3405 1184 3454 occasuque
1209 3392 1296 3441 actius
1316 3390 1373 3456 My.
1395 3392 1494 3455 (Axius

428 3479 519 3545 Gryn.)
557 3485 573 3528 4
592 3480 684 3529 additis
706 3478 795 3542 poenis
817 3478 892 3529 Gron.
912 3476 1001 3543 (Gryn.
1019 3478 1136 3539 Paeonis)
1159 3479 1164 3540 l
1185 3493 1265 3543 prope
1283 3478 1494 3527 auxiliumanflu·

422 3581 482 3615 men
501 3581 535 3615 nn
552 3566 681 3627 regionem
728 3564 846 3613 ocolere
888 3564 913 3623 8,
934 3570 1070 3628 spernens
1089 3565 1242 3626 omnislsb
1261 3574 1431 3615 senteuonsm
1478 3570 1493 3615 3

423 3653 527 3701 obtecta
543 3652 604 3700 huic
620 3653 624 3714 Ι
640 3652 738 3715 poenita
756 3666 807 3715 quo
845 3652 980 3701 taedessa
1017 3656 1079 3699 bet
1097 3652 1176 3701 borsa
1217 3651 1242 3712 9,
1264 3656 1275 3701 l
1297 3659 1370 3703 trans
1390 3654 1493 3701 dorsum

423 3747 534 3787 montem
576 3736 687 3787 Eundem
714 3747 812 3787 montem
833 3737 873 3787 bic
895 3746 919 3787 at
939 3736 1017 3801 paulo
1039 3746 1095 3787 aute
1111 3738 1249 3802 signficari
1265 3747 1383 3801 apparea
1411 3753 1493 3786 nom

422 3834 536 3873 moeream
554 3834 601 3884 est,
624 3824 740 3888 Georgius
749 3822 875 3888 syncellus
895 3822 1000 3888 Bs'pvov
1018 3822 1090 3885 dicim
1111 3822 1179 3874 dorsi
1201 3825 1285 3873 omaus
1303 3825 1390 3875 mentio
1405 3840 1492 3888 prm

424 3920 484 3975 apta
501 3921 544 3964 est.
580 3912 723 3975 tinlyrico
740 3911 807 3960 alter
850 3911 1034 3974 sampipolim
1052 3912 1163 3961 secunda
1185 3911 1361 3961 tessalonlcsn
1405 3911 1492 3975 spel-

424 3998 506 4047 lsmus
550 3997 695 4047 tconferri
714 3997 760 4047 tibi
796 3995 868 4057 10,2
887 3998 1099 4061 editiciorumqus
1135 3997 1212 4059 11‚s
1237 3998 1352 4047 exerceri
1371 4012 1420 4047 uec
1438 3996 1491 4045 fieri

424 4092 451 4133 at
468 4086 524 4134 teris
547 4084 673 4148 permittit
717 4083 760 4142 12,
783 4088 795 4133 l
816 4092 842 4132 st
857 4084 914 4138 sals
931 4084 1051 4133 inunceto
1088 4084 1268 4148 crepantibus
1285 4084 1406 4147 posuiam
1451 4083 1489 4141 13,

427 4171 584 4234 lpoeniam
631 4170 880 4235 2stobosetpoenia
924 4171 1132 4237 spretumque
1148 4172 1269 4224 statuitur
