3475 5084
554 530 634 582 Liber
650 532 735 583 XLII.
772 533 820 597 (Δ.
841 530 903 583 Chr.
925 534 997 598 171.)
1211 542 1267 597 115

237 717 341 775 liceret
353 718 474 789 intacto,
496 716 588 785 abire,
605 726 634 774 et
649 717 712 793 ipse
727 718 852 775 hostium
873 719 1039 790 adventum,
1057 718 1149 775 elatus
1164 737 1308 789 successu,

236 824 350 880 mansit
371 832 410 893 et,
433 822 481 896 qui
503 822 678 897 phalangem
700 834 894 892 arcesserent,
916 842 1040 899 propere
1069 824 1158 893 misit3
1193 844 1257 898 quas
1278 830 1347 885 etl

236 930 343 1005 serius,
367 947 455 1003 quam
476 946 526 984 res
546 927 730 1002 postulabat,
763 936 805 998 et,
836 930 942 1003 raptim
970 938 1052 1000 acta,
1083 930 1201 985 turbata
1222 948 1308 987 cursu

236 1035 383 1091 adversus
404 1035 560 1090 instructos
582 1043 611 1090 et
632 1043 811 1108 praeparatos
834 1043 897 1090 erat
919 1035 1088 1092 adventura.
1126 1030 1235 1089 Consul
1256 1051 1308 1088 an·

204 1150 207 1155 ·
235 1139 390 1194 teveniens
412 1138 557 1213 extemplo
582 1138 714 1212 proelium
738 1139 892 1195 conseruit.
930 1140 1031 1196 Primo
1053 1138 1186 1196 resistere
1208 1138 1306 1195 Mace·
1331 1143 1348 1199 5

234 1243 345 1316 dones3
369 1244 481 1313 deinde,
503 1242 635 1298 utnulla
656 1261 688 1299 re
711 1262 797 1317 pares
819 1253 911 1313 erent,
933 1244 1047 1301 amissis
1071 1243 1204 1301 trecentis
1226 1244 1307 1318 pedi-

233 1350 326 1418 tibus,
347 1348 451 1422 viginti
466 1357 603 1421 quattuor
621 1348 795 1422 primoribus
813 1348 940 1421 equitum
957 1367 994 1404 ex
1011 1349 1067 1418 ala,
1086 1368 1174 1423 quam
1193 1367 1307 1405 sacram

232 1464 362 1523 vocant,
389 1454 465 1510 inter
491 1447 565 1526 quo's
587 1453 780 1509 Antimachus
811 1453 898 1509 etiam
930 1452 1082 1527 praefectus
1113 1453 1166 1509 alae
1194 1453 1306 1523 cecidit,

232 1561 322 1616 abire
343 1565 493 1617 conantur.
545 1556 680 1638 Ceterum
702 1557 757 1613 iter
779 1575 871 1631 prope
892 1558 955 1632 ipso
977 1558 1079 1632 proelio
1102 1558 1305 1616 tumultuosius
1328 1564 1345 1620 6

231 1664 301 1726 fuit.
337 1664 486 1732 Phalanx,
505 1663 557 1718 abs
575 1662 688 1735 trepido
699 1662 800 1718 nuntio
816 1662 919 1733 accita,
942 1681 1006 1719 cum
1026 1664 1130 1738 raptim
1144 1664 1305 1734 duceretur,

230 1770 334 1844 primo
356 1769 386 1824 in
410 1767 550 1842 angustiis
572 1766 752 1840 captivorum
776 1767 885 1841 agmini
908 1768 1007 1823 oblata
1027 1768 1224 1843 vehiculisque
1245 1767 1306 1827 fru-

230 1879 346 1930 mento
364 1874 475 1930 onustis
496 1871 592 1939 hesta
625 1870 727 1945 ingens
755 1872 796 1927 ibi
818 1872 935 1928 vexatio
957 1872 1048 1947 partis
1071 1874 1219 1948 utriusque
1241 1873 1304 1948 fuit,
1329 1882 1345 1935 7

231 1978 317 2034 nullo
341 1987 523 2051 expectante,
544 1986 576 2032 ut
588 1987 744 2050 utcumque
762 1976 956 2050 explicaretur
977 1997 1091 2052 agmen,
1112 1980 1163 2035 sed
1186 1952 1328 2036 armatis

232 2082 428 2139 deicientibus
464 2100 518 2157 per
556 2100 685 2156 praeceps
728 2081 925 2156 inpedimenta
965 2086 1071 2157 (neque
1104 2084 1180 2140 enim
1221 2084 1306 2141 aliter

231 2189 283 2243 via
308 2187 416 2259 aperiri
437 2184 575 2262 poterat),
596 2186 740 2255 iumentis,
763 2204 826 2242 cum
849 2187 1075 2259 stimularentur,
1096 2189 1125 2244 in
1144 2190 1230 2245 turba
1252 2207 1305 2245 sae·

231 2292 392 2349 viantibus.
448 2292 510 2347 vix
539 2293 577 2348 ab
606 2291 753 2347 incondito
776 2292 891 2365 agmine
914 2292 1094 2366 captivorum
1117 2294 1345 2368 expedierant8

233 2414 311 2464 sese,
337 2415 402 2452 cum
424 2396 506 2469 regio
532 2395 640 2470 agmini
664 2396 861 2470 perculsisque
884 2396 1027 2469 equitibus
1051 2408 1212 2454 occurrunt.
1258 2398 1306 2454 lbi

232 2519 306 2558 vero
323 2501 435 2556 clamor
455 2500 613 2583 iubentium
635 2498 744 2556 referre
765 2500 848 2572 signa
869 2499 960 2555 ruinoe
983 2498 1128 2577 [quoque]
1152 2520 1244 2575 prope
1265 2503 1304 2558 si·

231 2607 331 2662 milem
356 2589 577 2679 trepidationem
600 2603 677 2673 lecit,
699 2614 740 2675 ut,
761 2607 788 2660 oi
808 2606 915 2674 hostes,
938 2604 1046 2660 intrare
1064 2606 1211 2679 angustias
1232 2606 1305 2675 ausi,

231 2710 352 2784 longius
374 2710 496 2766 insecuti
518 2719 621 2779 essent,
644 2729 751 2785 magna
773 2710 870 2765 clades
893 2709 984 2782 accipi
1006 2711 1141 2783 potuerit.
1185 2708 1303 2780 Consul,
1326 2715 1343 2770 9

231 2826 354 2890 recepto
384 2833 422 2871 ex
450 2814 561 2871 tumulo
594 2814 745 2888 praesidio,
778 2822 929 2870 contentus
966 2814 1079 2870 modico
1109 2832 1243 2870 successu
1274 2814 1305 2869 in

233 2932 334 2976 castra
357 2920 458 2993 copias
479 2919 602 3003 reduxit.
649 2919 737 2987 Sunt,
770 2918 819 2991 qui
847 2936 883 2973 eo
911 2919 957 2975 die
977 2937 1084 2997 magno
1106 2917 1208 2993 proelio
1230 2937 1305 2993 pug-

233 3035 337 3080 natum
362 3034 495 3079 auctores
516 3023 587 3092 sint3
615 3023 695 3079 VIlI
720 3023 799 3079 milia
821 3023 947 3079 hostium
971 3042 1059 3094 caesa,
1091 3024 1120 3079 in
1141 3024 1187 3079 his
1209 3024 1305 3097 Sopa-

233 3138 312 3186 trum
325 3138 355 3185 et
363 3129 562 3204 Antipatrum,
572 3127 668 3203 regios
680 3127 782 3196 duces;
792 3127 877 3185 vivos
889 3137 990 3203 captos
1002 3122 1305 3197 circiterMMDCCO‚

235 3335 472 3345 ,.-----

237 3486 378 3534 ³adnentn
397 3482 550 3545 tphalange
567 3480 616 3540 4,1
631 3498 683 3544 sqq.
695 3495 747 3543 qua
759 3487 785 3528 et
801 3506 831 3515 —
847 3480 940 3543 raptim
958 3479 1155 3542 aptatnrturbati
1167 3493 1256 3528 cursus
1272 3506 1303 3516 -

237 3581 311 3620 crant
329 3572 474 3618 aduentura
493 3566 679 3631 transacta
698 3565 790 3629 (Grpe.
813 3563 870 3622 Qua
890 3574 915 3613 et
933 3567 1013 3613 serius
1031 3591 1062 3599 —
1082 3573 1108 3612 et
1125 3566 1215 3627 raptim
1236 3572 1302 3625 acta,

236 3658 333 3707 turbati
355 3671 431 3704 otrrsu
451 3682 482 3690 -
502 3662 573 3701 erant
591 3652 748 3712 adventuri.)
785 3651 971 3699 3antueniens
991 3650 1109 3713 exemplo
1153 3649 1177 3707 5,
1197 3656 1212 3697 3
1233 3652 1304 3713 pedi·
1395 3690 1401 3705 ,

237 3752 292 3793 tum
313 3758 348 3791 ex
366 3743 418 3789 alia
454 3740 548 3788 4aleae
583 3739 608 3796 6,
628 3744 642 3785 2
661 3738 771 3802 phalans
807 3738 950 3786 tonnstiis
969 3737 1041 3785 caesis
1061 3736 1305 3801 ingenchusiuyer

237 3830 330 3895 (Gryn.
352 3829 464 3877 onustis:
493 3826 523 3875 iis
543 3827 614 3874 casis
632 3823 734 3887 ingens)
788 3821 846 3882 7,2
877 3830 1028 3885 expectante
1047 3831 1182 3901 utrumque
1201 3822 1302 3888 Kreyss.

238 3932 331 3998 (Gryn.
360 3939 512 3993 expectante
539 3929 680 3990 utcunque)
732 3932 747 3973 3
776 3907 934 3974 deitinentib.
955 3940 1068 3989 praeceps
1088 3925 1187 3990 Kreysa.
1209 3925 1301 3991 (Gryn.

239 4018 436 4068 detrudentibus
452 4016 632 4078 perpraeceps)
649 4013 653 4074 Ι
670 4013 744 4059 aliter
762 4026 778 4059 a
796 4012 839 4059 uia
856 4011 932 4086 periri
964 4018 979 4058 4
998 4012 1117 4060 iumentis
1135 4027 1217 4074 neque
1236 4014 1303 4060 enim

241 4138 297 4171 cum
314 4119 506 4170 stimularentur
552 4117 577 4172 8,
598 4123 613 4164 2
632 4132 689 4163 cum
710 4115 815 4177 aregio
834 4115 938 4174 agmine
974 4119 989 4161 3
1008 4128 1110 4175 quoqne
1128 4123 1175 4162 not.
1195 4113 1301 4163 Balclcer.

241 4213 257 4255 4
274 4216 303 4256 ut
321 4208 410 4254 hostes
427 4206 431 4265 Ι
446 4206 542 4252 introre
560 4202 615 4265 Mp.
634 4202 690 4251 Em.
711 4200 765 4250 549
784 4199 877 4264 (Gryn.
897 4199 1013 4260 introire)
1035 4201 1040 4260 Ι
1061 4200 1122 4247 auxi
1163 4198 1193 4258 9,
1214 4204 1228 4245 2
1248 4214 1303 4248 mo-

240 4312 296 4361 dico
306 4323 431 4359 concessu
445 4312 602 4355 ‘sanctores
612 4313 671 4354 sunt
681 4305 746 4366 (sint
755 4301 853 4367 Sigon.)
864 4302 908 4363 qui
918 4282 961 4349 vlu
973 4300 1087 4349 hostium
1115 4306 1176 4350 500
1194 4315 1221 4350 oo
1241 4316 1302 4351 accc
1354 4330 1359 4333 -

1106 4390 1136 4440 80
