3475 5084
481 532 565 589 ,ιιι
766 524 844 575 nster
862 523 959 575 xum
997 522 1044 585 (a.
1063 536 1089 573 u.
1109 534 1131 573 ο.
1151 521 1224 585 ιιι.)

462 716 517 773 hus
538 722 651 787 turpem
674 728 710 767 ae
730 710 889 779 sordidam,
912 719 941 767 et
962 709 1043 767 danti
1067 716 1095 766 et
1118 708 1210 783 magis
1233 680 1395 782 accipienti,
1415 724 1504 763 merce·

402 824 438 877 10
459 820 527 877 dem
544 836 607 876 asse
622 815 733 885 aiebat;
753 816 784 873 in
794 834 876 891 spem
892 818 1033 875 Romane
1049 814 1130 889 pacis
1144 832 1203 871 uon
1214 830 1352 871 recusare
1367 811 1505 887 inpensam,

460 924 597 981 sedeam
620 921 771 997 pecuniam
794 920 923 995 perfecte
949 938 981 977 re
1010 920 1160 987 daturum3
1192 919 1304 977 interea
1327 917 1506 975 Samothrace

401 1031 434 1085 il
460 1030 490 1085 iu
513 1027 621 1102 templo
643 1025 849 1102 depositurum.
901 1019 946 1085 Eu
974 1023 1068 1081 insula
1098 1038 1162 1081 oum
1184 1023 1276 1098 ipsius
1299 1021 1419 1081 dicionis
1439 1031 1505 1089 esset,

460 1134 559 1190 ridere
582 1133 727 1191 Eumenes
754 1130 825 1187 nihil
852 1130 1009 1200 interesse,
1041 1128 1080 1185 ihi
1106 1146 1143 1185 su
1165 1128 1256 1185 Pellae
1283 1127 1408 1203 pecunia
1434 1136 1506 1195 essem

400 1237 436 1291 ¹2
459 1238 489 1295 id
512 1255 613 1312 egere,
645 1246 678 1293 ut
707 1244 820 1310 partem
841 1226 970 1310 aliquam
995 1242 1164 1308 presentem
1186 1232 1285 1291 ferret.
1329 1234 1387 1302 Ita,
1409 1232 1505 1305 nequic-

459 1362 547 1417 quam
571 1342 646 1399 iuter
666 1360 698 1397 se
720 1341 840 1414 captati,
862 1340 933 1397 nihil
955 1348 1059 1414 praeter
1081 1338 1230 1397 infamiam
1255 1349 1384 1396 movere.

360 1438 417 1508 ’26
545 1448 610 1505 Nee
639 1447 701 1503 haee
732 1453 844 1503 tautum
869 1444 972 1503 Persei
998 1462 1050 1519 per
1082 1443 1235 1501 avaritiam
1263 1452 1308 1499 est
1329 1442 1447 1499 dimissa
1465 1459 1506 1507 rea,

458 1571 522 1611 eum
546 1551 669 1627 pecunia
695 1551 766 1607 data
793 1561 845 1608 aut
868 1568 970 1626 pacem
1000 1550 1108 1606 habere
1130 1567 1183 1623 per
1203 1548 1372 1617 Eumenen,
1396 1567 1456 1622 quae
1473 1547 1507 1603 val

457 1667 542 1735 parte
562 1656 645 1733 regui
664 1655 835 1713 redimenda
855 1664 941 1723 esset,
963 1662 1014 1711 aut
1029 1653 1165 1727 deeeptus
1185 1654 1360 1728 protrahere
1379 1654 1506 1710 inimicum

458 1761 590 1819 mercede
611 1769 746 1818 onustum
769 1769 797 1817 et
818 1761 917 1819 hostes
947 1759 1049 1817 merito
1073 1757 1098 1815 ei
1119 1760 1269 1815 Romanus
1292 1769 1394 1833 posset
1414 1758 1507 1823 fucere,

417 1860 510 1921 2sed
542 1872 571 1921 et
603 1874 671 1922 ante
692 1865 782 1925 Genti
814 1866 891 1940 regis
926 1872 1030 1939 parata
1059 1862 1183 1921 societas
1221 1872 1250 1919 et
1276 1874 1339 1921 tum
1362 1864 1508 1931 Gallorum,

458 1966 616 2027 effusorum
639 1989 691 2044 per
714 1970 872 2046 Illyricum,
898 1970 1001 2044 iugens
1028 1968 1156 2025 oblatum
1179 1969 1312 2025 auxilium
1336 1968 1459 2027 avaritia
1476 1967 1508 2023 di·

418 2070 435 2125 3
459 2072 577 2130 missum
596 2085 649 2135 est.
682 2076 847 2133 Veuiebaut
858 2076 889 2131 X
905 2074 985 2133 milia
1003 2072 1142 2146 equitum,
1161 2092 1217 2147 par
1232 2092 1371 2131 uumerus
1388 2073 1508 2148 peditum,

458 2190 487 2237 et
507 2180 637 2255 ipsorum
659 2180 837 2254 iungentium
860 2196 975 2235 cursum
998 2177 1080 2251 equis
1102 2187 1132 2233 et
1156 2177 1186 2235 in
1204 2178 1297 2235 vicem
1320 2178 1509 2254 prolapsorum

416 2277 433 2330 4
460 2282 589 2357 equitum
611 2301 720 2341 vacuos
738 2284 912 2359 capientium
937 2282 975 2339 ud
997 2300 1124 2357 pugnam
1148 2300 1248 2357 equos.
1279 2283 1321 2339 Hi
1339 2285 1419 2358 pacti
1436 2292 1510 2347 erant,

456 2406 546 2461 eques
567 2389 658 2445 denos
679 2399 836 2463 presentes
855 2406 971 2455 aureos,
995 2388 1083 2462 pedes
1103 2387 1216 2460 quinos,
1238 2387 1317 2447 mille
1333 2389 1396 2445 dux
1417 2408 1508 2445 eorum.

418 2489 435 2541 5
458 2493 650 2551 Venientibus
672 2494 717 2550 his
739 2495 864 2552 Perseus
884 2494 921 2549 ab
945 2491 1039 2567 Elpeo
1061 2510 1098 2550 ex
1114 2492 1215 2548 eastris
1236 2491 1387 2566 profectus
1409 2493 1509 2551 obvium

456 2616 522 2655 eum
553 2598 674 2655 dimidia
703 2598 852 2673 copiarum
881 2608 964 2671 parte
992 2597 1162 2653 denuntiare
1191 2614 1243 2671 per
1267 2596 1349 2655 vicos
1372 2600 1509 2670 urbesque,

457 2721 522 2777 quae
546 2702 603 2759 viar
628 2703 798 2780 propinque
826 2711 910 2770 suut,
939 2701 1040 2776 eoepit,
1075 2708 1106 2757 ut
1137 2710 1317 2759 commeatus
1345 2704 1509 2777 expedirent,

415 2804 432 2859 6
455 2805 600 2875 frumenti,
621 2807 691 2878 viui,
713 2825 850 2883 pecorum
868 2817 900 2863 ut
917 2807 1002 2882 eopia
1016 2816 1100 2864 esset.
1132 2804 1202 2879 Ipse
1218 2824 1309 2879 equos
1327 2808 1509 2882 phalerasque

455 2921 484 2968 et
501 2911 606 2985 sagula
626 2913 733 2969 donum
759 2912 937 2987 principibus
959 2912 1034 2969 ferre
1055 2922 1084 2969 et
1100 2932 1224 2988 parvum
1247 2915 1320 2986 auri,
1344 2914 1425 2987 quod
1446 2913 1508 2969 inter

414 3011 430 3064 7
453 3034 564 3091 paucos
586 3016 742 3087 divideret,
771 3017 982 3075 multitudinem
1011 3018 1130 3075 eredens
1157 3019 1233 3119 trahi
1254 3038 1307 3094 spe
1330 3036 1428 3093 posse.
1467 3016 1508 3073 Ad

451 3329 466 3372 t
485 3336 541 3372 esse
560 3322 674 3371 malebat
690 3322 717 3369 in
735 3334 806 3383 spem
826 3318 881 3384 Mp.
893 3318 942 3368 ihd.
961 3317 1053 3384 (Grpe.
1074 3334 1137 3370 esse.
1157 3321 1274 3370 Malebat
1291 3322 1319 3370 in
1338 3320 1423 3386 spem)
1472 3319 1505 3377 10,

450 3414 632 3457 2samotraeae
669 3404 1110 3469 11,ainteresseanpe11ae0rev.
1131 3406 1232 3470 (Weiss.
1252 3408 1330 3458 inea
1348 3409 1392 3469 au)
1431 3406 1505 3456 aier-

447 3500 505 3543 rent
540 3493 808 3556 12‚1nequtquam‘
832 3498 847 3541 2
867 3507 942 3540 moue
1001 3492 1105 3553 xxvi,
1126 3492 1184 3551 1‚t
1215 3508 1301 3556 perses
1319 3493 1402 3544 Bekk.
1422 3493 1503 3559 (Grpu.

446 3579 553 3642 Perseo)
574 3579 580 3641 Ι
600 3577 787 3641 pelraueritiam
834 3584 849 3626 2
874 3580 1008 3642 pecuniam
1037 3587 1116 3627 tutam
1143 3587 1169 3627 et
1193 3593 1282 3643 pacem
1311 3578 1388 3631 Gran.
1413 3590 1436 3631 et
1457 3578 1503 3642 My.

445 3666 501 3715 Em.
520 3663 686 3727 ettieron.
705 3664 814 3727 pecunia
840 3663 939 3715 tantula
954 3666 1012 3727 aut)
1037 3668 1042 3728 Ι
1066 3666 1160 3714 habere
1184 3680 1242 3727 quse
1264 3681 1311 3729 per
1354 3674 1370 3719 3
1399 3682 1448 3717 aue
1472 3680 1503 3713 re·

446 3760 536 3815 ceptus
563 3751 647 3810 Greia,
671 3750 727 3801 Em.
747 3750 762 3800 l.
782 3768 803 3800 c.
824 3749 912 3815 (Grpn.
934 3766 963 3799 ae
982 3755 1110 3815 receptus)
1126 3751 1131 3815 Ι
1147 3752 1241 3801 inicum
1278 3758 1294 3801 4
1313 3763 1403 3817 posset
1420 3754 1503 3803 fecium

444 3855 470 3914 2,
493 3860 503 3903 1
532 3855 728 3917 sedtumtegeuti
747 3854 814 3916 regis
834 3852 933 3919 Kreyea
953 3862 976 3903 et
994 3854 1084 3914 Beleia,
1102 3853 1158 3903 Em.
1181 3854 1197 3904 l.
1217 3871 1238 3905 e.
1258 3854 1349 3920 (Grpe.
1370 3858 1502 3905 sedetiam

444 3941 529 3991 Gentii
548 3942 628 4004 regis)
644 3942 649 4002 Ι
664 3948 691 3990 et
709 3954 766 3988 cum
814 3945 830 3989 2
854 3940 990 4004 inlyrieum
1015 3943 1019 4001 Ι
1043 3942 1134 4003 iugens
1156 3942 1270 3991 oblatum
1290 3943 1399 3991 auaritia
1425 3941 1499 3993 Weiss.

442 4044 496 4095 Atti
506 4046 597 4107 iugens
611 4058 706 4107 agmen
719 4043 771 4091 obl.
802 4042 827 4100 3,
846 4048 856 4091 l
873 4025 1020 4125 uenieihaut
1035 4044 1040 4107 Ι
1055 4045 1162 4107 petitum
1191 4042 1217 4103 4,
1228 4050 1243 4093 2
1254 4042 1433 4108 equosiimilis
1455 4044 1497 4103 5,r

442 4134 616 4198 uenieustihus
640 4147 646 4209 Ι
671 4146 754 4209 elpeio
773 4144 827 4210 My.
847 4144 937 4210 (Grpn.
957 4147 1067 4213 Enipeo)
1093 4148 1097 4209 Ι
1123 4147 1202 4196 obuia
1249 4149 1446 4213 apropn'uquae
1464 4156 1499 4196 sut

439 4252 515 4299 supra
528 4232 647 4297 posterius
664 4246 683 4279 u
700 4230 790 4295 scripto
802 4246 819 4279 n
853 4232 879 4291 6,
893 4238 908 4281 2
925 4232 1000 4299 Gryn.
1015 4248 1105 4298 parum
1117 4235 1174 4283 anni
1186 4231 1242 4283 Em.
1257 4231 1323 4283 577.
1341 4234 1346 4298 Ι
1362 4250 1428 4297 qnos
1440 4238 1499 4283 inter
