3475 5084
490 530 550 587 260
761 529 839 579 Liber
856 528 941 579 XhV.
993 528 1042 593 (Δ.
1062 544 1087 579 o.
1108 545 1128 579 c.
1149 530 1224 595 sat.)

447 712 579 770 aculeum
601 714 725 784 habent,
756 714 805 789 qui
826 734 930 790 parum
953 714 1089 786 licentias,
1114 736 1217 793 parum
1240 718 1370 774 avaritiae
1391 734 1443 774 sua
1461 718 1493 775 iu-

446 820 584 876 sarvitum
608 829 733 890 censent,
755 821 797 878 ita
818 831 892 897 aput
912 820 1051 895 populum
1071 794 1236 879 Romanum
1255 822 1326 879 nihil
1348 823 1495 895 valuissent,

387 926 422 981 12
447 925 506 999 qui,
533 935 565 982 ut
594 935 695 983 vetera
724 925 820 1000 adqoa
848 925 949 981 audita
977 945 995 982 a
1021 925 1191 1001 parentibus
1222 925 1282 981 suis
1309 946 1368 984 uon
1394 939 1496 1004 repetat,

447 1050 512 1107 quaa
541 1031 698 1089 ambitione
719 1030 926 1106 imperatorum
949 1030 1046 1087 clades
1070 1041 1196 1106 acceptae
1220 1031 1291 1101 siut,
1323 1052 1388 1107 quae
1408 1038 1497 1094 severi-

446 1146 507 1195 tate
530 1138 644 1212 imperii
666 1137 795 1193 victorias
814 1146 921 1211 partae,
943 1154 1088 1211 proxumo
1110 1148 1189 1194 certe
1210 1136 1323 1194 Punico
1349 1137 1422 1196 bello
1443 1140 1498 1213 quid

446 1243 522 1301 inter
542 1242 584 1300 M.
598 1242 755 1299 Minucium
776 1242 946 1316 magistrum
966 1242 1093 1316 equitum
1116 1251 1144 1300 et
1162 1242 1198 1315 Q.
1209 1217 1339 1300 Fabium
1355 1244 1499 1301 Maximum

388 1338 423 1393 ¹3
447 1348 618 1405 dictatorem
645 1346 823 1415 interfuerit,
853 1348 992 1409 meminit.
1045 1347 1151 1421 Itaque
1178 1358 1379 1406 accusatorem
1408 1350 1500 1407 hiscere
1545 1424 1546 1441 Χ

446 1453 641 1529 prohibuisset
685 1463 714 1510 et
751 1472 999 1528 supervacaneam
1037 1452 1233 1510 defensionem
1267 1451 1357 1511 Pauli
1396 1450 1500 1509 fecisset

387 1551 423 1604 ¹4
446 1560 628 1617 Transeatur
649 1559 687 1614 ad
703 1559 824 1616 alteram
840 1559 1020 1628 contionem3
1042 1576 1094 1616 nec
1113 1558 1241 1633 Quirites
1257 1578 1322 1629 vos,
1345 1557 1398 1615 sed
1416 1556 1501 1613 milites

446 1663 548 1721 videor
579 1663 786 1739 appellaturus,
817 1664 842 1721 si
875 1683 988 1748 nomen·
1011 1666 1067 1721 hoc
1099 1664 1201 1721 saltem
1227 1666 1366 1723 ruborem
1393 1664 1503 1721 incutere

446 1780 475 1827 et
497 1770 701 1826 verecundiam
727 1770 854 1845 aliquam
887 1770 1071 1845 imperatoris
1104 1769 1234 1826 violandi
1268 1769 1390 1843 adferrg
1419 1768 1502 1844 possit.

363 1863 404 1935 38
446 1875 590 1949 Equidem
624 1875 687 1950 ipsa
722 1876 806 1933 aliter
837 1874 969 1934 adfectus
1003 1876 1100 1933 animo
1133 1893 1213 1945 sum,
1249 1876 1299 1950 qui
1333 1884 1408 1951 aput
1438 1892 1503 1931 exer·

448 1980 534 2038 citum
558 1980 628 2036 mihi
649 1980 731 2055 loqui
752 1981 862 2051 videar,
886 2001 973 2057 quam
994 1981 1082 2057 paulo
1105 1990 1173 2037 ante
1195 1999 1286 2050 eram,
1309 2000 1378 2038 cum
1402 1978 1438 2035 ad
1458 1978 1503 2053 ple-

406 2082 513 2144 tham
547 2086 687 2143 urbanam
719 2089 873 2162 spectabat
900 2087 1003 2146 oratio.
1047 2086 1124 2159 Quid
1156 2086 1231 2143 enirn
1255 2086 1369 2156 dicitis,
1399 2082 1503 2142 milites?
1547 2128 1548 2131 ,

447 2190 565 2265 Aliquis
587 2201 631 2248 est
653 2193 763 2261 Romoe,
787 2204 893 2268 praeter
913 2192 1034 2263 Persea,
1056 2192 1105 2266 qui
1127 2190 1301 2265 triumphari
1323 2190 1364 2246 de
1387 2188 1504 2245 Macedo·

447 2298 532 2354 nibus
561 2296 647 2366 nolit,
681 2307 709 2354 et
736 2317 800 2354 eum
830 2318 888 2355 non
916 2298 1017 2355 iisdem
1043 2296 1176 2353 manibus
1204 2276 1390 2371 discerpitis,
1419 2294 1504 2369 quibus

447 2402 626 2460 Macedonas
653 2401 784 2459 vicistis?
824 2403 952 2460 Vincere
984 2422 1038 2459 vos
1073 2402 1283 2478 prohibuisset,
1316 2401 1343 2457 si
1373 2400 1505 2476 potuisset,

408 2502 425 2558 3
449 2509 498 2584 qui
527 2508 738 2584 triumphantes
772 2508 872 2583 urbem
904 2508 977 2565 inire
1005 2508 1149 2583 prohibet.
1199 2507 1329 2575 Erratis,
1357 2502 1507 2575 milites,si

447 2614 624 2689 triumphum
647 2614 832 2689 imperatoris
853 2624 966 2671 tantum
996 2624 1025 2672 et
1046 2634 1103 2671 non
1125 2615 1245 2672 militum
1264 2632 1388 2689 quoque
1411 2624 1439 2669 et
1457 2610 1506 2666 uni·

407 2716 524 2776 lvarst
546 2718 645 2793 populi
668 2718 794 2776 Romani
821 2738 886 2777 csse
914 2721 1001 2777 decus
1030 2720 1161 2777 censetis.
1213 2720 1282 2777 Non
1306 2719 1397 2775 unius
1419 2718 1447 2774 iu
1465 2716 1507 2772 hoe

447 2822 534 2879 Pauli
553 2824 637 2879 honos
659 2826 761 2896 capitur.
794 2823 880 2880 Multi
902 2824 999 2894 etiam,
1022 2824 1072 2898 qui
1093 2825 1246 2881 obsonato
1263 2824 1507 2900 noninpetrarant

447 2927 635 3003 triumphum,
656 2928 686 2985 iu
709 2938 806 2985 monte
827 2929 947 2986 Albano
970 2929 1193 3003 triumpharunt.
1238 2930 1335 2987 Nemo
1366 2932 1403 2988 L.
1427 2926 1506 2987 Paulo

447 3032 541 3109 magis
562 3033 674 3110 eripere
694 3035 782 3092 decus
804 3033 923 3110 perfecti
947 3014 1013 3091 u'elli
1038 3033 1219 3091 Macedonici
1248 3044 1345 3108 potest
1377 3054 1462 3110 quam
1481 3030 1505 3089 O.

446 3138 565 3196 Lutatio
592 3139 677 3215 primi
698 3140 801 3197 Punici
823 3139 905 3209 belli,
937 3158 1024 3223 quam
1048 3140 1083 3200 P.
1107 3137 1242 3197 Cornelio
1270 3141 1410 3211 secundi,
1433 3156 1505 3215 qoam

405 3236 517 3313 5illis,
547 3245 595 3318 qui
621 3254 688 3319 post
708 3228 755 3303 eos
778 3246 1037 3320 triumphaverunt.
1080 3244 1144 3301 Nec
1166 3244 1201 3304 L.
1224 3245 1351 3301 Paulum
1378 3246 1504 3302 minoren

445 3445 516 3494 ³ita
535 3427 575 3507 ap.
594 3452 729 3507 praetorem
749 3444 813 3492 nihil
831 3444 957 3492 ualuisset
993 3442 1035 3497 12.
1056 3449 1071 3491 2
1091 3443 1253 3492 seueritatem
1281 3449 1386 3506 aparte
1415 3449 1503 3503 tmag.

445 3531 558 3593 equitum
578 3539 604 3578 et
621 3530 736 3592 quintum
756 3528 853 3579 labium
890 3530 931 3589 13,
947 3532 954 3578 1
970 3539 1143 3579 accusatorem
1160 3530 1235 3577 iscire
1254 3532 1371 3593 potuisse
1388 3538 1415 3579 ct
1431 3542 1504 3592 soper-

444 3631 586 3666 uacaneam
596 3615 744 3665 defensioue
754 3616 823 3679 pauli
834 3616 913 3665 luisse
925 3616 979 3681 My.
988 3616 1043 3666 Em.
1055 3614 1107 3665 619
1120 3616 1131 3677 (
1138 3614 1212 3679 thn.
1224 3624 1405 3666 accusatorem
1417 3618 1441 3665 id
1452 3615 1504 3664 seire

442 3704 557 3768 potuisse
566 3711 592 3751 et
601 3718 656 3766 sup.
669 3702 844 3751 defensionem
855 3702 1001 3767 Priuisse.)
1021 3702 1064 3759 14,
1075 3708 1091 3750 3
1102 3700 1193 3750 adferri
1236 3700 1394 3760 XXXVIlL
1406 3703 1431 3761 1,
1445 3708 1504 3750 hex·

442 3791 562 3853 pectebat
623 3789 648 3845 2,
671 3794 681 3837 1
703 3790 763 3853 quid
783 3790 858 3837 etiam
879 3788 990 3837 Muretus
1038 3789 1153 3837 stadem
1199 3793 1213 3835 5
1234 3788 1418 3851 triumphantis
1453 3788 1502 3841 3.2

442 3876 588 3939 imperatori
607 3884 701 3925 statum
737 3874 763 3931 4,
784 3881 799 3922 2
818 3874 888 3938 pauli
907 3875 980 3923 multi
1005 3874 1060 3939 My.
1081 3872 1216 3923 Enete
1243 3873 1331 3939 (Gryrt.
1352 3874 1415 3923 Nou
1440 3874 1503 3921 anius

441 3962 492 4011 hoc
509 3961 605 4018 Pauli.)
621 3963 801 4025 {inpetrarunt
820 3959 875 4024 Mp.
914 3966 927 4009 ⁵
953 3977 1028 4025 quam
1054 3960 1092 4008 illi
1114 3961 1158 4022 qul
1184 3961 1409 4023 triumphauerant
1427 3958 1501 4023 Sipon.

441 4048 678 4112 (triumphaverunt
699 4044 789 4110 Gryu.)
808 4045 899 4096 Deesse
917 4056 994 4095 tumen
1012 4046 1107 4111 aliquid
1127 4046 1163 4095 od
1180 4056 1267 4096 rectum
1279 4047 1421 4095 seutentiam
1439 4047 1501 4097 Gran.

440 4142 464 4184 et
480 4133 528 4184 olii
542 4141 664 4182 resumunt
681 4133 770 4194 (quam
786 4147 833 4180 auu
850 4134 943 4182 deeora
961 4134 1021 4192 illis,
1041 4149 1065 4197 q.
1085 4150 1110 4198 p.
1131 4146 1153 4181 e.
1172 4134 1212 4193 t.).
1241 4130 1293 4182 Sed
1303 4132 1368 4193 fieri
1381 4140 1466 4197 potest,
1483 4138 1503 4177 ut

440 4236 516 4285 quam
535 4228 660 4268 aaronem
679 4228 753 4267 ortum
777 4218 809 4268 sit
832 4235 912 4267 errore
930 4219 958 4267 ob
977 4220 1165 4283 comparativum
1183 4228 1206 4267 et
1222 4217 1275 4267 alia
1291 4220 1413 4269 sententia
1423 4220 1501 4283 sorno

430 4305 518 4370 suerit.
558 4302 622 4367 (Nec
648 4302 698 4363 illi,
728 4320 786 4352 cum
813 4304 1047 4367 triumphaverant,
1075 4306 1194 4354 meliores
1212 4305 1379 4369 imperatores
1397 4304 1500 4359 fuerunt,

438 4405 516 4454 quam
535 4404 593 4440 cum
611 4389 724 4438 noudum
741 4391 969 4454 triumphaverant,
989 4405 1036 4440 uec
1053 4391 1083 4441 L.
1104 4391 1215 4441 Paulum
1232 4391 1290 4454 cet.)
