3475 5084
494 491 553 547 234
751 490 829 540 Liber
845 490 928 541 XLV.
970 491 1018 555 (Α.
1037 506 1061 539 u.
1083 504 1104 539 c.
1122 488 1193 551 687.)

451 681 537 729 etex
558 674 773 749 magistratibus
794 658 945 736 einsanni
967 676 1132 753 deligerent,
1155 674 1205 751 qni
1226 672 1264 729 ad
1278 671 1308 729 id
1322 670 1420 727 bellum
1434 688 1486 727 cum

412 779 428 834 3
452 778 544 836 classe
565 780 732 852 mitteretur,
754 801 786 840 se
807 804 872 842 enm
895 802 1014 859 sperans
1036 782 1162 840 futurum
1187 798 1259 839 esse.
1303 778 1378 835 Huic
1399 778 1488 835 acdoui

451 885 493 942 M.
516 886 661 945 Antonius
688 897 717 945 et
742 890 785 949 M.
807 890 987 965 Pomponius
1015 888 1121 947 tribuni
1149 886 1241 963 plebis
1270 884 1490 942 adversabantur.

411 989 427 1041 4
453 992 510 1049 Sed
538 1000 567 1049 et
592 1002 698 1067 praetor
726 1014 804 1053 novo
833 996 968 1070 moloqne
1002 994 1134 1070 exemplo
1166 1012 1226 1050 rem
1259 992 1404 1068 ingressus
1434 1000 1493 1050 erat,

452 1099 546 1172 qnod,
573 1118 631 1156 non
661 1109 728 1157 ante
755 1102 886 1158 consulto
917 1110 1034 1171 senatu,
1066 1119 1123 1157 non
1152 1097 1318 1157 consulibus
1339 1096 1495 1154 certioribus

451 1202 552 1276 factis,
574 1204 684 1261 desua
706 1207 789 1264 unius
810 1208 952 1265 sententia
972 1206 1151 1281 rogationem
1173 1204 1280 1273 ferret,
1301 1202 1408 1259 vellent
1428 1200 1496 1256 inbe-

412 1306 429 1357 5
451 1318 551 1366 rentne
572 1311 692 1369 Rhodiis
713 1314 818 1371 bellum
840 1313 941 1383 indici,
964 1330 1027 1368 cum
1051 1320 1137 1369 antea
1157 1328 1270 1383 semper
1290 1309 1371 1385 prins
1393 1314 1498 1364 senatus

451 1414 486 1470 de
508 1416 583 1472 bello
605 1418 751 1476 consultos
773 1430 861 1490 esset,
887 1418 989 1475 deindo
1009 1436 1048 1475 en
1076 1419 1237 1474 auctoritate
1259 1425 1375 1491 patrum
1398 1413 1436 1469 ad
1456 1429 1500 1486 po·

411 1517 428 1572 6
450 1521 547 1596 pulum
571 1522 671 1594 latum,
693 1535 722 1581 et
742 1525 848 1582 tribuni
868 1524 970 1600 plebis,
993 1542 1057 1580 eum
1072 1523 1113 1580 ita
1128 1523 1263 1581 traditum
1280 1532 1365 1589 esset,
1387 1536 1424 1575 ne
1445 1517 1500 1591 quis

446 1630 529 1701 prins
549 1628 736 1687 intercederet
756 1632 826 1707 legi,
857 1650 945 1706 quam
966 1629 1088 1704 privatis
1107 1626 1245 1685 suadendi
1267 1624 1501 1698 dissuadendique

450 1733 543 1807 legem
565 1744 694 1809 potestas
715 1734 794 1793 facta
816 1748 900 1808 esset,
923 1754 1015 1810 coque
1029 1753 1159 1809 persaepe
1174 1734 1324 1803 evenisset,
1347 1740 1381 1787 ut
1403 1738 1440 1800 et,
1461 1730 1503 1804 qni

451 1856 509 1895 non
532 1838 655 1914 professi
677 1852 772 1899 essent
793 1862 824 1900 se
845 1845 1068 1908 intercessuros,
1098 1838 1306 1896 animadversis
1333 1836 1412 1894 vitiis
1439 1835 1503 1909 legis
1526 1904 1527 1907 Ἴ

412 1942 427 1992 7
452 1963 490 2001 ex
511 1945 641 2002 oratione
659 1944 894 2019 dissuadentium,
913 1947 1129 2015 intercederent,
1148 1955 1184 2015 et,
1208 1946 1256 2021 qui
1279 1944 1317 2001 ad
1332 1943 1503 2000 interceden·
1526 1924 1527 2009 Ῐ

451 2050 519 2107 dnm
552 2051 711 2122 venissent,
744 2054 929 2121 desisterent,
972 2052 1041 2109 victi
1076 2052 1296 2109 auctoritatibus
1328 2049 1503 2106 suadentium

450 2157 553 2232 legem.
606 2158 683 2214 Tum
710 2157 785 2214 inter
806 2170 960 2233 praetorem
982 2158 1170 2232 tribunosque
1192 2157 1289 2214 omnia
1310 2154 1504 2230 intempestive

411 2258 427 2311 8
450 2262 555 2337 agendi
581 2272 726 2319 certamen
756 2273 827 2323 crat.
880 2263 1004 2322 Tribuni
1037 2261 1249 2321 festinationem
1280 2261 1415 2338 praetoris
1446 2270 1527 2325 antei

451 2376 564 2443 tempus
585 2368 786 2427 intercedendo
808 2372 884 2407 *⁵*
906 2370 936 2427 in
957 2370 1110 2427 adventum
1132 2370 1308 2449 imperatoris
1526 2340 1527 2357 Χ

367 2665 408 2734 22
517 2682 581 2749 „⁵⁵
596 2690 648 2737 est.
680 2684 950 2752 Peccauerimusne,
969 2683 1067 2765 ¹adhuc
1081 2682 1198 2740 dubium
1215 2690 1272 2750 est3
1293 2698 1405 2756 poenas,
1427 2681 1505 2756 igno·

450 2786 553 2842 minias
577 2804 676 2843 omnes
706 2788 764 2846 iam
791 2790 926 2864 patimur.
970 2792 1082 2858 Antea,
1105 2787 1392 2863 Carthaginiensibus
1416 2788 1505 2845 victis.

448 3073 473 3131 2,
488 3079 503 3122 2
517 3072 658 3134 deligerent
675 3073 735 3136 quid
754 3084 798 3121 snt
810 3073 905 3123 bellum
926 3087 983 3122 cum
997 3072 1103 3122 classem
1140 3076 1156 3122 3
1169 3088 1196 3123 se
1212 3087 1269 3122 cum
1305 3072 1357 3131 3‚2
1372 3087 1405 3121 m.
1420 3076 1504 3123 antoni
1520 3112 1521 3115 ,

449 3162 492 3209 sed
512 3176 546 3211 m.
583 3159 609 3218 4,
631 3167 641 3209 1
663 3161 821 3223 ingressurus
858 3167 951 3208 2ante
970 3175 1021 3208 non
1041 3160 1157 3209 consulto
1176 3159 1231 3225 My.
1250 3159 1305 3208 Em.
1327 3158 1379 3209 601
1417 3118 1521 3210 esen-l

449 3248 552 3297 tentiam
590 3248 747 3310 rogationem
767 3245 861 3295 uellent
879 3246 975 3295 terrent
992 3247 1142 3296 iuberentne
1160 3248 1237 3296 rodiis
1275 3238 1328 3305 5,2
1352 3247 1444 3295 deinde
1464 3230 1520 3312 prr-l

448 3342 514 3383 trum
533 3334 632 3400 Kreyss.
653 3334 742 3398 (Gryn.
761 3341 860 3396 potrum
880 3334 939 3395 on.)
980 3333 1004 3393 6,
1025 3340 1036 3383 l
1057 3334 1118 3383 Post
1135 3335 1230 3383 tribuni
1246 3334 1329 3397 plebis
1346 3331 1427 3383 videri
1443 3310 1519 3391 enci-l

448 3419 510 3470 disse
528 3420 629 3485 alionid,
648 3418 714 3485 quod
728 3421 867 3483 pertinuerit
884 3419 921 3468 od
930 3422 1028 3485 scoteni
1047 3422 1190 3471 urbanorum
1208 3418 1338 3470 notandum
1357 3423 1438 3483 (quod
1457 3424 1504 3485 legi

448 3509 612 3571 promulgatus
638 3507 725 3556 statim
744 3507 957 3571 intercederent),
991 3506 1104 3573 Sigonius
1122 3507 1297 3557 animadvertit.
1315 3506 1320 3569 Ι
1335 3522 1368 3556 ue
1389 3510 1451 3571 quid
1471 3512 1505 3559 iu·

448 3595 575 3643 tercedere
587 3595 609 3642 ei
619 3594 671 3656 legi
679 3593 778 3657 (Omitti
784 3596 855 3658 prius
861 3593 896 3644 H.
904 3611 951 3643 non
960 3592 1080 3656 adnotat.)
1100 3601 1115 3644 ³
1125 3591 1287 3659 potetasteml
1297 3594 1388 3659 eaque!
1398 3604 1482 3661 uterq

448 3679 548 3745 Kreyss.
558 3678 649 3745 (Gryn.
661 3689 695 3742 ut,
706 3681 759 3745 qui)
789 3683 990 3731 tuninaduersis
1000 3682 1059 3731 uitis
1087 3684 1249 3731 senecione
1262 3680 1337 3732 Gron.
1350 3678 1353 3743 l
1366 3685 1482 3735 interced

446 3776 534 3816 rentur
563 3767 612 3827 7,3
631 3775 685 3816 tum
705 3769 885 3832 inpetraturum
903 3768 1069 3831 tribunosque
1080 3766 1275 3834 lintempestiuae
1318 3770 1345 3830 8,
1364 3768 1482 3823 2'intcrc

447 3855 531 3903 dendo
548 3854 575 3903 iu
592 3856 729 3904 aduentum
747 3857 782 3904 im
835 3855 908 3905 Recte
926 3856 986 3904 inter
1008 3856 1189 3905 intercedendo
1212 3865 1235 3905 ct
1257 3858 1283 3905 in
1309 3859 1448 3908 aduentum
1474 3863 1481 3909 i

447 3941 596 4005 (peratoris)
613 3940 708 4006 aliouid
724 3940 839 3992 excidisse
855 3950 969 3991 statuunt.
996 3940 1027 4009 In
1045 3940 1128 3992 litteris
1145 3944 1178 3992 im
1199 3941 1288 3993 desinit
1296 3943 1347 4009 sol.
1366 3944 1429 3996 165.
1466 3948 1486 3997 Ι

446 4028 540 4079 tercidit
547 4028 637 4094 folium
652 4039 793 4093 peruentum
811 4030 972 4093 quaternionis
991 4028 1095 4093 XXX,
1113 4030 1138 4079 in
1156 4047 1201 4095 quo
1220 4030 1314 4095 reliqua
1333 4030 1363 4081 de
1380 4038 1482 4085 cenomi

442 4119 554 4180 presteris
571 4125 594 4165 et
610 4116 754 4165 tribunorum
771 4116 861 4179 empto
877 4117 984 4181 ,fuerant
1001 4125 1024 4165 et
1048 4114 1078 4165 de
1096 4116 1180 4182 leontis
1198 4116 1349 4168 Rhodiorum
1367 4119 1465 4172 tandem
1485 4144 1491 4173 ι

445 4212 550 4252 senatum
568 4202 707 4252 introductis
722 4200 903 4267 Astymedeque,
920 4202 1044 4268 legationis
1057 4204 1175 4269 prineim,
1195 4203 1273 4255 dicere
1284 4215 1307 4255 et
1319 4204 1432 4258 Rhodios
1447 4226 1483 4274 pn

444 4306 504 4353 care
521 4306 612 4339 exorso.
648 4289 735 4350 XXII,
754 4289 778 4349 1,
801 4295 811 4338 l
832 4290 880 4340 Est
899 4306 942 4340 om.
965 4289 1039 4355 Gryn.
1056 4292 1315 4354 lpeceauerimnsnec
