<?xml version="1.0" encoding="UTF-8"?>
<!DOCTYPE html PUBLIC "-//W3C//DTD XHTML 1.0 Transitional//EN"
    "http://www.w3.org/TR/xhtml1/DTD/xhtml1-transitional.dtd">
<html xmlns="http://www.w3.org/1999/xhtml" xml:lang="en" lang="en">
 <head>
  <title>
</title>
<meta http-equiv="Content-Type" content="text/html;charset=utf-8" />
  <meta name='ocr-system' content='tesseract 3.04.00' />
  <meta name='ocr-capabilities' content='ocr_page ocr_carea ocr_par ocr_line ocrx_word'/>
</head>
<body>
  <div class='ocr_page' id='page_1' title='image "./titiliviihistor02ussigoog_0093.png"; bbox 0 0 3475 5084; ppageno 0'>
   <div class='ocr_carea' id='block_1_1' title="bbox 552 525 1262 590">
    <p class='ocr_par' dir='ltr' id='par_1_1' title="bbox 552 525 1262 590">
     <span class='ocr_line' id='line_1_1' title="bbox 552 525 1262 590; baseline 0.02 -16"><span class='ocrx_word' id='word_1_1' title='bbox 552 526 630 575; x_wconf 82' lang='lat' dir='ltr'><strong>Liber</strong></span> <span class='ocrx_word' id='word_1_2' title='bbox 650 525 734 576; x_wconf 79' lang='lat' dir='ltr'><strong>xntt.</strong></span> <span class='ocrx_word' id='word_1_3' title='bbox 771 527 816 590; x_wconf 80' lang='lat' dir='ltr'><strong>(A.</strong></span> <span class='ocrx_word' id='word_1_4' title='bbox 837 525 899 578; x_wconf 80' lang='lat' dir='ltr'><strong>cur.</strong></span> <span class='ocrx_word' id='word_1_5' title='bbox 924 531 993 589; x_wconf 78' lang='lat'><strong>172.)</strong></span> <span class='ocrx_word' id='word_1_6' title='bbox 1225 533 1262 588; x_wconf 82' lang='grc'><strong>63</strong></span> 
     </span>
    </p>
   </div>
   <div class='ocr_carea' id='block_1_2' title="bbox 235 708 1394 3106">
    <p class='ocr_par' dir='ltr' id='par_1_2' title="bbox 235 708 1370 2789">
     <span class='ocr_line' id='line_1_2' title="bbox 236 708 1305 787; baseline 0.002 -21"><span class='ocrx_word' id='word_1_7' title='bbox 236 719 295 767; x_wconf 90' lang='lat' dir='ltr'><strong>tem</strong></span> <span class='ocrx_word' id='word_1_8' title='bbox 320 716 565 783; x_wconf 88' lang='lat' dir='ltr'><strong>querentemque,</strong></span> <span class='ocrx_word' id='word_1_9' title='bbox 597 708 676 783; x_wconf 85' lang='lat' dir='ltr'><strong>quod</strong></span> <span class='ocrx_word' id='word_1_10' title='bbox 700 709 751 766; x_wconf 92' lang='lat' dir='ltr'><strong>alii</strong></span> <span class='ocrx_word' id='word_1_11' title='bbox 770 728 859 784; x_wconf 87' lang='lat' dir='ltr'><strong>snper</strong></span> <span class='ocrx_word' id='word_1_12' title='bbox 881 710 954 768; x_wconf 87' lang='lat' dir='ltr'><strong>elios</strong></span> <span class='ocrx_word' id='word_1_13' title='bbox 975 711 1065 786; x_wconf 87' lang='lat' dir='ltr'><strong>legati</strong></span> <span class='ocrx_word' id='word_1_14' title='bbox 1085 713 1216 770; x_wconf 88' lang='lat' dir='ltr'><strong>venirent</strong></span> <span class='ocrx_word' id='word_1_15' title='bbox 1240 731 1305 787; x_wconf 83' lang='lat' dir='ltr'><strong>spe·</strong></span> 
     </span>
     <span class='ocr_line' id='line_1_3' title="bbox 236 813 1306 893; baseline 0.004 -22"><span class='ocrx_word' id='word_1_16' title='bbox 236 814 363 872; x_wconf 82' lang='lat' dir='ltr'><strong>celaturi</strong></span> <span class='ocrx_word' id='word_1_17' title='bbox 387 815 466 871; x_wconf 90' lang='lat' dir='ltr'><strong>dicta</strong></span> <span class='ocrx_word' id='word_1_18' title='bbox 486 813 625 888; x_wconf 79' lang='lat' dir='ltr'><strong>iactaque</strong></span> <span class='ocrx_word' id='word_1_19' title='bbox 645 833 716 884; x_wconf 88' lang='lat' dir='ltr'><strong>sna,</strong></span> <span class='ocrx_word' id='word_1_20' title='bbox 745 817 824 890; x_wconf 90' lang='lat' dir='ltr'><strong>qnod</strong></span> <span class='ocrx_word' id='word_1_21' title='bbox 851 833 883 872; x_wconf 86' lang='lat' dir='ltr'><strong>ss</strong></span> <span class='ocrx_word' id='word_1_22' title='bbox 905 817 943 872; x_wconf 87' lang='lat' dir='ltr'><strong>ad</strong></span> <span class='ocrx_word' id='word_1_23' title='bbox 972 827 1073 874; x_wconf 89' lang='lat' dir='ltr'><strong>nutum</strong></span> <span class='ocrx_word' id='word_1_24' title='bbox 1094 818 1306 893; x_wconf 77' lang='lat' dir='ltr'><strong>imperiumque</strong></span> 
     </span>
     <span class='ocr_line' id='line_1_4' title="bbox 236 919 1346 994; baseline 0.003 -17"><span class='ocrx_word' id='word_1_25' title='bbox 236 939 338 977; x_wconf 85' lang='lat' dir='ltr'><strong>eorum</strong></span> <span class='ocrx_word' id='word_1_26' title='bbox 368 920 469 977; x_wconf 87' lang='lat' dir='ltr'><strong>omnia</strong></span> <span class='ocrx_word' id='word_1_27' title='bbox 497 920 593 976; x_wconf 89' lang='lat' dir='ltr'><strong>dicere</strong></span> <span class='ocrx_word' id='word_1_28' title='bbox 619 938 654 977; x_wconf 87' lang='lat' dir='ltr'><strong>ec</strong></span> <span class='ocrx_word' id='word_1_29' title='bbox 681 919 779 979; x_wconf 82' lang='lat' dir='ltr'><strong>fecere</strong></span> <span class='ocrx_word' id='word_1_30' title='bbox 805 939 897 978; x_wconf 86' lang='lat' dir='ltr'><strong>tecum</strong></span> <span class='ocrx_word' id='word_1_31' title='bbox 926 932 1084 982; x_wconf 88' lang='lat' dir='ltr'><strong>censerent.</strong></span> <span class='ocrx_word' id='word_1_32' title='bbox 1140 924 1305 994; x_wconf 86' lang='lat' dir='ltr'><strong>Postremo,</strong></span> <span class='ocrx_word' id='word_1_33' title='bbox 1328 925 1346 980; x_wconf 86' lang='grc'>9</span> 
     </span>
     <span class='ocr_line' id='line_1_5' title="bbox 237 1023 1306 1102; baseline 0.002 -20"><span class='ocrx_word' id='word_1_34' title='bbox 237 1025 361 1082; x_wconf 88' lang='lat' dir='ltr'><strong>multum</strong></span> <span class='ocrx_word' id='word_1_35' title='bbox 384 1043 420 1081; x_wconf 88' lang='lat' dir='ltr'><strong>ac</strong></span> <span class='ocrx_word' id='word_1_36' title='bbox 444 1025 492 1082; x_wconf 90' lang='lat' dir='ltr'><strong>diu</strong></span> <span class='ocrx_word' id='word_1_37' title='bbox 515 1023 725 1094; x_wconf 77' lang='lat' dir='ltr'><strong>vociferatum,¹</strong></span> <span class='ocrx_word' id='word_1_38' title='bbox 739 1026 847 1084; x_wconf 82' lang='lat' dir='ltr'><strong>reverti</strong></span> <span class='ocrx_word' id='word_1_39' title='bbox 867 1037 985 1102; x_wconf 89' lang='lat' dir='ltr'><strong>postero</strong></span> <span class='ocrx_word' id='word_1_40' title='bbox 998 1027 1044 1084; x_wconf 93' lang='lat' dir='ltr'><strong>die</strong></span> <span class='ocrx_word' id='word_1_41' title='bbox 1063 1027 1194 1095; x_wconf 87' lang='lat' dir='ltr'><strong>iussisse;</strong></span> <span class='ocrx_word' id='word_1_42' title='bbox 1215 1026 1306 1102; x_wconf 90' lang='lat' dir='ltr'><strong>scrip·</strong></span> 
     </span>
     <span class='ocr_line' id='line_1_6' title="bbox 238 1131 1368 1208; baseline -0.002 -21"><span class='ocrx_word' id='word_1_43' title='bbox 238 1140 299 1187; x_wconf 86' lang='lat' dir='ltr'><strong>turn</strong></span> <span class='ocrx_word' id='word_1_44' title='bbox 325 1149 360 1187; x_wconf 91' lang='lat' dir='ltr'><strong>se</strong></span> <span class='ocrx_word' id='word_1_45' title='bbox 380 1148 552 1205; x_wconf 90' lang='lat' dir='ltr'><strong>responsum</strong></span> <span class='ocrx_word' id='word_1_46' title='bbox 575 1131 741 1188; x_wconf 86' lang='lat' dir='ltr'><strong>darevelle.</strong></span> <span class='ocrx_word' id='word_1_47' title='bbox 773 1133 850 1189; x_wconf 85' lang='lat' dir='ltr'><strong>Tum</strong></span> <span class='ocrx_word' id='word_1_48' title='bbox 872 1132 914 1188; x_wconf 86' lang='lat' dir='ltr'><strong>ite</strong></span> <span class='ocrx_word' id='word_1_49' title='bbox 934 1132 988 1189; x_wconf 91' lang='lat' dir='ltr'><strong>sibi</strong></span> <span class='ocrx_word' id='word_1_50' title='bbox 1009 1133 1147 1208; x_wconf 87' lang='lat' dir='ltr'><strong>scriptum</strong></span> <span class='ocrx_word' id='word_1_51' title='bbox 1170 1133 1306 1189; x_wconf 79' lang='lat' dir='ltr'><strong>traditum</strong></span> <span class='ocrx_word' id='word_1_52' title='bbox 1332 1131 1368 1188; x_wconf 90' lang='grc'><strong>10</strong></span> 
     </span>
     <span class='ocr_line' id='line_1_7' title="bbox 236 1235 1307 1313; baseline 0.003 -21"><span class='ocrx_word' id='word_1_53' title='bbox 236 1253 317 1292; x_wconf 85' lang='lat' dir='ltr'><strong>sese:</strong></span> <span class='ocrx_word' id='word_1_54' title='bbox 353 1235 464 1292; x_wconf 82' lang='lat' dir='ltr'><strong>Foedus</strong></span> <span class='ocrx_word' id='word_1_55' title='bbox 492 1255 558 1293; x_wconf 90' lang='lat' dir='ltr'><strong>cum</strong></span> <span class='ocrx_word' id='word_1_56' title='bbox 591 1247 675 1312; x_wconf 87' lang='lat' dir='ltr'><strong>patre</strong></span> <span class='ocrx_word' id='word_1_57' title='bbox 695 1237 783 1294; x_wconf 89' lang='lat' dir='ltr'><strong>ictum</strong></span> <span class='ocrx_word' id='word_1_58' title='bbox 808 1237 846 1294; x_wconf 91' lang='lat' dir='ltr'><strong>ad</strong></span> <span class='ocrx_word' id='word_1_59' title='bbox 871 1255 903 1295; x_wconf 90' lang='lat' dir='ltr'><strong>se</strong></span> <span class='ocrx_word' id='word_1_60' title='bbox 926 1236 997 1295; x_wconf 86' lang='lat' dir='ltr'>nihil</span> <span class='ocrx_word' id='word_1_61' title='bbox 1019 1238 1171 1313; x_wconf 91' lang='lat' dir='ltr'><strong>pertinere.</strong></span> <span class='ocrx_word' id='word_1_62' title='bbox 1218 1237 1253 1294; x_wconf 91' lang='lat' dir='ltr'><strong>ld</strong></span> <span class='ocrx_word' id='word_1_63' title='bbox 1275 1255 1307 1296; x_wconf 87' lang='lat' dir='ltr'><strong>ee</strong></span> 
     </span>
     <span class='ocr_line' id='line_1_8' title="bbox 236 1341 1306 1418; baseline 0.003 -22"><span class='ocrx_word' id='word_1_64' title='bbox 236 1341 386 1411; x_wconf 88' lang='lat' dir='ltr'><strong>renovari,</strong></span> <span class='ocrx_word' id='word_1_65' title='bbox 412 1359 471 1397; x_wconf 90' lang='lat' dir='ltr'><strong>non</strong></span> <span class='ocrx_word' id='word_1_66' title='bbox 493 1343 563 1416; x_wconf 81' lang='lat' dir='ltr'><strong>quie</strong></span> <span class='ocrx_word' id='word_1_67' title='bbox 583 1344 730 1416; x_wconf 88' lang='lat' dir='ltr'><strong>probaret,</strong></span> <span class='ocrx_word' id='word_1_68' title='bbox 752 1344 803 1399; x_wconf 91' lang='lat' dir='ltr'><strong>sed</strong></span> <span class='ocrx_word' id='word_1_69' title='bbox 820 1342 890 1418; x_wconf 88' lang='lat' dir='ltr'><strong>quia</strong></span> <span class='ocrx_word' id='word_1_70' title='bbox 908 1343 937 1398; x_wconf 93' lang='lat' dir='ltr'><strong>in</strong></span> <span class='ocrx_word' id='word_1_71' title='bbox 960 1362 1037 1399; x_wconf 85' lang='lat' dir='ltr'><strong>nova</strong></span> <span class='ocrx_word' id='word_1_72' title='bbox 1049 1343 1231 1418; x_wconf 90' lang='lat' dir='ltr'><strong>possessione</strong></span> <span class='ocrx_word' id='word_1_73' title='bbox 1242 1361 1306 1418; x_wconf 86' lang='lat' dir='ltr'><strong>reg-</strong></span> 
     </span>
     <span class='ocr_line' id='line_1_9' title="bbox 235 1446 1365 1523; baseline 0.002 -21"><span class='ocrx_word' id='word_1_74' title='bbox 235 1447 266 1502; x_wconf 89' lang='lat' dir='ltr'><strong>ni</strong></span> <span class='ocrx_word' id='word_1_75' title='bbox 288 1446 430 1521; x_wconf 88' lang='lat' dir='ltr'><strong>patienda</strong></span> <span class='ocrx_word' id='word_1_76' title='bbox 450 1447 549 1504; x_wconf 88' lang='lat' dir='ltr'><strong>omnia</strong></span> <span class='ocrx_word' id='word_1_77' title='bbox 570 1457 675 1518; x_wconf 86' lang='lat' dir='ltr'><strong>essent,</strong></span> <span class='ocrx_word' id='word_1_78' title='bbox 707 1466 836 1523; x_wconf 89' lang='lat' dir='ltr'><strong>pessum.</strong></span> <span class='ocrx_word' id='word_1_79' title='bbox 894 1450 1013 1507; x_wconf 88' lang='lat' dir='ltr'><strong>Novom</strong></span> <span class='ocrx_word' id='word_1_80' title='bbox 1047 1447 1142 1505; x_wconf 85' lang='lat' dir='ltr'><strong>ioedus</strong></span> <span class='ocrx_word' id='word_1_81' title='bbox 1163 1449 1188 1504; x_wconf 91' lang='lat' dir='ltr'><strong>si</strong></span> <span class='ocrx_word' id='word_1_82' title='bbox 1209 1467 1307 1506; x_wconf 90' lang='lat' dir='ltr'><strong>secum</strong></span> <span class='ocrx_word' id='word_1_83' title='bbox 1333 1449 1365 1504; x_wconf 90' lang='lat' dir='ltr'><strong>ll</strong></span> 
     </span>
     <span class='ocr_line' id='line_1_10' title="bbox 238 1550 1308 1629; baseline 0.004 -21"><span class='ocrx_word' id='word_1_84' title='bbox 238 1550 338 1609; x_wconf 81' lang='lat' dir='ltr'><strong>iacere</strong></span> <span class='ocrx_word' id='word_1_85' title='bbox 360 1553 482 1621; x_wconf 87' lang='lat' dir='ltr'><strong>vellent,</strong></span> <span class='ocrx_word' id='word_1_86' title='bbox 503 1553 660 1610; x_wconf 87' lang='lat' dir='ltr'><strong>convenire</strong></span> <span class='ocrx_word' id='word_1_87' title='bbox 683 1554 763 1629; x_wconf 91' lang='lat' dir='ltr'><strong>prius</strong></span> <span class='ocrx_word' id='word_1_88' title='bbox 784 1555 821 1610; x_wconf 92' lang='lat' dir='ltr'><strong>de</strong></span> <span class='ocrx_word' id='word_1_89' title='bbox 842 1555 1059 1612; x_wconf 82' lang='lat' dir='ltr'><strong>condicionibus</strong></span> <span class='ocrx_word' id='word_1_90' title='bbox 1082 1555 1202 1623; x_wconf 90' lang='lat' dir='ltr'><strong>debere;</strong></span> <span class='ocrx_word' id='word_1_91' title='bbox 1228 1555 1253 1610; x_wconf 86' lang='lat' dir='ltr'><strong>si</strong></span> <span class='ocrx_word' id='word_1_92' title='bbox 1276 1554 1308 1612; x_wconf 89' lang='lat' dir='ltr'><strong>in</strong></span> 
     </span>
     <span class='ocr_line' id='line_1_11' title="bbox 236 1658 1307 1732; baseline 0.002 -18"><span class='ocrx_word' id='word_1_93' title='bbox 236 1658 368 1714; x_wconf 89' lang='lat' dir='ltr'><strong>animum</strong></span> <span class='ocrx_word' id='word_1_94' title='bbox 390 1658 575 1727; x_wconf 78' lang='lat' dir='ltr'><strong>inducerent,</strong></span> <span class='ocrx_word' id='word_1_95' title='bbox 597 1670 628 1716; x_wconf 90' lang='lat' dir='ltr'><strong>ut</strong></span> <span class='ocrx_word' id='word_1_96' title='bbox 652 1678 690 1716; x_wconf 86' lang='lat' dir='ltr'><strong>ex</strong></span> <span class='ocrx_word' id='word_1_97' title='bbox 711 1678 794 1732; x_wconf 84' lang='lat' dir='ltr'><strong>aequo</strong></span> <span class='ocrx_word' id='word_1_98' title='bbox 816 1659 912 1718; x_wconf 84' lang='lat' dir='ltr'><strong>ioedns</strong></span> <span class='ocrx_word' id='word_1_99' title='bbox 935 1662 1032 1730; x_wconf 89' lang='lat' dir='ltr'><strong>fieret,</strong></span> <span class='ocrx_word' id='word_1_100' title='bbox 1065 1670 1094 1718; x_wconf 92' lang='lat' dir='ltr'><strong>et</strong></span> <span class='ocrx_word' id='word_1_101' title='bbox 1115 1679 1147 1718; x_wconf 86' lang='lat' dir='ltr'><strong>se</strong></span> <span class='ocrx_word' id='word_1_102' title='bbox 1167 1660 1307 1731; x_wconf 85' lang='lat' dir='ltr'><strong>visurum,</strong></span> 
     </span>
     <span class='ocr_line' id='line_1_12' title="bbox 237 1762 1309 1841; baseline 0.002 -21"><span class='ocrx_word' id='word_1_103' title='bbox 237 1763 310 1836; x_wconf 89' lang='lat' dir='ltr'><strong>quid</strong></span> <span class='ocrx_word' id='word_1_104' title='bbox 331 1763 389 1819; x_wconf 94' lang='lat' dir='ltr'><strong>sibi</strong></span> <span class='ocrx_word' id='word_1_105' title='bbox 410 1762 578 1820; x_wconf 84' lang='lat' dir='ltr'><strong>faciundum</strong></span> <span class='ocrx_word' id='word_1_106' title='bbox 600 1775 685 1834; x_wconf 89' lang='lat' dir='ltr'><strong>esset,</strong></span> <span class='ocrx_word' id='word_1_107' title='bbox 707 1776 736 1822; x_wconf 90' lang='lat' dir='ltr'><strong>et</strong></span> <span class='ocrx_word' id='word_1_108' title='bbox 756 1765 822 1822; x_wconf 94' lang='lat' dir='ltr'><strong>illos</strong></span> <span class='ocrx_word' id='word_1_109' title='bbox 846 1767 963 1823; x_wconf 87' lang='lat' dir='ltr'><strong>credere</strong></span> <span class='ocrx_word' id='word_1_110' title='bbox 985 1765 1171 1841; x_wconf 80' lang='lat' dir='ltr'><strong>erepublica</strong></span> <span class='ocrx_word' id='word_1_111' title='bbox 1192 1765 1309 1822; x_wconf 87' lang='lat' dir='ltr'><strong>consul-</strong></span> 
     </span>
     <span class='ocr_line' id='line_1_13' title="bbox 237 1869 1369 1946; baseline 0.004 -22"><span class='ocrx_word' id='word_1_112' title='bbox 237 1878 330 1925; x_wconf 90' lang='lat' dir='ltr'><strong>turos.</strong></span> <span class='ocrx_word' id='word_1_113' title='bbox 371 1869 482 1942; x_wconf 89' lang='lat' dir='ltr'><strong>Adqne</strong></span> <span class='ocrx_word' id='word_1_114' title='bbox 501 1869 544 1926; x_wconf 86' lang='lat' dir='ltr'><strong>ite</strong></span> <span class='ocrx_word' id='word_1_115' title='bbox 567 1888 599 1926; x_wconf 88' lang='lat' dir='ltr'><strong>se</strong></span> <span class='ocrx_word' id='word_1_116' title='bbox 621 1870 799 1945; x_wconf 77' lang='lat' dir='ltr'><strong>proripuisse</strong></span> <span class='ocrx_word' id='word_1_117' title='bbox 820 1880 850 1928; x_wconf 92' lang='lat' dir='ltr'><strong>et</strong></span> <span class='ocrx_word' id='word_1_118' title='bbox 870 1871 1047 1928; x_wconf 88' lang='lat' dir='ltr'><strong>summoveri</strong></span> <span class='ocrx_word' id='word_1_119' title='bbox 1072 1871 1190 1946; x_wconf 86' lang='lat' dir='ltr'><strong>eregia</strong></span> <span class='ocrx_word' id='word_1_120' title='bbox 1211 1889 1314 1928; x_wconf 85' lang='lat' dir='ltr'><strong>omnes.</strong></span> <span class='ocrx_word' id='word_1_121' title='bbox 1333 1873 1369 1928; x_wconf 85' lang='lat'><strong>12</strong></span> 
     </span>
     <span class='ocr_line' id='line_1_14' title="bbox 237 1975 1309 2050; baseline 0.002 -18"><span class='ocrx_word' id='word_1_122' title='bbox 237 1983 360 2048; x_wconf 66' lang='lat' dir='ltr'><strong>coeptos‘.</strong></span> <span class='ocrx_word' id='word_1_123' title='bbox 408 1975 485 2031; x_wconf 87' lang='lat' dir='ltr'><strong>Tum</strong></span> <span class='ocrx_word' id='word_1_124' title='bbox 512 1993 543 2032; x_wconf 89' lang='lat' dir='ltr'><strong>se</strong></span> <span class='ocrx_word' id='word_1_125' title='bbox 575 1976 730 2032; x_wconf 85' lang='lat' dir='ltr'><strong>amicitiam</strong></span> <span class='ocrx_word' id='word_1_126' title='bbox 754 1987 783 2034; x_wconf 91' lang='lat' dir='ltr'><strong>et</strong></span> <span class='ocrx_word' id='word_1_127' title='bbox 802 1976 970 2033; x_wconf 88' lang='lat' dir='ltr'><strong>societatem</strong></span> <span class='ocrx_word' id='word_1_128' title='bbox 993 1977 1181 2037; x_wconf 81' lang='lat' dir='ltr'><strong>renuntiasse.</strong></span> <span class='ocrx_word' id='word_1_129' title='bbox 1242 1977 1309 2050; x_wconf 83' lang='lat' dir='ltr'><strong>Qua</strong></span> 
     </span>
     <span class='ocr_line' id='line_1_15' title="bbox 237 2081 1309 2156; baseline 0.004 -21"><span class='ocrx_word' id='word_1_130' title='bbox 237 2098 312 2136; x_wconf 87' lang='lat' dir='ltr'><strong>voce</strong></span> <span class='ocrx_word' id='word_1_131' title='bbox 333 2097 401 2136; x_wconf 89' lang='lat' dir='ltr'><strong>eum</strong></span> <span class='ocrx_word' id='word_1_132' title='bbox 424 2099 575 2136; x_wconf 85' lang='lat' dir='ltr'><strong>accensum</strong></span> <span class='ocrx_word' id='word_1_133' title='bbox 609 2081 749 2138; x_wconf 82' lang='lat' dir='ltr'><strong>restitisse</strong></span> <span class='ocrx_word' id='word_1_134' title='bbox 780 2083 876 2156; x_wconf 90' lang='lat' dir='ltr'><strong>adque</strong></span> <span class='ocrx_word' id='word_1_135' title='bbox 908 2100 981 2140; x_wconf 87' lang='lat' dir='ltr'><strong>voce</strong></span> <span class='ocrx_word' id='word_1_136' title='bbox 1012 2082 1092 2140; x_wconf 88' lang='lat' dir='ltr'><strong>clara</strong></span> <span class='ocrx_word' id='word_1_137' title='bbox 1124 2081 1309 2139; x_wconf 81' lang='lat' dir='ltr'><strong>denuntiasse</strong></span> 
     </span>
     <span class='ocr_line' id='line_1_16' title="bbox 236 2185 1369 2262; baseline 0.003 -20"><span class='ocrx_word' id='word_1_138' title='bbox 236 2185 304 2254; x_wconf 91' lang='lat' dir='ltr'><strong>sibi,</strong></span> <span class='ocrx_word' id='word_1_139' title='bbox 326 2195 359 2240; x_wconf 89' lang='lat' dir='ltr'><strong>ut</strong></span> <span class='ocrx_word' id='word_1_140' title='bbox 379 2185 475 2242; x_wconf 90' lang='lat' dir='ltr'><strong>triduo</strong></span> <span class='ocrx_word' id='word_1_141' title='bbox 497 2187 580 2261; x_wconf 91' lang='lat' dir='ltr'><strong>regni</strong></span> <span class='ocrx_word' id='word_1_142' title='bbox 603 2186 649 2243; x_wconf 88' lang='lat' dir='ltr'><strong>sui</strong></span> <span class='ocrx_word' id='word_1_143' title='bbox 670 2186 840 2243; x_wconf 87' lang='lat' dir='ltr'><strong>decederent</strong></span> <span class='ocrx_word' id='word_1_144' title='bbox 861 2188 976 2244; x_wconf 88' lang='lat' dir='ltr'><strong>finibus.</strong></span> <span class='ocrx_word' id='word_1_145' title='bbox 1025 2188 1073 2244; x_wconf 85' lang='lat' dir='ltr'><strong>Ite</strong></span> <span class='ocrx_word' id='word_1_146' title='bbox 1097 2205 1128 2244; x_wconf 87' lang='lat' dir='ltr'><strong>se</strong></span> <span class='ocrx_word' id='word_1_147' title='bbox 1151 2187 1308 2262; x_wconf 80' lang='lat' dir='ltr'><strong>profectos,</strong></span> <span class='ocrx_word' id='word_1_148' title='bbox 1334 2189 1369 2245; x_wconf 80' lang='lat'><strong>13</strong></span> 
     </span>
     <span class='ocr_line' id='line_1_17' title="bbox 237 2290 1310 2366; baseline 0.004 -20"><span class='ocrx_word' id='word_1_149' title='bbox 237 2309 293 2347; x_wconf 89' lang='lat' dir='ltr'><strong>nec</strong></span> <span class='ocrx_word' id='word_1_150' title='bbox 315 2290 373 2346; x_wconf 92' lang='lat' dir='ltr'><strong>sibi</strong></span> <span class='ocrx_word' id='word_1_151' title='bbox 395 2301 446 2346; x_wconf 85' lang='lat' dir='ltr'><strong>eut</strong></span> <span class='ocrx_word' id='word_1_152' title='bbox 467 2291 650 2348; x_wconf 88' lang='lat' dir='ltr'><strong>manentibus</strong></span> <span class='ocrx_word' id='word_1_153' title='bbox 671 2301 721 2348; x_wconf 85' lang='lat' dir='ltr'><strong>aut</strong></span> <span class='ocrx_word' id='word_1_154' title='bbox 744 2293 904 2349; x_wconf 83' lang='lat' dir='ltr'><strong>abeuntibus</strong></span> <span class='ocrx_word' id='word_1_155' title='bbox 936 2293 1094 2366; x_wconf 87' lang='lat' dir='ltr'><strong>quidquam</strong></span> <span class='ocrx_word' id='word_1_156' title='bbox 1126 2293 1310 2366; x_wconf 88' lang='lat' dir='ltr'><strong>hospitaliter</strong></span> 
     </span>
     <span class='ocr_line' id='line_1_18' title="bbox 239 2395 1370 2472; baseline 0.004 -19"><span class='ocrx_word' id='word_1_157' title='bbox 239 2406 291 2453; x_wconf 89' lang='lat' dir='ltr'><strong>aut</strong></span> <span class='ocrx_word' id='word_1_158' title='bbox 314 2396 438 2470; x_wconf 86' lang='lat' dir='ltr'><strong>benigne</strong></span> <span class='ocrx_word' id='word_1_159' title='bbox 460 2395 580 2456; x_wconf 87' lang='lat' dir='ltr'><strong>factum.</strong></span> <span class='ocrx_word' id='word_1_160' title='bbox 638 2397 775 2454; x_wconf 85' lang='lat' dir='ltr'><strong>Thessali</strong></span> <span class='ocrx_word' id='word_1_161' title='bbox 797 2398 900 2454; x_wconf 86' lang='lat' dir='ltr'><strong>deinde</strong></span> <span class='ocrx_word' id='word_1_162' title='bbox 923 2399 1075 2471; x_wconf 83' lang='lat' dir='ltr'><strong>AEtoliqne</strong></span> <span class='ocrx_word' id='word_1_163' title='bbox 1096 2398 1185 2472; x_wconf 88' lang='lat' dir='ltr'><strong>legati</strong></span> <span class='ocrx_word' id='word_1_164' title='bbox 1207 2398 1308 2457; x_wconf 88' lang='lat' dir='ltr'><strong>auditi.</strong></span> <span class='ocrx_word' id='word_1_165' title='bbox 1333 2403 1370 2457; x_wconf 84' lang='lat'><strong>14</strong></span> 
     </span>
     <span class='ocr_line' id='line_1_19' title="bbox 239 2501 1309 2577; baseline -0.001 -17"><span class='ocrx_word' id='word_1_166' title='bbox 239 2501 380 2571; x_wconf 88' lang='lat' dir='ltr'><strong>Senatui,</strong></span> <span class='ocrx_word' id='word_1_167' title='bbox 414 2511 445 2558; x_wconf 90' lang='lat' dir='ltr'><strong>ut</strong></span> <span class='ocrx_word' id='word_1_168' title='bbox 468 2503 575 2558; x_wconf 91' lang='lat' dir='ltr'><strong>scirent</strong></span> <span class='ocrx_word' id='word_1_169' title='bbox 597 2521 684 2576; x_wconf 87' lang='lat' dir='ltr'><strong>quam</strong></span> <span class='ocrx_word' id='word_1_170' title='bbox 707 2503 848 2577; x_wconf 86' lang='lat' dir='ltr'><strong>primum,</strong></span> <span class='ocrx_word' id='word_1_171' title='bbox 877 2503 982 2575; x_wconf 92' lang='lat' dir='ltr'><strong>quibus</strong></span> <span class='ocrx_word' id='word_1_172' title='bbox 1009 2503 1129 2559; x_wconf 90' lang='lat' dir='ltr'><strong>ducibus</strong></span> <span class='ocrx_word' id='word_1_173' title='bbox 1152 2521 1241 2559; x_wconf 88' lang='lat' dir='ltr'><strong>usura</strong></span> <span class='ocrx_word' id='word_1_174' title='bbox 1262 2521 1309 2560; x_wconf 88' lang='lat' dir='ltr'><strong>res</strong></span> 
     </span>
     <span class='ocr_line' id='line_1_20' title="bbox 238 2607 1309 2683; baseline 0 -19"><span class='ocrx_word' id='word_1_175' title='bbox 238 2607 360 2682; x_wconf 85' lang='lat' dir='ltr'><strong>publica</strong></span> <span class='ocrx_word' id='word_1_176' title='bbox 381 2618 466 2677; x_wconf 86' lang='lat' dir='ltr'><strong>esset,</strong></span> <span class='ocrx_word' id='word_1_177' title='bbox 487 2607 599 2664; x_wconf 84' lang='lat' dir='ltr'><strong>litteras</strong></span> <span class='ocrx_word' id='word_1_178' title='bbox 621 2609 695 2665; x_wconf 89' lang='lat' dir='ltr'><strong>mitti</strong></span> <span class='ocrx_word' id='word_1_179' title='bbox 717 2608 883 2664; x_wconf 88' lang='lat' dir='ltr'><strong>consulibus</strong></span> <span class='ocrx_word' id='word_1_180' title='bbox 905 2608 1022 2683; x_wconf 83' lang='lat' dir='ltr'><strong>placuit,</strong></span> <span class='ocrx_word' id='word_1_181' title='bbox 1054 2617 1096 2678; x_wconf 87' lang='lat' dir='ltr'><strong>ut,</strong></span> <span class='ocrx_word' id='word_1_182' title='bbox 1124 2618 1188 2665; x_wconf 89' lang='lat' dir='ltr'><strong>uter</strong></span> <span class='ocrx_word' id='word_1_183' title='bbox 1209 2626 1309 2665; x_wconf 89' lang='lat' dir='ltr'><strong>eorum</strong></span> 
     </span>
     <span class='ocr_line' id='line_1_21' title="bbox 239 2713 1071 2789; baseline 0.004 -20"><span class='ocrx_word' id='word_1_184' title='bbox 239 2721 349 2787; x_wconf 85' lang='lat' dir='ltr'><strong>posset,</strong></span> <span class='ocrx_word' id='word_1_185' title='bbox 372 2713 496 2770; x_wconf 88' lang='lat' dir='ltr'><strong>Romam</strong></span> <span class='ocrx_word' id='word_1_186' title='bbox 518 2713 555 2770; x_wconf 89' lang='lat' dir='ltr'><strong>ad</strong></span> <span class='ocrx_word' id='word_1_187' title='bbox 578 2715 765 2789; x_wconf 81' lang='lat' dir='ltr'><strong>magistratus</strong></span> <span class='ocrx_word' id='word_1_188' title='bbox 787 2714 929 2771; x_wconf 72' lang='lat' dir='ltr'><strong>creandos</strong></span> <span class='ocrx_word' id='word_1_189' title='bbox 949 2714 1071 2774; x_wconf 84' lang='lat' dir='ltr'><strong>veniret.</strong></span> 
     </span>
    </p>

    <p class='ocr_par' dir='ltr' id='par_1_3' title="bbox 239 2807 1394 3106">
     <span class='ocr_line' id='line_1_22' title="bbox 324 2807 1394 2894; baseline 0.002 -18"><span class='ocrx_word' id='word_1_190' title='bbox 324 2817 409 2876; x_wconf 89' lang='lat' dir='ltr'><strong>Nihil</strong></span> <span class='ocrx_word' id='word_1_191' title='bbox 431 2837 623 2894; x_wconf 83' lang='lat' dir='ltr'><strong>magnopere,</strong></span> <span class='ocrx_word' id='word_1_192' title='bbox 656 2819 734 2893; x_wconf 90' lang='lat' dir='ltr'><strong>quod</strong></span> <span class='ocrx_word' id='word_1_193' title='bbox 761 2821 918 2876; x_wconf 82' lang='lat' dir='ltr'><strong>memorari</strong></span> <span class='ocrx_word' id='word_1_194' title='bbox 940 2820 1085 2890; x_wconf 82' lang='lat' dir='ltr'><strong>adtineet,</strong></span> <span class='ocrx_word' id='word_1_195' title='bbox 1104 2819 1158 2876; x_wconf 83' lang='lat' dir='ltr'><strong>rei</strong></span> <span class='ocrx_word' id='word_1_196' title='bbox 1188 2818 1311 2894; x_wconf 73' lang='lat' dir='ltr'><strong>publice</strong></span> <span class='ocrx_word' id='word_1_197' title='bbox 1352 2807 1394 2878; x_wconf 80' lang='grc'><strong>26</strong></span> 
     </span>
     <span class='ocr_line' id='line_1_23' title="bbox 240 2924 1311 3000; baseline 0.001 -20"><span class='ocrx_word' id='word_1_198' title='bbox 240 2942 276 2980; x_wconf 90' lang='lat' dir='ltr'><strong>eo</strong></span> <span class='ocrx_word' id='word_1_199' title='bbox 300 2942 379 2979; x_wconf 88' lang='lat' dir='ltr'><strong>anno</strong></span> <span class='ocrx_word' id='word_1_200' title='bbox 401 2924 534 2980; x_wconf 91' lang='lat' dir='ltr'><strong>consules</strong></span> <span class='ocrx_word' id='word_1_201' title='bbox 557 2935 717 3000; x_wconf 88' lang='lat' dir='ltr'><strong>gesserant.</strong></span> <span class='ocrx_word' id='word_1_202' title='bbox 764 2925 863 3000; x_wconf 87' lang='lat' dir='ltr'><strong>Magis</strong></span> <span class='ocrx_word' id='word_1_203' title='bbox 890 2945 906 2981; x_wconf 92' lang='lat' dir='ltr'><strong>e</strong></span> <span class='ocrx_word' id='word_1_204' title='bbox 930 2925 1095 3000; x_wconf 86' lang='lat' dir='ltr'><strong>republica</strong></span> <span class='ocrx_word' id='word_1_205' title='bbox 1116 2925 1208 2981; x_wconf 88' lang='lat' dir='ltr'><strong>visum</strong></span> <span class='ocrx_word' id='word_1_206' title='bbox 1239 2934 1311 2996; x_wconf 90' lang='lat' dir='ltr'><strong>erat,</strong></span> 
     </span>
     <span class='ocr_line' id='line_1_24' title="bbox 239 3028 1351 3106; baseline -0.001 -22"><span class='ocrx_word' id='word_1_207' title='bbox 239 3029 387 3104; x_wconf 91' lang='lat' dir='ltr'><strong>conprimi</strong></span> <span class='ocrx_word' id='word_1_208' title='bbox 414 3047 449 3086; x_wconf 93' lang='lat' dir='ltr'><strong>ac</strong></span> <span class='ocrx_word' id='word_1_209' title='bbox 477 3031 573 3086; x_wconf 89' lang='lat' dir='ltr'><strong>sedari</strong></span> <span class='ocrx_word' id='word_1_210' title='bbox 606 3040 795 3106; x_wconf 82' lang='lat' dir='ltr'><strong>exasperatos</strong></span> <span class='ocrx_word' id='word_1_211' title='bbox 826 3030 969 3104; x_wconf 87' lang='lat' dir='ltr'><strong>Ligures,</strong></span> <span class='ocrx_word' id='word_1_212' title='bbox 1002 3049 1066 3088; x_wconf 91' lang='lat' dir='ltr'><strong>cum</strong></span> <span class='ocrx_word' id='word_1_213' title='bbox 1089 3031 1310 3088; x_wconf 91' lang='lat' dir='ltr'><strong>Macedonicum</strong></span> <span class='ocrx_word' id='word_1_214' title='bbox 1334 3028 1351 3083; x_wconf 80' lang='lat'>2</span> 
     </span>
    </p>
   </div>
   <div class='ocr_carea' id='block_1_3' title="bbox 242 3273 1313 3530">
    <p class='ocr_par' dir='ltr' id='par_1_4' title="bbox 242 3273 1313 3530">
     <span class='ocr_line' id='line_1_25' title="bbox 242 3273 1312 3343; baseline -0.005 -16"><span class='ocrx_word' id='word_1_215' title='bbox 242 3283 258 3327; x_wconf 79' lang='grc'><strong>3</strong></span> <span class='ocrx_word' id='word_1_216' title='bbox 278 3277 548 3343; x_wconf 82' lang='lat' dir='ltr'><strong>alisnperatiosilegati</strong></span> <span class='ocrx_word' id='word_1_217' title='bbox 570 3277 716 3340; x_wconf 70' lang='lat' dir='ltr'><strong>{speculati</strong></span> <span class='ocrx_word' id='word_1_218' title='bbox 735 3275 879 3340; x_wconf 80' lang='lat' dir='ltr'><strong>Rupertius,</strong></span> <span class='ocrx_word' id='word_1_219' title='bbox 906 3275 961 3340; x_wconf 83' lang='lat' dir='ltr'><strong>Mp.</strong></span> <span class='ocrx_word' id='word_1_220' title='bbox 981 3275 997 3324; x_wconf 90' lang='lat' dir='ltr'><strong>l.</strong></span> <span class='ocrx_word' id='word_1_221' title='bbox 1017 3292 1037 3324; x_wconf 92' lang='lat' dir='ltr'><strong>c.</strong></span> <span class='ocrx_word' id='word_1_222' title='bbox 1059 3273 1151 3340; x_wconf 70' lang='lat' dir='ltr'><strong>(Grpe.</strong></span> <span class='ocrx_word' id='word_1_223' title='bbox 1178 3275 1312 3338; x_wconf 82' lang='lat' dir='ltr'><strong>speculari,</strong></span> 
     </span>
     <span class='ocr_line' id='line_1_26' title="bbox 243 3363 1313 3430; baseline -0.005 -16"><span class='ocrx_word' id='word_1_224' title='bbox 243 3365 346 3430; x_wconf 74' lang='lat' dir='ltr'><strong>Krcpse</strong></span> <span class='ocrx_word' id='word_1_225' title='bbox 365 3367 538 3429; x_wconf 86' lang='lat' dir='ltr'><strong>speculatum)</strong></span> <span class='ocrx_word' id='word_1_226' title='bbox 593 3363 635 3422; x_wconf 89' lang='lat'><strong>10,</strong></span> <span class='ocrx_word' id='word_1_227' title='bbox 658 3370 669 3412; x_wconf 96' lang='lat' dir='ltr'><strong>l</strong></span> <span class='ocrx_word' id='word_1_228' title='bbox 696 3379 753 3411; x_wconf 89' lang='lat' dir='ltr'><strong>cum</strong></span> <span class='ocrx_word' id='word_1_229' title='bbox 772 3365 809 3412; x_wconf 85' lang='lat' dir='ltr'><strong>ite</strong></span> <span class='ocrx_word' id='word_1_230' title='bbox 839 3364 907 3412; x_wconf 70' lang='lat' dir='ltr'><strong>tab</strong></span> <span class='ocrx_word' id='word_1_231' title='bbox 933 3377 961 3411; x_wconf 86' lang='lat' dir='ltr'><strong>se</strong></span> <span class='ocrx_word' id='word_1_232' title='bbox 1010 3369 1167 3411; x_wconf 75' lang='lat' dir='ltr'><strong>arenonare</strong></span> <span class='ocrx_word' id='word_1_233' title='bbox 1183 3364 1187 3421; x_wconf 79' lang='lat' dir='ltr'><strong>l</strong></span> <span class='ocrx_word' id='word_1_234' title='bbox 1203 3363 1313 3426; x_wconf 87' lang='lat' dir='ltr'><strong>probare</strong></span> 
     </span>
     <span class='ocr_line' id='line_1_27' title="bbox 242 3449 1311 3530; baseline -0.002 -30"><span class='ocrx_word' id='word_1_235' title='bbox 242 3457 259 3500; x_wconf 79' lang='lat'>4</span> <span class='ocrx_word' id='word_1_236' title='bbox 283 3467 423 3516; x_wconf 85' lang='lat' dir='ltr'><strong>passurum</strong></span> <span class='ocrx_word' id='word_1_237' title='bbox 469 3451 511 3512; x_wconf 94' lang='grc'><strong>11,</strong></span> <span class='ocrx_word' id='word_1_238' title='bbox 533 3457 544 3500; x_wconf 96' lang='lat' dir='ltr'><strong>l</strong></span> <span class='ocrx_word' id='word_1_239' title='bbox 569 3466 639 3500; x_wconf 89' lang='lat' dir='ltr'><strong>nouo</strong></span> <span class='ocrx_word' id='word_1_240' title='bbox 653 3449 755 3515; x_wconf 80' lang='lat' dir='ltr'><strong>Kreyss.</strong></span> <span class='ocrx_word' id='word_1_241' title='bbox 772 3451 776 3512; x_wconf 86' lang='grc' dir='ltr'>Ι</span> <span class='ocrx_word' id='word_1_242' title='bbox 793 3451 829 3530; x_wconf 75' lang='lat' dir='ltr'><strong>sei</strong></span> <span class='ocrx_word' id='word_1_243' title='bbox 860 3449 953 3515; x_wconf 72' lang='lat' dir='ltr'><strong>(Grpe.</strong></span> <span class='ocrx_word' id='word_1_244' title='bbox 975 3449 1003 3499; x_wconf 92' lang='lat' dir='ltr'><strong>Si</strong></span> <span class='ocrx_word' id='word_1_245' title='bbox 1026 3465 1084 3499; x_wconf 80' lang='lat' dir='ltr'><strong>nor.</strong></span> <span class='ocrx_word' id='word_1_246' title='bbox 1104 3449 1122 3498; x_wconf 84' lang='lat' dir='ltr'><strong>i.</strong></span> <span class='ocrx_word' id='word_1_247' title='bbox 1142 3451 1241 3511; x_wconf 87' lang='lat' dir='ltr'><strong>secum)</strong></span> <span class='ocrx_word' id='word_1_248' title='bbox 1296 3454 1311 3498; x_wconf 78' lang='lat'>2</span> 
     </span>
    </p>
   </div>
   <div class='ocr_carea' id='block_1_4' title="bbox 243 3552 1314 3706">
    <p class='ocr_par' dir='ltr' id='par_1_5' title="bbox 243 3552 1314 3706">
     <span class='ocr_line' id='line_1_28' title="bbox 243 3552 1314 3619; baseline -0.001 -17"><span class='ocrx_word' id='word_1_249' title='bbox 243 3555 353 3603; x_wconf 87' lang='lat' dir='ltr'><strong>deberet</strong></span> <span class='ocrx_word' id='word_1_250' title='bbox 375 3557 396 3604; x_wconf 87' lang='lat' dir='ltr'><strong>si</strong></span> <span class='ocrx_word' id='word_1_251' title='bbox 441 3554 496 3619; x_wconf 71' lang='lat' dir='ltr'><strong>My.</strong></span> <span class='ocrx_word' id='word_1_252' title='bbox 521 3553 577 3603; x_wconf 90' lang='lat' dir='ltr'><strong>Em.</strong></span> <span class='ocrx_word' id='word_1_253' title='bbox 605 3552 662 3603; x_wconf 75' lang='lat'><strong>520</strong></span> <span class='ocrx_word' id='word_1_254' title='bbox 681 3553 773 3619; x_wconf 75' lang='lat' dir='ltr'><strong>(Grpe.</strong></span> <span class='ocrx_word' id='word_1_255' title='bbox 798 3556 905 3614; x_wconf 86' lang='lat' dir='ltr'><strong>debere;</strong></span> <span class='ocrx_word' id='word_1_256' title='bbox 931 3561 956 3602; x_wconf 90' lang='lat' dir='ltr'><strong>et</strong></span> <span class='ocrx_word' id='word_1_257' title='bbox 978 3553 1013 3613; x_wconf 81' lang='lat' dir='ltr'><strong>si)</strong></span> <span class='ocrx_word' id='word_1_258' title='bbox 1052 3555 1206 3602; x_wconf 89' lang='lat' dir='ltr'><strong>3induccre</strong></span> <span class='ocrx_word' id='word_1_259' title='bbox 1229 3561 1257 3600; x_wconf 87' lang='lat' dir='ltr'><strong>nt</strong></span> <span class='ocrx_word' id='word_1_260' title='bbox 1281 3567 1314 3601; x_wconf 89' lang='lat' dir='ltr'><strong>ex</strong></span> 
     </span>
     <span class='ocr_line' id='line_1_29' title="bbox 243 3639 1313 3706; baseline -0.002 -16"><span class='ocrx_word' id='word_1_261' title='bbox 243 3656 311 3706; x_wconf 88' lang='lat' dir='ltr'><strong>equo</strong></span> <span class='ocrx_word' id='word_1_262' title='bbox 332 3642 398 3690; x_wconf 85' lang='lat' dir='ltr'><strong>lidus</strong></span> <span class='ocrx_word' id='word_1_263' title='bbox 435 3647 451 3690; x_wconf 83' lang='lat'>4</span> <span class='ocrx_word' id='word_1_264' title='bbox 470 3643 573 3690; x_wconf 87' lang='lat' dir='ltr'><strong>credere</strong></span> <span class='ocrx_word' id='word_1_265' title='bbox 590 3657 616 3704; x_wconf 87' lang='lat' dir='ltr'><strong>p.</strong></span> <span class='ocrx_word' id='word_1_266' title='bbox 626 3641 790 3690; x_wconf 86' lang='lat' dir='ltr'><strong>consulturos</strong></span> <span class='ocrx_word' id='word_1_267' title='bbox 810 3640 865 3705; x_wconf 77' lang='lat' dir='ltr'><strong>Mp.</strong></span> <span class='ocrx_word' id='word_1_268' title='bbox 879 3640 972 3706; x_wconf 73' lang='lat' dir='ltr'><strong>(Grpe.</strong></span> <span class='ocrx_word' id='word_1_269' title='bbox 993 3641 1095 3689; x_wconf 89' lang='lat' dir='ltr'><strong>credere</strong></span> <span class='ocrx_word' id='word_1_270' title='bbox 1114 3641 1210 3703; x_wconf 85' lang='lat' dir='ltr'><strong>reipub.</strong></span> <span class='ocrx_word' id='word_1_271' title='bbox 1226 3639 1313 3702; x_wconf 84' lang='lat' dir='ltr'><strong>cons.)</strong></span> 
     </span>
    </p>
   </div>
   <div class='ocr_carea' id='block_1_5' title="bbox 244 3744 1314 3810">
    <p class='ocr_par' dir='ltr' id='par_1_6' title="bbox 244 3744 1314 3810">
     <span class='ocr_line' id='line_1_30' title="bbox 244 3744 1314 3810; baseline -0.005 -13"><span class='ocrx_word' id='word_1_272' title='bbox 244 3744 286 3803; x_wconf 83' lang='lat'><strong>12,</strong></span> <span class='ocrx_word' id='word_1_273' title='bbox 309 3749 320 3791; x_wconf 97' lang='lat' dir='ltr'><strong>l</strong></span> <span class='ocrx_word' id='word_1_274' title='bbox 350 3749 505 3794; x_wconf 86' lang='lat' dir='ltr'><strong>summoneri</strong></span> <span class='ocrx_word' id='word_1_275' title='bbox 524 3747 629 3807; x_wconf 86' lang='lat' dir='ltr'><strong>egregia</strong></span> <span class='ocrx_word' id='word_1_276' title='bbox 652 3747 736 3794; x_wconf 91' lang='lat' dir='ltr'><strong>omnis</strong></span> <span class='ocrx_word' id='word_1_277' title='bbox 760 3754 882 3810; x_wconf 86' lang='lat' dir='ltr'><strong>cuoeptus</strong></span> <span class='ocrx_word' id='word_1_278' title='bbox 915 3759 973 3794; x_wconf 88' lang='lat' dir='ltr'><strong>cnm</strong></span> <span class='ocrx_word' id='word_1_279' title='bbox 1004 3759 1030 3793; x_wconf 89' lang='lat' dir='ltr'><strong>se</strong></span> <span class='ocrx_word' id='word_1_280' title='bbox 1060 3744 1314 3792; x_wconf 87' lang='lat' dir='ltr'><strong>amicitiaamesocie·</strong></span> 
     </span>
    </p>
   </div>
   <div class='ocr_carea' id='block_1_6' title="bbox 243 3826 1314 4087">
    <p class='ocr_par' dir='ltr' id='par_1_7' title="bbox 243 3826 1314 4087">
     <span class='ocr_line' id='line_1_31' title="bbox 244 3826 1314 3913; baseline -0.001 -16"><span class='ocrx_word' id='word_1_281' title='bbox 244 3857 324 3898; x_wconf 79' lang='lat' dir='ltr'><strong>tutem</strong></span> <span class='ocrx_word' id='word_1_282' title='bbox 344 3864 371 3898; x_wconf 90' lang='lat' dir='ltr'><strong>se</strong></span> <span class='ocrx_word' id='word_1_283' title='bbox 391 3851 525 3898; x_wconf 86' lang='lat' dir='ltr'><strong>nuntiasse</strong></span> <span class='ocrx_word' id='word_1_284' title='bbox 562 3826 694 3898; x_wconf 71' lang='lat' dir='ltr'><strong>4triduod</strong></span> <span class='ocrx_word' id='word_1_285' title='bbox 733 3850 798 3906; x_wconf 85' lang='lat' dir='ltr'><strong>13,l</strong></span> <span class='ocrx_word' id='word_1_286' title='bbox 819 3848 952 3913; x_wconf 86' lang='lat' dir='ltr'><strong>profectus</strong></span> <span class='ocrx_word' id='word_1_287' title='bbox 980 3845 1219 3911; x_wconf 69' lang='lat' dir='ltr'><strong>tantmanentlibi</strong></span> <span class='ocrx_word' id='word_1_288' title='bbox 1240 3848 1314 3912; x_wconf 85' lang='lat' dir='ltr'><strong>quid·</strong></span> 
     </span>
     <span class='ocr_line' id='line_1_32' title="bbox 243 3934 1312 4001; baseline -0.001 -17"><span class='ocrx_word' id='word_1_289' title='bbox 243 3951 325 3998; x_wconf 83' lang='lat' dir='ltr'><strong>quem</strong></span> <span class='ocrx_word' id='word_1_290' title='bbox 345 3935 401 4000; x_wconf 82' lang='lat' dir='ltr'><strong>Mp.</strong></span> <span class='ocrx_word' id='word_1_291' title='bbox 434 3935 527 4001; x_wconf 80' lang='lat' dir='ltr'><strong>(Gryn.</strong></span> <span class='ocrx_word' id='word_1_292' title='bbox 547 3936 595 3985; x_wconf 89' lang='lat' dir='ltr'><strong>sibi</strong></span> <span class='ocrx_word' id='word_1_293' title='bbox 616 3945 660 3984; x_wconf 88' lang='lat' dir='ltr'><strong>ant</strong></span> <span class='ocrx_word' id='word_1_294' title='bbox 684 3937 845 3986; x_wconf 85' lang='lat' dir='ltr'><strong>venientibus</strong></span> <span class='ocrx_word' id='word_1_295' title='bbox 872 3946 917 3984; x_wconf 89' lang='lat' dir='ltr'><strong>ant</strong></span> <span class='ocrx_word' id='word_1_296' title='bbox 943 3938 1103 3985; x_wconf 89' lang='lat' dir='ltr'><strong>manentibus</strong></span> <span class='ocrx_word' id='word_1_297' title='bbox 1130 3936 1188 3998; x_wconf 86' lang='lat' dir='ltr'><strong>qu.)</strong></span> <span class='ocrx_word' id='word_1_298' title='bbox 1236 3934 1278 3992; x_wconf 84' lang='lat'><strong>14,</strong></span> <span class='ocrx_word' id='word_1_299' title='bbox 1302 3940 1312 3983; x_wconf 91' lang='lat'><em>1</em></span> 
     </span>
     <span class='ocr_line' id='line_1_33' title="bbox 245 4019 1313 4087; baseline -0.001 -16"><span class='ocrx_word' id='word_1_300' title='bbox 245 4023 335 4072; x_wconf 87' lang='lat' dir='ltr'><strong>tessali</strong></span> <span class='ocrx_word' id='word_1_301' title='bbox 371 4029 522 4072; x_wconf 77' lang='lat' dir='ltr'><strong>2senetum</strong></span> <span class='ocrx_word' id='word_1_302' title='bbox 539 4025 544 4087; x_wconf 90' lang='grc' dir='ltr'>Ι</span> <span class='ocrx_word' id='word_1_303' title='bbox 559 4039 636 4073; x_wconf 80' lang='lat' dir='ltr'><strong>usura</strong></span> <span class='ocrx_word' id='word_1_304' title='bbox 654 4039 698 4086; x_wconf 88' lang='lat' dir='ltr'><strong>rep</strong></span> <span class='ocrx_word' id='word_1_305' title='bbox 717 4038 772 4071; x_wconf 89' lang='lat' dir='ltr'><strong>esse</strong></span> <span class='ocrx_word' id='word_1_306' title='bbox 832 4029 955 4072; x_wconf 84' lang='lat' dir='ltr'><strong>3eornm</strong></span> <span class='ocrx_word' id='word_1_307' title='bbox 976 4031 1043 4072; x_wconf 89' lang='lat' dir='ltr'><strong>esset</strong></span> <span class='ocrx_word' id='word_1_308' title='bbox 1065 4021 1140 4072; x_wconf 81' lang='lat' dir='ltr'><strong>Gron.</strong></span> <span class='ocrx_word' id='word_1_309' title='bbox 1169 4019 1237 4086; x_wconf 82' lang='lat' dir='ltr'><strong>(Csr.</strong></span> <span class='ocrx_word' id='word_1_310' title='bbox 1257 4020 1313 4070; x_wconf 87' lang='lat' dir='ltr'><strong>Em.</strong></span> 
     </span>
    </p>
   </div>
   <div class='ocr_carea' id='block_1_7' title="bbox 246 4104 1315 4279">
    <p class='ocr_par' dir='ltr' id='par_1_8' title="bbox 246 4104 1315 4279">
     <span class='ocr_line' id='line_1_34' title="bbox 246 4104 1315 4188; baseline -0.004 -12"><span class='ocrx_word' id='word_1_311' title='bbox 246 4125 318 4188; x_wconf 76' lang='lat'><em>520)</em></span> <span class='ocrx_word' id='word_1_312' title='bbox 365 4132 381 4173; x_wconf 80' lang='lat' dir='ltr'><strong>t</strong></span> <span class='ocrx_word' id='word_1_313' title='bbox 403 4104 552 4176; x_wconf 78' lang='lat' dir='ltr'><strong>uenissetn</strong></span> <span class='ocrx_word' id='word_1_314' title='bbox 605 4127 707 4186; x_wconf 85' lang='lat' dir='ltr'><strong>XXVI,</strong></span> <span class='ocrx_word' id='word_1_315' title='bbox 727 4126 751 4187; x_wconf 93' lang='lat'><strong>1,</strong></span> <span class='ocrx_word' id='word_1_316' title='bbox 774 4132 785 4174; x_wconf 95' lang='lat' dir='ltr'><strong>l</strong></span> <span class='ocrx_word' id='word_1_317' title='bbox 807 4127 931 4175; x_wconf 87' lang='lat' dir='ltr'><strong>adtineed</strong></span> <span class='ocrx_word' id='word_1_318' title='bbox 978 4127 1127 4175; x_wconf 69' lang='lat' dir='ltr'><strong>sconsulis</strong></span> <span class='ocrx_word' id='word_1_319' title='bbox 1174 4131 1315 4188; x_wconf 72' lang='lat' dir='ltr'><strong>sexaspe·</strong></span> 
     </span>
     <span class='ocr_line' id='line_1_35' title="bbox 246 4211 1315 4279; baseline -0.002 -17"><span class='ocrx_word' id='word_1_320' title='bbox 246 4215 333 4263; x_wconf 86' lang='lat' dir='ltr'><strong>ratbos</strong></span> <span class='ocrx_word' id='word_1_321' title='bbox 352 4229 383 4261; x_wconf 84' lang='lat' dir='ltr'><strong>ec</strong></span> <span class='ocrx_word' id='word_1_322' title='bbox 399 4213 489 4275; x_wconf 82' lang='lat' dir='ltr'><strong>hguris</strong></span> <span class='ocrx_word' id='word_1_323' title='bbox 520 4213 597 4276; x_wconf 82' lang='lat' dir='ltr'><strong>(Nou</strong></span> <span class='ocrx_word' id='word_1_324' title='bbox 615 4215 717 4279; x_wconf 85' lang='lat' dir='ltr'><strong>reperio,</strong></span> <span class='ocrx_word' id='word_1_325' title='bbox 745 4211 812 4278; x_wconf 81' lang='lat' dir='ltr'><strong>quod</strong></span> <span class='ocrx_word' id='word_1_326' title='bbox 839 4230 921 4262; x_wconf 83' lang='lat' dir='ltr'><strong>nomen</strong></span> <span class='ocrx_word' id='word_1_327' title='bbox 945 4222 999 4262; x_wconf 85' lang='lat' dir='ltr'><strong>aute</strong></span> <span class='ocrx_word' id='word_1_328' title='bbox 1023 4228 1052 4261; x_wconf 86' lang='lat' dir='ltr'><strong>ac</strong></span> <span class='ocrx_word' id='word_1_329' title='bbox 1080 4211 1188 4261; x_wconf 76' lang='lat' dir='ltr'><strong>cecidere</strong></span> <span class='ocrx_word' id='word_1_330' title='bbox 1202 4211 1315 4276; x_wconf 81' lang='lat' dir='ltr'><strong>potuerit,</strong></span> 
     </span>
    </p>
   </div>
   <div class='ocr_carea' id='block_1_8' title="bbox 241 4314 1095 4382">
    <p class='ocr_par' dir='ltr' id='par_1_9' title="bbox 241 4314 1095 4382">
     <span class='ocr_line' id='line_1_36' title="bbox 241 4314 1095 4382; baseline -0.002 -16"><span class='ocrx_word' id='word_1_331' title='bbox 241 4333 316 4381; x_wconf 77' lang='lat' dir='ltr'><strong>quum</strong></span> <span class='ocrx_word' id='word_1_332' title='bbox 327 4314 427 4366; x_wconf 83' lang='lat' dir='ltr'><strong>Statelli</strong></span> <span class='ocrx_word' id='word_1_333' title='bbox 435 4315 538 4382; x_wconf 62' lang='lat' dir='ltr'><strong>Lryurcs</strong></span> <span class='ocrx_word' id='word_1_334' title='bbox 555 4317 626 4380; x_wconf 75' lang='lat' dir='ltr'><strong>citu.)</strong></span> <span class='ocrx_word' id='word_1_335' title='bbox 663 4317 689 4377; x_wconf 81' lang='lat'><strong>2,</strong></span> <span class='ocrx_word' id='word_1_336' title='bbox 711 4324 720 4366; x_wconf 90' lang='lat' dir='ltr'><strong>l</strong></span> <span class='ocrx_word' id='word_1_337' title='bbox 742 4317 936 4366; x_wconf 87' lang='lat' dir='ltr'><strong>macedonicum</strong></span> <span class='ocrx_word' id='word_1_338' title='bbox 954 4318 981 4365; x_wconf 92' lang='lat' dir='ltr'><strong>in</strong></span> <span class='ocrx_word' id='word_1_339' title='bbox 999 4317 1095 4366; x_wconf 90' lang='lat' dir='ltr'><strong>bellum</strong></span> 
     </span>
    </p>
   </div>
   <div class='ocr_carea' id='block_1_9' title="bbox 0 0 1752 5084">
    <p class='ocr_par' dir='ltr' id='par_1_10' title="bbox 0 0 1752 5084">
     <span class='ocr_line' id='line_1_37' title="bbox 0 0 1752 5084; baseline 0 0"><span class='ocrx_word' id='word_1_340' title='bbox 0 0 1752 5084; x_wconf 95' lang='lat' dir='ltr'><strong> </strong></span> 
     </span>
    </p>
   </div>
  </div>
 </body>
</html>
