3475 5084
540 552 720 623 sisaran.
757 553 804 616 (a.
825 552 886 604 car.
910 555 981 618 ιη.)
1224 563 1260 616 er

243 738 360 808 cinaris,
382 738 409 795 si
429 755 476 794 res
494 738 652 813 publicaX
665 757 759 797 anuos
776 741 806 796 in
827 741 929 796 eodem
952 749 1029 798 statu
1051 739 1161 798 luisset.
1195 741 1252 810 Ito,
1273 751 1306 798 ut
1328 744 1345 800 9

244 851 421 912 censuerant,
442 842 472 899 in
484 841 630 918 Capitolio
652 845 734 901 vovit
755 845 866 915 consul,
887 844 972 901 ludos
993 845 1055 902 fieri
1076 846 1211 920 donaque
1233 845 1306 916 dari,

243 957 347 1021 quanta
368 967 408 1005 ex
429 948 553 1022 pecunia
574 950 719 1007 decresset
740 959 867 1019 senatus,
890 967 953 1006 cum
977 957 1090 1008 centum
1113 959 1142 1007 et
1163 951 1305 1025 quinqua·

241 1052 316 1126 ginta
326 1071 387 1110 non
399 1053 493 1110 miuus
506 1053 649 1111 adessent.
684 1055 837 1111 Praaeunte
847 1055 941 1112 verba
952 1055 1064 1130 Lepido
1076 1054 1211 1130 pontifice
1223 1074 1305 1112 max-

241 1175 302 1212 umo
331 1157 362 1214 id
391 1167 492 1216 votum
522 1167 686 1233 susceptum
715 1167 759 1216 est
820 1159 867 1216 Eo
900 1177 977 1216 auno
1004 1159 1171 1216 sacerdotes
1197 1158 1305 1232 publici
1331 1163 1366 1216 10

241 1261 341 1318 mortui
361 1263 399 1320 L.
419 1262 558 1320 AEmilius
579 1265 681 1338 Papus
709 1263 855 1321 decemvir
884 1281 1033 1322 sacrorum
1065 1274 1093 1319 et
1123 1262 1159 1336 Q.
1182 1262 1304 1320 Fulvius

240 1366 358 1424 Flaccus
378 1367 529 1443 pontifex,
560 1369 611 1444 qui
638 1367 736 1444 priore
765 1387 841 1425 anno
862 1359 960 1426 fuerat
982 1386 1093 1424 censor.
1145 1367 1204 1424 Hic
1225 1367 1304 1425 foeda
1330 1373 1362 1426 ll

240 1481 327 1528 morte
351 1472 449 1547 periit.
496 1473 544 1531 Ex
569 1473 683 1531 duobus
703 1473 770 1530 liliis
791 1473 861 1542 eius,
885 1473 934 1547 qui
956 1481 1016 1528 tum
1038 1471 1067 1527 in
1090 1470 1207 1546 Illyrico
1229 1471 1303 1529 mili·

239 1576 344 1647 tabant,
366 1578 541 1648 nuntiatum,
564 1579 682 1634 alterum
703 1579 866 1647 doeesairse,
890 1577 1010 1632 alterurn
1032 1574 1116 1650 gravi
1138 1583 1166 1632 et
1188 1575 1302 1650 perieu-

239 1679 296 1736 loso
320 1684 426 1740 morbo
448 1701 556 1758 aegrum
581 1701 653 1740 esse.
692 1681 798 1741 Obruit
820 1681 947 1738 animum
970 1679 1055 1736 simul
1079 1681 1172 1738 luctus
1196 1689 1301 1738 metus·
1328 1686 1363 1742 12

241 1802 305 1858 que3
334 1805 423 1844 mane
453 1788 576 1862 ingressi
606 1785 781 1845 cubiculum·
799 1784 876 1842 servi
898 1784 1004 1858 laqueo
1025 1784 1233 1859 dependentem
1256 1787 1302 1842 in-

239 1906 346 1951 venere.
398 1893 472 1950 Erat
493 1891 609 1966 opinio,
638 1899 706 1965 post
733 1907 884 1946 censuram
908 1889 1002 1945 minus
1030 1898 1183 1964 conpotem
1212 1889 1301 1948 fuisse

236 1994 292 2063 ‚sni;
321 1997 413 2071 vulgo
436 1996 557 2052 Iunonis
579 1994 706 2054 Lacinia
734 1993 808 2050 iram
830 1994 869 2051 ob
892 1993 1048 2067 spoliatum
1071 1995 1208 2070 templum
1232 1995 1301 2053 alie-

238 2116 317 2156 nasse
343 2109 470 2158 mentem
491 2097 633 2156 ferebant.
682 2095 828 2156 Suffectus
859 2098 888 2154 in
911 2098 1016 2156 AEmili
1038 2098 1132 2157 locum
1156 2101 1300 2159 decemvir
1326 2105 1361 2159 1³

238 2202 276 2262 Μ.
295 2204 435 2261 Valerius
455 2201 611 2269 Messalla3
637 2202 668 2258 in
688 2201 777 2259 Fulvi
805 2201 937 2277 pontifex
967 2201 1020 2260 Cn.
1051 2204 1198 2261 Domitius
1220 2207 1300 2263 Ahe-

239 2308 390 2379 nobarbus,
415 2307 523 2381 oppido
546 2306 715 2363 adulescens
737 2307 885 2377 sacerdos,
908 2315 952 2364 est
971 2307 1072 2364 lectus.

312 2411 480 2486 P.Lioinio,
491 2409 526 2468 Ο.
538 2410 642 2468 Cassio
663 2411 830 2469 consulibus
850 2429 909 2468 nou
932 2411 1001 2468 urbs
1016 2421 1126 2468 tantum
1139 2414 1235 2470 Roma
1246 2431 1299 2471 nec
1341 2409 1382 2479 29

237 2521 307 2570 terra
326 2515 432 2584 ltalia,
468 2515 519 2572 sed
552 2533 652 2573 omnes
680 2534 764 2592 reges
793 2516 999 2590 civitatesque,
1032 2535 1096 2591 quae
1122 2517 1152 2573 in
1175 2517 1297 2593 Europa
1311 2497 1480 2616 ἶὸὴξῗξῗ

238 2633 351 2693 quaque
372 2621 404 2676 in
425 2620 500 2677 Asia
522 2629 620 2692 erant,
656 2629 860 2679 converterent
889 2621 1002 2678 animos
1023 2621 1053 2678 in
1075 2639 1175 2678 curam
1197 2621 1296 2679 Mace·

239 2719 326 2780 donici
347 2743 384 2782 ac
406 2725 531 2783 Romani
552 2725 631 2783 belli.
692 2726 843 2783 Eumenen
875 2743 939 2784 cum
968 2735 1052 2782 retus
1080 2726 1177 2783 odium
1200 2727 1340 2785 etima-2

239 2823 329 2898 labat,
362 2838 424 2888 tum
446 2847 547 2888 recens
568 2830 629 2902 ira,
653 2830 732 2904 quod
753 2831 862 2888 scelere
884 2809 984 2888 Persei
1006 2849 1098 2907 prope
1119 2842 1151 2889 ut
1172 2831 1300 2890 victuma

240 2941 373 2992 mactatus
387 2934 512 3010 Delphis
533 2944 616 2994 esset.
663 2935 795 3007 Prusias,
818 2936 963 3012 Bithyniae
984 2954 1046 3007 rex,
1068 2944 1210 2994 statuerat
1232 2939 1299 2996 abs·
1322 2939 1339 2995 ³

239 3032 320 3094 tinere
341 3039 431 3097 armis
453 3048 490 3123 et¹
514 3040 627 3114 quietus
659 3050 792 3098 eventum
815 3049 986 3116 expectare;
1021 3059 1089 3098 nam
1120 3061 1215 3116 neque
1236 3045 1299 3100 Ro-

240 3153 333 3200 manos
357 3161 447 3220 posse
467 3163 581 3218 aequom
594 3163 721 3217 censere,
744 3145 884 3202 adversus
906 3143 1026 3206 f1·atrem
1043 3145 1142 3202 uxoris
1167 3165 1196 3203 se
1218 3166 1300 3203 arma

240 3239 321 3318 ferre,
357 3259 387 3306 et
407 3258 479 3324 aput
501 3250 612 3306 Persea
638 3248 778 3306 rictorem
799 3249 914 3307 reniam
937 3267 990 3324 per
1010 3267 1139 3306 sororem
1162 3251 1299 3326 impetra·

241 3347 317 3408 bilem
337 3353 411 3412 iore.
458 3354 651 3424 Ariarathes,
673 3352 881 3431 Cappadocum
903 3372 972 3424 rex,
1002 3362 1196 3429 preterquam
1221 3357 1300 3429 quod
1322 3359 1359 3411 4·

242 3539 464 3557 Μ

244 3675 323 3726 teoda
349 3681 375 3740 9,
392 3685 408 3728 t
425 3679 568 3741 donarique
586 3658 860 3741 uaemq.1.c.'(daeyn.
880 3677 1037 3740 denarioque
1055 3678 1120 3740 dari)
1151 3682 1298 3743 dpraeuude

245 3756 303 3819 11‚2
319 3767 386 3828 perit
400 3766 405 3830 Ι
419 3766 448 3815 in
465 3765 545 3829 lyrico
569 3764 748 3813 enuntiatum
767 3762 877 3811 alterum
895 3765 968 3824 graui
994 3770 1010 3811 4
1029 3773 1110 3814 morte
1128 3781 1224 3829 agrum
1255 3767 1296 3827 12,

245 3863 468 3930 tdepontdantem
503 3874 519 3917 3
545 3874 679 3931 conpotem
727 3866 774 3926 13,
802 3871 813 3915 1
839 3865 1021 3915 inaemiliocum
1044 3869 1102 3916 xuir
1137 3874 1153 3917 d
1179 3872 1271 3934 oppida
1293 3867 1296 3932 Ι

249 3962 314 4032 Grpn.
333 3989 378 4022 om.
398 3979 436 4022 est
477 3969 580 4030 XXIX,
608 3970 633 4029 l,
659 3974 670 4016 l
694 3985 719 4033 p.
739 3968 841 4018 licinius
866 3983 888 4018 c.
909 3969 1005 4018 cassius
1032 3953 1102 4020 cons.
1149 3970 1179 4032 2,
1206 3979 1220 4020 2
1241 3987 1297 4022 oum
1369 3958 1371 3964 ¹

246 4064 322 4107 recens
337 4061 341 4123 Ι
358 4074 409 4124 quo
421 4054 425 4121 Ι
438 4057 532 4108 scelere
550 4056 604 4106 eius
612 4055 705 4114 Drok,
716 4053 772 4119 Mp.
784 4054 840 4104 Em.
850 4055 905 4105 524
915 4071 938 4107 a.
951 4056 955 4122 l
966 4056 1208 4106 uictummaetatum
1236 4058 1261 4117 3,
1284 4063 1294 4107 l

247 4133 337 4198 bytinia
375 4151 390 4193 2
410 4145 487 4194 armis
506 4144 619 4205 equitum
639 4150 756 4190 euentum
766 4139 822 4206 My.
836 4141 927 4206 (Grya.
947 4143 1024 4191 ermis
1042 4143 1226 4205 eventumque)
1237 4143 1241 4210 l
1253 4159 1297 4192 ex·

247 4233 349 4282 metues
401 4231 527 4280 euxoris
546 4243 617 4278 arma
642 4227 727 4278 Weiss.
748 4225 841 4292 (Gr-pa.
866 4241 926 4277 uam
951 4243 1033 4293 neque
1058 4243 1103 4293 pro
1125 4229 1248 4278 Romanis
1271 4243 1297 4278 se

250 4319 337 4371 *quun
364 4330 468 4366 censere
488 4342 519 4352 -
540 4315 629 4363 uxoris
648 4328 719 4362 erma
737 4311 815 4376 ferre)
851 4313 878 4374 4,
899 4319 910 4362 l
935 4312 1010 4380 (ἔφη.
1033 4314 1164 4363 Ariaretes

1070 4400 1098 4451 ⁵·
