3475 5084
624 553 759 604 Librorum
778 553 852 605 Livii.
1210 560 1226 613 5
1285 605 1288 616 ,

224 750 325 825 reliqua
345 751 412 809 belli
433 752 599 809 cohortatus
620 760 664 806 est
684 752 785 825 paucis
807 753 934 823 edoctos,
961 759 1098 827 quantum
1121 752 1269 827 Hispania

223 858 370 932 provinciae
400 858 562 925 interesset,
592 874 659 913 snas
689 867 786 932 partes
818 856 981 932 superiores
1013 873 1086 913 esse.
1138 856 1267 915 Dimisso

223 963 316 1019 deinde
337 972 496 1032 conventu,
517 962 659 1037 iussisque
681 963 814 1020 omnibus
838 964 905 1019 boae
928 964 1017 1018 animo
1039 980 1109 1032 esse,
1135 972 1218 1038 atque
1238 963 1268 1020 in

222 1069 344 1126 civitatee
364 1070 456 1127 redire
476 1087 553 1138 suas,
574 1068 714 1143 principio
736 1070 813 1127 veris
827 1070 869 1127 M.
877 1069 1055 1143 Perpernam
1078 1087 1141 1125 cum
1165 1070 1267 1146 viginti

222 1173 326 1231 milibus
353 1175 495 1250 peditum,
530 1172 672 1247 equitibus
702 1175 779 1231 mille
807 1173 985 1250 quingentis,
1023 1172 1053 1229 in
1086 1174 1266 1232 Ilercaonum

220 1289 324 1351 gentem
348 1279 434 1349 misit,
456 1279 494 1335 ad
515 1278 649 1335 tuendam
674 1279 799 1353 regionis
820 1280 881 1337 eius
904 1279 1077 1336 maritimam
1096 1299 1192 1351 oram,
1216 1282 1267 1339 da·

220 1382 251 1439 tis
272 1385 433 1460 praeceptis,
466 1383 569 1460 quibus
589 1384 738 1442 itineribus
760 1384 876 1442 duceret
898 1384 936 1441 ad
957 1384 1266 1450 defendendassocias

218 1490 312 1561 urbes,
342 1508 416 1563 quas
437 1489 594 1566 Pompeius
622 1499 818 1565 oppugnaret,
850 1490 1012 1565 quibusque
1039 1491 1132 1566 ipsum
1162 1512 1265 1568 agmen

218 1596 333 1672 Pompei
355 1615 393 1653 ex
409 1595 518 1653 insidiis
540 1596 753 1671 adgrederetur.

292 1703 405 1760 Eodem
426 1713 557 1776 tempore
581 1711 609 1758 et
636 1702 675 1759 ad
694 1700 934 1766 Herennuleium,
964 1701 1013 1775 qui
1034 1700 1064 1757 in
1085 1701 1174 1758 isdem
1195 1701 1265 1759 locis

218 1819 281 1877 erat,
302 1808 415 1865 litteras
437 1808 523 1877 misit,
546 1818 574 1864 et
597 1807 626 1863 in
649 1806 769 1864 alteram
791 1806 970 1882 provinciam
984 1805 1023 1863 ad
1033 1806 1067 1863 L.
1080 1806 1264 1879 Hirtuleium,

216 1913 391 1988 praecipiens,
427 1912 668 2004 quemadmodum
702 1913 808 1970 bellurn
836 1912 1031 1969 administrari
1059 1912 1160 1969 vellet:
1199 1924 1265 1970 ante

217 2020 320 2090 omnia,
354 2030 387 2076 ut
408 2020 450 2076 ita
471 2018 565 2077 socias
586 2019 717 2076 civitates
738 2026 881 2089 tueretur,
907 2036 943 2074 ne
969 2017 1030 2075 acie
1057 2035 1123 2075 cum
1146 2018 1263 2076 Metello

216 2124 371 2194 dimicaret,
396 2125 443 2181 cui
463 2143 516 2182 nec
538 2125 710 2183 anctoritate
731 2144 783 2183 nec
804 2124 913 2181 viribus
935 2122 989 2200 par
1010 2132 1093 2181 esset.
1140 2124 1188 2183 Ne
1208 2100 1274 2201 ipsi¹

215 2231 322 2304 quidem
345 2231 495 2289 consilium
518 2249 582 2288 esse
602 2231 706 2288 ducere
726 2230 866 2288 Maerens
885 2230 1066 2307 Pompeium.
1109 2231 1214 2305 Neque
1234 2232 1264 2287 in
1357 2235 1362 2259 ⁶

214 2335 298 2392 aciem
320 2337 525 2394 descensurum
548 2355 611 2393 eum
634 2335 783 2405 credebat3
804 2336 829 2392 si
850 2337 1013 2394 traheretur
1032 2336 1155 2409 bellum,
1177 2339 1263 2409 hosti,

213 2458 271 2497 cum
293 2461 375 2500 mare
397 2444 434 2500 ab
457 2453 538 2517 tergo
562 2440 784 2516 provinciasque
798 2459 898 2498 omnes
924 2441 953 2498 in
968 2449 1112 2516 potestate
1132 2444 1263 2515 haberet,

213 2548 328 2605 naribus
350 2548 478 2623 undique
500 2557 678 2605 commeatus
698 2556 850 2615 venturos,
871 2547 927 2622 ipsi
949 2556 1062 2621 autem,
1086 2552 1262 2626 consumptis

213 2654 301 2725 priore
322 2662 433 2722 aestate,
456 2673 520 2728 quas
539 2663 704 2729 praeparata
717 2652 846 2724 fuissent,
868 2653 996 2710 omnium
1017 2671 1111 2711 rerum
1133 2654 1261 2732 inopiam

212 2756 276 2817 fore.
317 2762 498 2836 Perpernam
510 2760 539 2816 in
551 2758 723 2817 maritimam
738 2758 884 2835 regionem
904 2759 1151 2834 †superpositum,
1176 2770 1206 2818 ut
1218 2782 1262 2835 ea,

212 2882 269 2937 quae
289 2866 404 2941 integra
433 2866 527 2922 adhuc
555 2868 593 2921 ab
623 2866 707 2923 hoste
733 2865 805 2936 sint,
836 2864 911 2922 tueri
934 2865 1040 2941 possit,
1073 2877 1116 2937 et,
1146 2867 1171 2923 si
1204 2887 1262 2943 qua

212 2972 319 3029 occasio
341 2972 440 3042 detur,
471 2970 601 3027 incautos
630 2990 683 3046 per
709 2982 822 3046 tempus
843 2972 1056 3047 adgressurum.
1104 2973 1172 3049 lpse
1196 2992 1261 3031 cum

211 3092 258 3133 suo
280 3078 408 3135 exercitu
430 3078 459 3134 in
481 3078 609 3134 Berones
629 3088 658 3134 et
672 3077 845 3135 Autricones
867 3077 1003 3153 progredi
1024 3077 1138 3149 statuit,
1160 3098 1179 3135 a
1199 3080 1262 3154 qui·

211 3180 259 3239 bus
285 3187 363 3261 saep'e
385 3202 437 3259 per
462 3181 600 3253 hiemem,
634 3201 698 3240 curn
727 3183 765 3240 ab
793 3200 825 3239 se
854 3191 1091 3258 oppugnarentur
1112 3181 1263 3241 Celtibero

210 3290 306 3362 orbes,
341 3290 516 3365 inploratum
540 3306 602 3345 esse
623 3307 708 3364 opem
730 3290 854 3364 Pompei
875 3298 1060 3364 conpererat,
1092 3290 1261 3367 missosque,
1301 3320 1306 3332 =

210 3395 255 3467 qni
285 3395 391 3453 itinera
426 3393 564 3452 exercitui
594 3396 728 3452 Romano
761 3403 971 3464 monstrarent3
1006 3402 1034 3451 et
1066 3396 1100 3452 ob
1132 3397 1261 3473 ipsorum

209 3501 348 3574 equitibus
372 3508 495 3558 vexatos
516 3518 592 3576 saepe
615 3493 719 3557 milites
741 3518 819 3569 snos,
842 3517 1023 3574 quocumque
1046 3519 1065 3557 a
1086 3502 1187 3559 castris
1209 3523 1262 3579 per

208 3606 448 3683 oppugnationem
482 3603 645 3663 Contrebiae
675 3605 833 3682 pabulandi
866 3614 917 3661 aut
947 3603 1150 3679 frumentandi¹
1173 3628 1262 3667 eausa

208 3714 455 3788 progrederentur.
502 3712 577 3770 Ausi
608 3721 668 3770 tum
703 3731 818 3787 quoque
845 3719 925 3768 erum
950 3712 1084 3769 Arsaces
1113 3714 1142 3771 in
1163 3724 1262 3791 partes

208 3818 361 3879 sollicitare.
406 3817 494 3875 Edito
518 3818 546 3874 in
566 3820 601 3874 iic
629 3820 758 3894 ecenplo,
785 3817 852 3875 belli
884 3817 1033 3875 consilium
1064 3836 1095 3875 se
1115 3818 1260 3890 initurum,

207 3930 298 3981 utrum
328 3924 407 4000 prius
435 3924 562 3994 hostem,
592 3934 686 3982 utram
718 3923 898 4000 provinciam
924 3932 1016 3999 petat,
1049 3901 1261 3983 maritimamne

208 4044 302 4097 oram,
338 4040 368 4086 ut
404 4028 574 4104 Pompeium
609 4032 646 4088 ab
675 4029 838 4088 Ilercaonia
872 4037 901 4086 et
930 4027 1118 4087 Contestania
1153 4042 1259 4102 arceat,

208 4143 327 4209 utraque
355 4136 436 4193 socia
465 4143 565 4209 gente,
595 4154 633 4192 an
655 4137 694 4192 ad
713 4135 860 4193 Metellum
883 4143 913 4192 et
934 4134 1114 4193 Lusitaniam
1136 4154 1168 4193 se
1191 4155 1260 4195 con·
1362 4158 1367 4169 ·

207 4246 308 4295 vertat.
