3475 5084
487 529 544 583 176
749 524 828 573 Liber
844 522 942 573 xmv.
980 522 1025 587 (A.
1045 538 1070 574 n.
1091 538 1114 575 c.
1135 522 1207 586 586.)

442 708 541 785 pulum
564 708 729 767 Romanum
751 708 872 785 adgredi
894 721 937 780 et,
967 710 1046 787 quod
1068 710 1214 785 indignius
1235 708 1286 779 sit,
1317 722 1423 780 regum
1446 702 1508 760 viri·

442 815 497 873 bus
517 832 601 889 reges
623 832 802 889 oppugnare.
854 815 958 874 Attalo
981 816 1114 874 adiutore
1146 824 1258 891 patrem
1282 832 1367 871 surm
1389 827 1508 885 oppres·

402 914 420 969 3
442 937 521 987 sum3
542 919 673 978 Eumene
694 919 850 977 adiuvante
880 932 909 980 et
934 922 1060 997 quadem
1087 940 1124 979 ex
1145 931 1229 997 parte
1251 920 1338 977 etiam
1362 916 1508 990 Philippo,

442 1036 526 1100 petre
549 1043 612 1095 suo,
637 1023 815 1083 Antiochum
838 1039 1047 1102 oppugnatum.
1099 1026 1135 1084 ln
1157 1044 1188 1083 se
1208 1042 1285 1083 nunc
1307 1034 1337 1081 et
1359 1022 1509 1080 Eumenen

402 1129 473 1185 let
494 1128 628 1186 Prusiam
651 1140 781 1189 armatos
809 1149 882 1189 esse.
938 1132 970 1191 Si
998 1132 1179 1190 Macedonia
1210 1148 1331 1207 reguum
1365 1127 1508 1185 sublatum
1551 1134 1552 1193 ζ

442 1231 527 1303 foret,
550 1251 723 1308 proxumam
746 1237 851 1294 Asiam
874 1255 947 1307 esse,
970 1256 1058 1311 quam
1081 1237 1141 1295 iam
1164 1256 1200 1294 ex
1222 1246 1316 1313 perte,
1338 1236 1393 1292 sub
1418 1232 1509 1308 specie
1551 1216 1552 1227 ¹

403 1337 584 1395 iliberandi
606 1337 755 1411 civitates,
776 1359 858 1398 suem
882 1340 1017 1411 iecerint;
1046 1340 1149 1399 deinde
1171 1338 1297 1417 Syriam.
1348 1340 1415 1397 Iam
1440 1340 1509 1395 Pru·

442 1443 515 1500 siam
538 1443 661 1501 Eumeni
681 1446 792 1503 honore
814 1445 962 1521 praeferri,
991 1446 1049 1503 iem
1074 1444 1249 1503 Antiochum
1273 1445 1416 1502 victorem
1442 1464 1510 1519 pro·

402 1551 420 1608 6
443 1547 501 1605 mio
523 1547 590 1606 belli
612 1549 746 1625 AEgypto
768 1552 871 1608 arceri.
913 1550 986 1608 Haec
1007 1551 1182 1626 cogitantem
1204 1549 1362 1626 providere
1382 1549 1509 1610 iubebat,

443 1663 474 1710 ut
497 1663 548 1709 aut
578 1654 616 1710 ad
646 1672 748 1728 pacem
775 1672 873 1713 secum
895 1655 1058 1713 faciendam
1088 1656 1265 1733 conpelleret
1286 1656 1443 1713 Romanos
1466 1664 1510 1711 aut

442 1768 662 1833 perseverantes
685 1758 714 1816 in
736 1760 813 1818 bello
833 1760 940 1818 iniusto
968 1780 1136 1818 communes
1166 1761 1284 1819 duceret
1313 1760 1446 1817 omnium
1469 1779 1510 1817 re·

403 1868 419 1921 7
442 1880 510 1936 gum
533 1862 641 1919 hostes,
680 1864 750 1922 *Ad
774 1866 952 1923 Antiochum
974 1877 1076 1942 aperta
1098 1866 1237 1923 mandate
1260 1876 1360 1934 erent3
1391 1866 1432 1922 ad
1454 1866 1512 1923 Eu·

444 1986 546 2025 menen
569 1987 620 2043 per
641 1969 766 2045 speciem
793 1971 976 2046 captivorum
1006 1972 1239 2029 redimendorum
1269 1970 1376 2027 missus
1396 1970 1512 2046 legatus

444 2084 523 2140 erat;
543 2093 574 2130 re
594 2092 666 2132 vera
686 2076 847 2134 occultiora
869 2078 1001 2152 quaedam
1025 2078 1196 2152 agebantur,
1219 2095 1285 2150 quae
1304 2076 1336 2133 in
1358 2076 1512 2151 prmsentie

441 2179 566 2237 invisum
597 2180 712 2255 quidem
741 2190 770 2238 et
799 2193 964 2258 suspectum
986 2182 1127 2240 Romanis
1150 2182 1300 2239 Eumenen
1331 2180 1415 2239 falsis
1447 2200 1513 2256 gra·

403 2279 421 2337 8
443 2285 574 2342 victibus
588 2288 644 2343 Η.
692 2286 831 2345 Proditor
853 2288 929 2345 enim
952 2305 986 2344 ac
1005 2304 1097 2362 prope
1118 2284 1210 2342 hostis
1232 2286 1350 2343 habitus
1372 2296 1422 2357 cst,
1446 2287 1513 2343 dum

402 2385 421 2441 9
443 2389 518 2447 inter
541 2408 573 2447 se
594 2391 652 2448 duo
673 2408 756 2466 reges
778 2401 929 2467 captantes
949 2390 1053 2449 fraude
1075 2401 1103 2448 et
1118 2390 1242 2448 avaritie
1258 2400 1380 2452 certant.
1414 2390 1513 2467 Cydas
1552 2400 1553 2445 l

445 2508 509 2553 erat
530 2494 676 2553 Cretensis
695 2515 733 2554 ex
756 2497 863 2555 intimis
885 2498 1039 2568 Eumenis;
1075 2494 1122 2555 hie
1147 2494 1227 2571 prius
1249 2496 1287 2553 ed
1309 2495 1512 2572 Amphipolim

445 2620 510 2658 cum
533 2598 672 2657 Chimaro
706 2604 834 2678 quodem
861 2603 997 2680 populari
1029 2621 1099 2675 suo,
1129 2601 1269 2659 militante
1298 2613 1371 2677 aput
1392 2602 1513 2665 Persea.

444 2706 512 2763 inde
543 2717 646 2780 postes
667 2708 705 2765 ad
726 2707 962 2778 Demetriadem,
984 2704 1073 2765 semel
1095 2726 1159 2765 cum
1182 2708 1352 2764 Menecrate
1374 2708 1513 2781 quodam,

444 2810 548 2866 iterum
576 2828 641 2867 cum
664 2813 856 2882 Antimacho,
894 2812 981 2887 regiis
1010 2810 1146 2882 ducibus,
1180 2812 1234 2869 sub
1265 2810 1338 2885 ipsis
1370 2814 1516 2870 moenibus

386 2918 422 2974 10
446 2914 525 2971 urbis
550 2915 719 2974 conlocutus
740 2916 846 2975 iuerat.
895 2918 1057 2993 Herophon
1081 2935 1213 2991 quoquc,
1245 2916 1296 2990 qui
1323 2924 1385 2973 tum
1407 2918 1513 2975 missus

445 3030 503 3092 est,
527 3022 640 3080 duabus
661 3021 699 3079 ad
722 3022 843 3079 eundem
867 3024 1019 3081 Eumenen
1039 3023 1098 3080 iam
1122 3033 1189 3081 ante
1211 3020 1409 3097 legationibus
1431 3021 1512 3080 func·

445 3345 533 3403 tque
556 3339 676 3401 indignus
720 3336 746 3395 3,
766 3342 781 3385 2
800 3337 930 3387 annocum
976 3337 1117 3401 tprysiau
1163 3336 1188 3397 4,
1208 3343 1223 3386 2
1242 3335 1297 3387 iore
1343 3338 1512 3387 tliberanda

446 3426 556 3476 ciuitatis
582 3424 637 3488 My.
662 3421 718 3474 Era.
733 3422 801 3503 ..572
827 3422 916 3488 (Grpe.
942 3422 1130 3473 liberandarum
1162 3422 1304 3490 civitatum)
1349 3422 1381 3488 5,
1412 3429 1424 3474 1
1455 3440 1512 3489 pry-

444 3513 508 3563 siam
546 3518 633 3562 2tam
651 3510 800 3560 anthiocum
847 3510 944 3559 ubelli
963 3510 1090 3574 abegypto
1112 3508 1197 3571 Greia,
1217 3508 1272 3561 Em.
1293 3508 1351 3561 572
1369 3527 1392 3561 n.
1420 3509 1510 3577 (Grpe.

444 3616 505 3666 belli
524 3616 557 3665 ab
576 3614 703 3678 AEcypto)
752 3613 776 3671 7,
797 3619 807 3663 l
829 3615 959 3665 antiocntn
980 3610 985 3677 Ι
1005 3595 1177 3664 adseurnenen
1213 3619 1228 3663 3
1253 3621 1310 3664 erat
1333 3629 1396 3663 nere
1414 3613 1510 3673 Whitte,

444 3711 522 3751 rector
550 3699 746 3761 Randrusicasie,
779 3700 859 3752 Koch.
889 3700 982 3767 (Gryn.
1010 3700 1113 3763 rerum)
1163 3706 1180 3749 t
1204 3700 1368 3765 grauioribus
1395 3702 1512 3765 proditor

445 3788 532 3838 Livius
555 3788 591 3837 sic
614 3788 737 3852 scripsisse
766 3787 874 3837 videtur:
904 3788 1013 3837 invisum
1041 3788 1140 3852 pridem
1167 3794 1194 3837 et
1220 3796 1366 3852 suspectum
1387 3788 1511 3837 Romanis

443 3874 578 3925 Eumenen
606 3874 678 3925 lalcis
705 3875 915 3940 gravioribusque
939 3872 1087 3924 criminibus
1112 3882 1257 3924 onerarunt.
1298 3872 1510 3940 &panetiarium

444 3963 563 4026 apposuit.
611 3960 669 4019 8,]
692 3962 872 4012 habitandum
893 3961 948 4027 My.
997 3960 1023 4019 9,
1046 3966 1055 4011 l
1078 3962 1155 4025 cydes
1189 3960 1374 4025 aamptpottm
1417 3964 1511 4009 beuta

444 4050 565 4100 anthioco
586 4046 662 4099 Gron.
687 4065 699 4097 e
726 4046 886 4112 cap.13,9
912 4047 1008 4114 (Polyb.
1030 4046 1144 4107 XXIX,
1168 4046 1235 4107 Ic.)
1267 4044 1358 4111 (Gryn.
1377 4062 1439 4097 cum
1463 4050 1511 4096 An·

443 4136 542 4197 tiocho)
563 4134 567 4200 l
586 4137 689 4198 regibus
708 4134 817 4184 ducibus
849 4134 893 4194 10,
917 4140 1046 4199 toronen
1065 4132 1165 4199 Karyas.
1199 4131 1251 4198 Csr.
1271 4149 1292 4183 c.
1305 4130 1407 4195 27,13,
1427 4149 1450 4183 c.
1472 4132 1512 4183 28.

443 4224 467 4290 1,
486 4223 571 4289 Polyb.
592 4220 706 4281 XXIX,
724 4219 776 4270 Ie.
1323 4220 1330 4235 '
