3475 5084
284 3989 292 4025 l

391 3552 397 3574 Ι

920 576 971 618 ut

501 756 573 831 Cap.
600 761 645 825 17,
670 761 686 813 5
709 757 787 831 quod
809 757 838 813 in
862 757 962 813 codice
983 768 1035 826 est,
1057 778 1075 814 a
1089 758 1172 814 nobis
1188 777 1303 833 quoque
1318 769 1476 816 retentum:

417 843 525 899 coraitio
545 840 642 896 deinde
662 841 779 896 consulis
799 842 880 896 unius
899 840 1074 912 subrogandi,
1096 841 1146 898 vix
1167 861 1266 908 verum
1290 861 1352 898 esse
1367 853 1476 917 potest;

417 944 484 981 narn
507 942 599 997 neque
620 923 763 996 genitivus
792 923 895 979 usitate
910 923 1026 996 ponitur
1040 924 1139 980 addito
1158 926 1317 999 gerundivo
1340 938 1368 982 et
1390 925 1476 1000 plane

417 1026 553 1082 perverse
576 1007 691 1062 additur
713 1009 801 1073 unius,
826 1006 919 1080 quasi,
942 1025 1028 1079 quum
1051 1007 1124 1063 alter
1145 1021 1274 1064 mortuus
1297 1020 1379 1078 esset,
1403 1010 1475 1066 duos

417 1092 577 1164 subrogare
604 1089 634 1145 iu
664 1101 787 1145 urentem
810 1089 907 1146 venire
929 1090 1065 1163 potuerim
1099 1090 1197 1164 itaque
1219 1111 1254 1148 ea
1274 1091 1370 1148 forma
1390 1093 1475 1148 resti·

417 1174 524 1231 tuenda
545 1183 605 1240 est,
635 1191 693 1246 qua
715 1190 738 1228 a.
766 1177 817 1231 16,
842 1177 858 1227 5
883 1173 983 1228 eadem
1005 1192 1051 1229 res
1074 1174 1251 1247 significatur
1270 1194 1384 1250 quaque
1407 1176 1476 1232 alibi

415 1276 531 1331 semper
553 1255 652 1333 Livius
683 1255 778 1311 utitur.
821 1255 937 1311 Initium
967 1257 1072 1312 erroris
1101 1269 1193 1314 ortum
1224 1271 1267 1314 est
1289 1278 1325 1314 ex
1346 1259 1475 1332 gemina-

418 1341 498 1398 tione
519 1339 618 1414 prima
640 1338 740 1394 litterae
760 1339 789 1394 in
811 1339 993 1410 subrogando.

501 1421 573 1496 Cap.
591 1425 665 1487 tat
690 1423 883 1478 revocandum
899 1432 960 1477 erat
975 1423 1113 1495 adfigunt,
1142 1443 1195 1498 pro
1219 1443 1275 1497 quo
1296 1443 1387 1498 nuper
1401 1443 1475 1498 quo·

418 1526 474 1581 que
497 1505 645 1578 Sigonium
668 1505 758 1559 secuti
784 1505 917 1576 odflt'punt
943 1507 1126 1580 scripserunt.
1177 1508 1246 1563 Non
1269 1506 1377 1564 afflicta
1399 1507 1476 1581 pari-

418 1590 511 1648 etibus
541 1605 613 1643 rasa
645 1587 743 1642 Livius
772 1588 840 1644 dicit
869 1593 911 1654 (et
932 1589 994 1644 solo
1020 1601 1079 1644 turn
1103 1590 1198 1664 potius
1222 1591 1341 1663 Ligures
1372 1590 1477 1646 adflix-

418 1672 534 1744 issent),
573 1671 624 1726 sed
656 1670 759 1726 stolide
792 1691 810 1725 a
843 1672 975 1727 barbaris
1017 1673 1198 1750 hominibus
1215 1673 1305 1729 affixa
1337 1684 1476 1746 tanquam

419 1764 601 1822 ornament-a;
623 1753 720 1834 itaque
743 1753 832 1821 addit,
856 1756 892 1809 ad
916 1775 979 1811 eam
1002 1774 1062 1812 rem
1087 1757 1186 1831 inepta
1207 1755 1296 1812 fuisse
1317 1775 1389 1812 vasa
1412 1756 1475 1812 usui

418 1838 511 1912 magis
533 1855 619 1909 quam
644 1847 812 1892 ornamento
834 1835 921 1893 facta.

501 1914 569 1979 Lib.
590 1914 689 1995 XLII,
717 1925 761 1986 li,
785 1922 801 1974 2
825 1919 929 1976 falsum
953 1939 1024 1990 esse,
1048 1923 1124 1994 quod
1148 1921 1299 1997 Grynaeus,
1324 1925 1478 1978 mistrinam

382 2042 384 2045 -
418 2004 448 2062 iu
475 2006 640 2060 caiatimaret
669 2013 795 2066 mutato,
828 2001 978 2073 effecerat,
1011 2005 1129 2079 intelligi
1158 2007 1280 2062 debebat
1312 2023 1348 2060 ex
1377 2005 1478 2079 populi

418 2087 544 2145 Rotnani
567 2087 682 2142 nomine
706 2105 796 2160 prave
822 2086 851 2141 iu
883 2087 1012 2143 ultimum
1034 2087 1129 2144 locum
1152 2089 1257 2145 reiecto
1280 2089 1331 2162 (-
1354 2089 1478 2144 debebat

378 2216 383 2223 ,
418 2171 494 2228 euim
522 2188 586 2226 esse
612 2178 738 2243 eaceptus
764 2189 782 2225 a
805 2189 837 2244 p.
860 2170 897 2226 R.
920 2189 980 2226 aum
1001 2179 1075 2227 tanto
1099 2172 1198 2228 honore
1225 2173 1275 2244 -)
1304 2172 1478 2245 omninoque

418 2273 477 2311 nou
497 2263 575 2310 reete
596 2254 707 2326 posito;
739 2265 856 2308 senatus
884 2254 958 2308 enim
987 2266 1016 2308 et
1037 2267 1151 2328 patrum
1183 2257 1227 2312 hae
1259 2267 1355 2330 partes
1385 2267 1476 2312 erant.

419 2341 448 2394 A
471 2349 592 2411 praetore
608 2336 750 2392 Eumenes
765 2336 794 2390 in
817 2347 947 2403 senatum
971 2347 1013 2392 est
1034 2338 1221 2406 introductus,
1244 2339 1321 2412 quod
1346 2338 1477 2394 eonsules

418 2421 485 2478 irati
504 2439 536 2476 re
557 2419 672 2493 publica
694 2419 878 2475 abstinebant
899 2420 934 2492 (c.
962 2425 1006 2482 ta,
1035 2422 1090 2493 15).
1100 2417 1123 2494 ¹)

503 2500 575 2577 Cap.
602 2507 633 2558 il
661 2513 733 2558 extr.
757 2513 785 2558 et
813 2505 863 2568 12,
889 2508 898 2559 l
935 2505 1095 2578 corrigendi
1120 2504 1197 2560 viam
1225 2515 1253 2560 et
1282 2504 1374 2561 codex
1396 2523 1478 2560 mon-

418 2588 531 2644 strabat
560 2584 634 2658 (aaa)
656 2599 684 2641 et
705 2585 816 2653 orati03
845 2597 922 2642 recte
943 2587 1017 2644 enim
1041 2587 1144 2643 dicitur
1165 2606 1271 2662 magna
1293 2607 1355 2644 esse
1377 2597 1477 2643 aucto-

418 2670 489 2726 ritas
517 2669 593 2743 regis
621 2669 701 2742 apud
729 2669 877 2737 civitates,
915 2671 1084 2743 pravissime
1117 2689 1216 2727 omnes
1249 2671 1326 2744 apud
1356 2672 1480 2726 ciuitates

418 2754 483 2827 (pro
505 2771 550 2818 eo,
579 2751 657 2823 quod
685 2762 727 2807 est
756 2754 783 2806 ia
804 2752 969 2824 civitatibus)
1000 2756 1089 2808 vereri
1113 2755 1278 2809 nraieatatcm
1307 2757 1387 2826 repis,
1430 2753 1479 2824 (In

419 2835 617 2910 supplemento
640 2835 804 2908 ponendum
827 2829 889 2890 erat
910 2836 960 2891 sed
980 2838 1060 2891 etiarn
1081 2836 1169 2911 aput.)

502 2917 613 2974 Eodem
644 2919 737 2992 capite
767 2922 781 2987 ξ
805 2921 823 2974 6
854 2918 945 2974 tribus
983 2918 1053 2974 loeis
1084 2919 1179 2976 foedus
1212 2920 1379 2976 Boeotorum
1413 2937 1478 2974 cum

419 3001 528 3058 Perseo
556 3000 656 3056 litteris
682 3002 802 3057 incisum
826 3014 941 3058 exstare
971 3001 1087 3071 dicitur,
1114 3022 1167 3058 uno
1193 3001 1303 3072 Thebis,
1329 3003 1416 3058 altero
1440 3003 1481 3058 ad

481 3237 597 3299 facturos
613 3250 638 3280 ae
657 3231 773 3291 dicerent,
792 3233 886 3280 oblitus
906 3243 951 3281 aut
969 3235 1096 3293 nesciens,
1116 3250 1246 3296 nunquam
1265 3237 1301 3284 sic
1320 3250 1364 3299 por
1383 3250 1410 3282 se
1427 3237 1479 3284 dici

490 3303 552 3352 dicto
570 3301 678 3359 audieus,
698 3313 725 3349 ut
746 3303 904 3364 appositione
923 3305 1025 3365 adiungi
1045 3305 1134 3367 possit,
1153 3307 1198 3352 sed
1212 3315 1309 3352 tantum
1327 3319 1384 3352 cum
1399 3307 1479 3354 verbo

488 3391 546 3423 aum.
576 3379 614 3431 16,
635 3380 649 3420 2
669 3371 763 3420 frustra
781 3372 927 3420 defenditur
945 3375 1060 3437 repetitio
1079 3375 1149 3422 vocis
1167 3376 1192 3422 in
1208 3375 1262 3423 his:
1281 3375 1339 3438 quia
1355 3392 1401 3422 nan
1416 3384 1479 3424 recte

482 3443 673 3508 sacratarium
690 3451 771 3495 essent,
791 3442 931 3490 instauratis
950 3443 1047 3492 Latinis
1061 3443 1155 3508 placuit
1172 3444 1294 3508 exemplis
1314 3445 1379 3493 alius
1398 3459 1478 3506 gene-

489 3515 523 3562 ris
550 3517 643 3575 (neque
672 3513 737 3559 enim
765 3514 792 3558 iu
819 3512 851 3560 iis
883 3527 975 3560 nomeu
1004 3515 1051 3569 rei,
1078 3517 1108 3561 de
1136 3529 1187 3578 qua
1206 3516 1302 3576 agitur,
1327 3515 1353 3562 in
1380 3515 1479 3578 protasi

489 3584 598 3646 positum
618 3583 690 3630 initio
709 3582 827 3644 apodosis
839 3583 981 3643 repetitur),
1001 3592 1143 3645 ceteraque,
1163 3599 1218 3646 quae
1234 3585 1367 3640 declaravi,
1380 3586 1480 3634 iucom-

489 3655 565 3701 moda
583 3660 699 3709 manent,
718 3651 808 3699 saltem
828 3652 896 3712 quod
916 3653 1067 3700 obscuratur
1084 3655 1167 3716 ipsum
1187 3665 1264 3718 caput
1282 3655 1374 3702 decreti
1393 3655 1480 3718 ponti-

489 3724 574 3784 ficum,
593 3722 772 3769 instaurandas
790 3734 845 3768 esse
864 3721 977 3770 Latinas.
1015 3723 1158 3771 Verborum
1172 3726 1235 3772 ordo
1248 3727 1274 3771 iu
1287 3733 1373 3774 nostra
1392 3739 1479 3772 emen-

489 3793 591 3840 datione
609 3806 712 3854 prorsus
732 3798 815 3838 rectus
833 3799 879 3848 est,
901 3803 957 3854 post
975 3793 1082 3840 alterum
1102 3795 1214 3841 dativum
1234 3795 1309 3857 priori
1324 3795 1479 3843 contrarium

487 3860 649 3925 (partificibus
665 3887 695 3894 -
716 3859 822 3917 Latinis)
841 3862 970 3909 communi
988 3864 1066 3910 verbo
1084 3865 1240 3926 interposito.

438 3935 464 3993 ¹)
489 3932 551 3994 Cap.
572 3937 596 3989 8,
615 3937 630 3978 8
650 3944 726 3991 quum
746 3932 783 3977 sic
801 3932 990 3991 mandassem,
1010 3943 1051 3989 ut,
1072 3933 1173 3996 expleta
1191 3934 1355 3997 apertissima
1374 3933 1481 3995 originis

488 4002 595 4057 lacuna,
619 4001 704 4048 littera
726 3999 798 4046 nulla
816 4009 913 4048 mutata
936 4003 1101 4050 rectissimam
1121 4005 1272 4052 sententiam
1292 4009 1321 4050 et·
1336 4002 1478 4052 orationem

489 4069 613 4119 efficerem
638 4071 713 4117 etiam
742 4070 767 4116 in
788 4071 913 4132 particula
936 4088 1027 4134 quoque
1051 4074 1082 4119 ad
1107 4075 1309 4136 progressionem
1334 4086 1479 4134 novamque

490 4156 542 4188 reru
568 4140 758 4200 significandam
781 4142 938 4198 necessaria,
961 4141 1083 4190 vHertaius
1108 4143 1197 4190 maluit
1216 4143 1356 4206 Kreyssigii
1376 4143 1479 4190 coniec-

489 4222 572 4257 turam
591 4209 676 4272 sequi,
694 4209 720 4256 iu
740 4223 790 4270 qua
808 4225 887 4258 uuum
905 4210 983 4273 primo
1002 4212 1115 4270 additur,
1135 4221 1186 4260 tum
1198 4214 1260 4276 fieri
1276 4215 1330 4262 sine
1347 4211 1401 4260 ulla
1420 4227 1479 4274 pro-

488 4279 620 4328 babilitate
638 4283 664 4326 iu
682 4279 769 4342 referri
786 4288 905 4336 mutatur,
924 4281 978 4329 haee
997 4291 1082 4330 autern
1102 4284 1187 4330 omnia
1206 4287 1286 4346 (arma
1295 4282 1373 4347 primo
1386 4297 1479 4344 quoquc

489 4348 550 4413 cet.)
567 4349 657 4398 vitiose
676 4350 847 4413 superioribus
862 4351 1045 4413 adiunguntur.
