3475 5084
493 518 549 577 128
748 515 827 565 Liber
844 513 941 563 XLIII.
979 513 1027 576 (A.
1046 528 1071 563 n.
1091 527 1113 563 c.
1134 513 1209 577 584.)

410 704 427 759 3
451 700 575 758 vinciam
597 697 686 769 venit,
707 697 825 758 dimisit.
857 696 1011 755 Sociorum
1032 695 1156 753 nominis
1178 694 1276 753 Latini
1298 694 1427 751 exercitu
1452 713 1504 753 me·

451 814 514 863 ture
534 805 565 861 in
584 805 707 861 hiberna
728 804 843 860 Lunam
865 810 894 857 et
915 801 1000 859 Pisas
1024 801 1163 871 deducto,
1192 799 1255 875 ipse
1282 817 1347 857 cum
1369 799 1504 873 equitibus

410 914 428 968 4
452 909 557 968 Galliae
588 908 745 984 provincias
783 908 923 983 pleraque
956 906 1064 981 oppida
1099 885 1178 963 adiit.
1251 904 1408 979 Nusquam
1445 904 1506 981 alibi

451 1033 539 1089 quem
560 1014 591 1069 in
611 1014 787 1071 Macedonia
820 1012 927 1070 bellum
960 1020 1038 1081 erat;
1069 1019 1234 1084 suspectum
1262 1016 1361 1066 temen
1384 1018 1413 1065 et
1434 1008 1505 1067 Gen·

411 1120 521 1179 itiam
542 1119 708 1193 Illyriorum
729 1137 827 1193 regem
852 1112 1008 1175 habebant.
1066 1115 1171 1188 ltaque
1200 1121 1229 1169 et
1253 1122 1319 1171 octo
1349 1132 1442 1171 naves
1467 1132 1506 1171 or·

451 1233 535 1281 natas
566 1242 584 1280 a
611 1223 767 1280 Brundisio
800 1233 918 1279 senatus
951 1220 1061 1279 censuit
1092 1218 1248 1275 mittendas
1279 1219 1317 1275 ad
1338 1217 1373 1279 C.
1395 1219 1505 1277 Furium

452 1328 581 1403 legatum
604 1329 720 1396 Issam,
742 1328 793 1401 qui
818 1346 883 1385 cum
906 1326 1041 1401 praesidio
1072 1324 1195 1381 duarum
1217 1324 1376 1381 Issensium
1399 1324 1506 1381 navium

413 1439 430 1495 d
453 1433 554 1491 insulae
575 1440 712 1507 praeerot;
749 1433 818 1500 (duo
846 1432 926 1490 milia
953 1431 1075 1488 militum
1104 1430 1134 1487 in
1156 1446 1206 1485 eas
1230 1448 1322 1485 naues
1344 1438 1414 1487 sunt
1434 1429 1505 1503 inpo-

452 1538 518 1608 sita,
540 1556 604 1611 quae
625 1537 668 1595 M.
690 1536 804 1595 Roscius
825 1547 933 1611 praetor
963 1556 1000 1593 ex
1031 1510 1147 1595 senatus
1171 1533 1303 1591 consulto
1324 1532 1355 1589 iu
1379 1552 1417 1591 ea
1436 1541 1508 1608 parte

451 1642 563 1712 Italiae,
597 1640 798 1715 quae'obiecta
820 1642 937 1717 Illyrico
960 1652 1012 1712 est,
1045 1639 1244 1713 conscripsit3)
1281 1646 1310 1694 et
1331 1638 1435 1695 consul
1454 1639 1507 1695 Ho-

453 1746 546 1803 stilius
567 1747 627 1819 Ap.
653 1743 807 1803 Claudium
835 1747 865 1803 in
895 1746 1043 1821 illyricum
1072 1763 1132 1801 oum
1161 1751 1299 1817 quattuor
1327 1743 1447 1799 milibus
1467 1761 1507 1817 pe·

331 1892 337 1900 .
415 1854 430 1904 7
455 1850 547 1906 ditum
565 1848 654 1919 misit,
677 1859 709 1905 ut
731 1851 847 1907 accolas
866 1851 977 1927 lllyrici
996 1860 1146 1909 tutaretur.
1191 1848 1262 1920 Qui,
1284 1866 1344 1907 uon
1370 1856 1508 1905 contentus

454 1953 500 2022 iis,
520 1971 593 2026 ques
615 1953 788 2026 adduxerat,
810 1956 918 2030 copiis,
943 1954 1052 2011 auxilie
1075 1956 1112 2011 ab
1132 1953 1218 2010 sociis
1240 1953 1449 2026 conrogando,
1470 1949 1507 2006 'ad

454 2056 534 2114 VIII
556 2057 635 2113 milia
656 2058 805 2115 hominum
826 2061 909 2118 vario
922 2078 1028 2134 genere
1047 2059 1181 2130 armavit,
1202 2067 1422 2133 peragrataque
1443 2054 1507 2113 omni

416 2164 424 2175 '
455 2180 491 2219 ea
511 2162 639 2236 regione,
662 2164 699 2219 ad
722 2165 904 2240 Lychnidum
917 2164 1162 2222 Dassaretiorum
1185 2153 1326 2222 consedit.

315 2340 322 2344 ,
374 2260 414 2331 li)
538 2266 628 2323 Haud
660 2270 763 2342 procul
792 2246 869 2327 inde‘
892 2271 1012 2329 Uscana
1044 2269 1182 2344 oppidum
1216 2266 1317 2324 finium
1350 2266 1508 2341 plerumque

458 2373 561 2431 Persei
581 2372 687 2429 fueret.
733 2375 766 2431 X
787 2376 869 2431 milia
890 2376 994 2433 civium
1006 2376 1144 2431 'habebat
1165 2383 1194 2431 et
1205 2374 1362 2442 modicum,
1386 2370 1507 2429 custodio

417 2480 433 2535 2
457 2495 556 2548 causo,
580 2476 761 2537 Cretensium
781 2480 956 2555 presidium.
1014 2479 1087 2535 Inde
1108 2480 1200 2569 nuntii
1234 2478 1272 2535 ad
1294 2476 1451 2535 Claudium
1470 2492 1507 2533 oc·

457 2582 526 2639 culti
547 2563 717 2652 veniebant,
750 2583 775 2639 si
796 2585 916 2659 propius
940 2584 1040 2659 copias
1063 2584 1255 2655 admovisset,
1292 2592 1419 2656 paratos
1448 2580 1505 2647 fore,

458 2686 508 2759 qui
529 2686 686 2759 proderent
706 2688 818 2744 urbem.
866 2690 906 2747 Et
927 2708 1022 2763 operae
1043 2686 1165 2762 pretium
1195 2703 1274 2754 esse;
1301 2704 1363 2749 non
1391 2706 1423 2743 se
1449 2684 1507 2743 sni·

417 2794 565 2861 ilcosque
594 2798 725 2859 tantum,
759 2790 811 2846 sed
840 2791 927 2848 etiam
950 2792 1055 2849 milites
1077 2790 1176 2866 praede
1197 2789 1392 2863 expleturum.
1449 2789 1506 2863 Spes

457 2893 609 2967 cupiditati
631 2893 752 2950 admota
771 2894 813 2951 ita
840 2896 996 2955 occrecavit
1018 2896 1162 2965 animum,
1188 2904 1221 2951 ut
1248 2912 1301 2951 nec
1334 2914 1369 2951 er
1393 2897 1442 2966 iis,
1470 2890 1506 2966 qui

457 3007 614 3067 venerant,
647 3016 825 3072 quemquam
845 3000 996 3071 retineret,
1029 3018 1082 3057 nec
1105 3000 1237 3075 opsides,
1271 2998 1379 3073 pignus
1402 3000 1506 3067 futuros,

456 3101 540 3159 afore
560 3101 693 3159 fraudem
715 3104 835 3178 agendae
855 3105 914 3175 rei,
936 3114 1085 3177 posceret,
1105 3123 1158 3161 nec
1180 3105 1305 3161 mitteret
1328 3106 1506 3180 exploratum,

456 3225 510 3265 nec
530 3207 616 3263 fidem
638 3207 790 3283 acciperet.
831 3209 889 3266 Die
911 3203 1156 3266 tantum'statuta
1185 3208 1334 3284 profectus
1355 3230 1375 3267 a
1399 3207 1506 3287 Lychni-

457 3312 512 3382 do,
542 3311 694 3369 duodecim
720 3311 801 3369 milis
828 3313 865 3368 ab
884 3310 975 3381 urbe,
1003 3312 1149 3385 adquam
1172 3292 1324 3385 tendebat,
1354 3316 1452 3394 posuit
1470 3330 1505 3371 eo·

459 3509 484 3570 3,
503 3516 518 3557 3
538 3512 599 3557 adid
634 3508 687 3566 4,2
707 3516 758 3556 tam
778 3515 804 3556 et
831 3510 1165 3572 3inlyriorumlhabebat
1199 3510 1251 3574 5,l
1272 3513 1346 3560 nauis
1375 3513 1505 3560 2abrun·

458 3597 537 3644 disios
568 3602 584 3643 4
602 3602 727 3657 praeerant
745 3596 868 3643 miserunt
887 3596 937 3645 dua
952 3596 1023 3644 milia
1049 3595 1098 3655 6‚1
1116 3598 1252 3660 inpositaq.
1269 3598 1312 3646 im.
1323 3599 1409 3648 recius
1421 3598 1504 3659 Kreyu.

459 3680 551 3744 (Gryu.
563 3695 619 3741 quae
629 3678 661 3737 Q.
674 3680 794 3739 Maenius)
813 3687 828 3727 3
846 3682 954 3744 inlyrioo
970 3687 985 3728 4
996 3682 1101 3745 appium
1112 3679 1116 3742 l
1128 3684 1264 3745 inlyricum
1277 3693 1401 3744 quattuor
1412 3684 1504 3733 millibus

458 3770 474 3815 5
493 3767 592 3829 inlyrici
602 3764 606 3829 1
615 3774 758 3814 tutarentur
776 3767 887 3816 Perizou.
925 3767 950 3827 7,
962 3774 977 3815 2
987 3769 1008 3816 is
1027 3774 1042 3815 3
1054 3766 1090 3817 Ν.
1102 3782 1136 3817 ex
1145 3770 1244 3836 varici}
1256 3771 1343 3819 omnia
1356 3786 1388 3820 ea
1407 3767 1505 3834 41γοίἀί-

457 3837 518 3901 nuni
538 3850 627 3916 (crya.
647 3853 802 3917 Lyeuidum)
838 3854 872 3912 X,
885 3854 909 3912 1,
924 3859 934 3901 l
947 3854 1061 3917 plerique
1087 3856 1195 3917 2persei
1205 3854 1271 3903 ferat
1281 3855 1337 3919 Mp.
1352 3856 1442 3923 (Grpe.
1454 3850 1505 3914 eret)

457 3938 483 3999 2,
505 3945 515 3987 l
537 3940 633 3988 nuntiis
669 3939 772 3987 2f0ret
811 3941 963 4003 Sprsetium
999 3940 1146 4003 tpraedam
1183 3941 1207 4002 3,
1232 3942 1504 4006 rspeoupiditatist

458 4027 590 4075 occecanit
608 4026 724 4073 animum
742 4028 938 4089 necutisqui
980 4033 995 4075 3
1020 4035 1148 4079 uenerunt
1169 4026 1243 4077 Gron.
1264 4034 1343 4079 tacito.
1362 4032 1365 4092 Ι
1382 4030 1505 4079 futurora

457 4111 514 4161 foro
540 4120 565 4161 et
585 4111 701 4161 fraudem
720 4111 846 4160 Belclcerua
874 4112 962 4177 (Grpe.
982 4112 1080 4163 futuros
1099 4111 1166 4163 furto
1182 4113 1308 4163 etfraude
1321 4115 1447 4178 agendoe).
1465 4105 1505 4161 Sed

391 4268 396 4273 ⁴
456 4207 575 4261 proterea
597 4196 744 4246 scamarum
768 4197 875 4247 videtur:
911 4198 1026 4247 fraudem
1040 4200 1067 4247 iu
1085 4200 1186 4260 agenda
1205 4215 1231 4249 re
1254 4209 1298 4251 out
1315 4202 1348 4250 ab
1367 4203 1463 4265 agenda
1477 4210 1504 4247 re·

460 4284 599 4345 olygdino
1348 4286 1354 4290 “
