3475 5084
437 542 474 597 34
860 536 990 587 Periocha

396 735 462 799 regis
480 743 506 783 et
524 734 631 800 Sulpicii
653 733 766 783 consulis
786 734 1038 796 expugnationesque
1062 733 1164 781 urbium
1188 734 1222 781 ab
1244 739 1352 795 utroque
1373 730 1453 781 iactas

398 827 519 877 continet.
558 827 687 891 Sulpicius
713 825 803 876 consul
826 826 922 874 bellum
947 826 1053 887 gerebat
1078 826 1257 875 adiuvantibus
1280 840 1340 888 rege
1364 825 1453 873 Attalo

395 928 421 970 et
438 919 554 970 Rhodiis.
592 918 770 985 Triumphauit
787 920 818 967 de
837 917 918 969 Gallis
936 918 966 967 L.
985 919 1078 968 Furius
1096 926 1195 982 praetor.

790 1077 840 1127 EX
853 1080 920 1129 LIB.
941 1075 1055 1127 xxxta

468 1192 608 1257 Complura
625 1194 742 1258 prodigia
758 1207 792 1241 ex
805 1192 910 1242 diversis
930 1192 1075 1255 regionibns
1089 1192 1206 1239 nuntiata
1218 1192 1372 1257 reseruntur,
1392 1196 1456 1243 inter

393 1302 450 1351 qun
464 1288 491 1335 in
501 1286 654 1335 Macedonia
666 1286 693 1333 in
705 1299 788 1350 puppe
801 1286 885 1347 longa
898 1285 970 1334 navis
980 1285 1093 1333 lauream
1106 1298 1160 1333 esse
1179 1292 1276 1333 natum.
1313 1285 1345 1335 Τ.
1360 1282 1455 1344 Quinc·

395 1380 444 1428 tius
461 1380 621 1429 Flamininus
640 1393 692 1427 cos,
712 1379 833 1427 adversus
847 1378 996 1441 Philippum
1025 1377 1134 1425 feliciter
1151 1379 1276 1441 pugnavit
1293 1378 1319 1426 in
1339 1377 1455 1427 lancibus

394 1472 474 1539 Epiri,
496 1472 663 1535 fugatumque
677 1472 763 1533 coegit
780 1470 807 1519 in
825 1485 931 1532 regnum
951 1471 1049 1519 roverti.
1086 1470 1144 1535 Ipse
1156 1470 1327 1529 Thessaliam,
1347 1482 1404 1533 quse
1419 1478 1457 1518 est

393 1564 479 1612 vicina
496 1564 665 1623 Macedoniae,
685 1564 762 1613 sociis
779 1563 876 1613 AEtolis
894 1570 919 1611 et
936 1562 1126 1613 Athamanibus
1144 1562 1252 1620 vexarit,
1271 1562 1301 1611 L.
1321 1560 1454 1621 Quinctius

394 1654 555 1705 Flamininus
573 1655 652 1705 frater
671 1657 784 1705 consulis
808 1656 893 1705 navali
915 1655 993 1715 bello,
1021 1656 1108 1703 Attalo
1133 1670 1193 1717 rege
1212 1664 1238 1703 et
1255 1655 1364 1704 Rhodiis
1382 1657 1453 1703 adiu-

394 1749 522 1807 vantibus,
548 1749 673 1798 Enboeam
692 1758 720 1797 et
736 1749 889 1798 maritimam
909 1763 989 1797 oram.
1033 1749 1122 1797 Achaei
1147 1748 1173 1796 in
1201 1748 1342 1797 amicitiam
1361 1750 1453 1813 recepti

394 1848 461 1890 sunt.
498 1840 638 1890 Praetorum
659 1856 778 1891 numerus
790 1842 927 1906 ampliatus
940 1849 985 1899 est,
1005 1848 1033 1888 nt
1047 1841 1101 1889 seni
1114 1850 1267 1889 crearentur.
1305 1838 1452 1889 Coniuratio

395 1947 522 1981 servornm
541 1932 611 1981 iacta
629 1935 661 1981 de
680 1934 811 1983 solvendis
830 1932 1080 1994 Carthaginiensium
1111 1933 1243 1981 obsidibus
1267 1947 1390 1996 oppressa
1407 1942 1453 1993 est,

393 2026 444 2074 dno
461 2026 544 2074 millia
562 2025 586 2073 D
606 2027 699 2077 necati.
737 2025 873 2076 Cornelius
894 2025 1021 2086 Cethegus
1040 2040 1092 2074 cos.
1114 2024 1202 2075 Gallos
1221 2024 1343 2075 Insubres
1365 2027 1452 2091 proelio

391 2117 464 2167 indit
504 2117 568 2166 Cum
588 2119 790 2169 Lacedaemoniis
816 2129 841 2168 et
866 2126 974 2183 tyranno
998 2132 1084 2166 eorum
1103 2116 1204 2165 Nabide
1230 2118 1344 2167 amicitia
1368 2121 1453 2169 iuncta

393 2219 439 2260 est.
477 2210 605 2261 Preterea
623 2213 826 2276 expugnationes
847 2211 946 2260 urbium
965 2210 991 2259 in
1009 2209 1164 2259 Macedonia
1181 2208 1334 2259 reseruntur.

780 2371 829 2421 EX
847 2370 914 2420 LIB.
934 2369 1059 2419 xxxnt.

463 2486 493 2536 T.
514 2483 647 2544 Quinctius
665 2486 826 2536 Flamininus
849 2501 947 2551 procos.
975 2500 1031 2533 cum
1050 2485 1169 2550 Philippo
1192 2487 1223 2534 ad
1245 2485 1449 2551 Cynoscephalas
1550 2488 1551 2491 ’

390 2578 417 2625 in
428 2577 564 2626 Thessalia
582 2579 637 2626 acie
655 2580 724 2627 victo
742 2580 887 2629 debellarit.
925 2580 954 2628 L.
967 2576 1101 2637 Quinctius
1110 2577 1268 2627 Flamininus
1281 2578 1358 2644 [ille]‚
1377 2579 1450 2630 irater
1549 2570 1550 2579 ¹

390 2685 500 2735 procos,
517 2671 675 2730 Acarnanas,
694 2671 814 2720 Leucade
833 2672 904 2735 urbe,
929 2671 996 2733 quod
1016 2679 1093 2734 capnt
1112 2670 1337 2736 estAcarnannm,
1357 2686 1450 2737 expug-

390 2770 459 2822 nata,
485 2764 513 2811 in
541 2763 696 2813 deditionem
723 2766 829 2829 accepit.
874 2764 930 2812 Pax
948 2762 1045 2827 petenti
1063 2762 1189 2826 Philippo,
1217 2761 1318 2813 Graecia
1336 2766 1449 2823 liberata,

391 2857 453 2905 data
482 2865 528 2905 est.
577 2856 682 2904 Attalns
711 2857 743 2906 ab
771 2855 868 2905 Thebis
896 2856 928 2905 ob
961 2855 1072 2906 subitum
1099 2856 1270 2905 valetudinem
1297 2858 1449 2919 Pergamum
1546 2924 1547 2929 1

390 2948 528 2998 translatus
556 2948 672 2997 decessit.
720 2948 748 2998 C.
775 2948 940 3013 Sempronius
965 2948 1109 2999 Tuditanus
1138 2957 1231 3014 praetor
1258 2949 1290 2997 ab
1319 2948 1450 2999 Celtiberis

391 3057 449 3091 cnm
475 3042 587 3090 exercitu
615 3055 696 3090 cresus
718 3048 765 3090 est.
802 3042 832 3090 L.
852 3041 946 3089 Furius
964 3040 1090 3104 Purpurio
1118 3050 1144 3089 et
1168 3040 1292 3091 Claudius
1316 3041 1451 3090 Marcellus

391 3150 458 3184 coss.
485 3135 564 3183 Boios
591 3142 616 3182 et
639 3134 761 3183 Insubres
785 3131 875 3183 Gallos
903 3135 1065 3195 subegerunt.
1112 3132 1249 3183 Marcellus
1278 3134 1449 3199 triumpharit

390 3227 522 3277 Hannibal
545 3226 639 3275 irnstra
665 3227 692 3275 in
715 3225 806 3275 Africa
830 3225 927 3274 bellum
951 3226 1055 3275 molitus
1080 3234 1106 3274 et
1131 3226 1164 3275 ob
1189 3228 1238 3275 hoc
1261 3227 1385 3275 Romanis
1408 3242 1451 3291 per

391 3321 512 3385 epistolas
531 3320 562 3367 ub
580 3320 692 3367 adversae
716 3317 833 3367 factionis
856 3319 1014 3382 principibus
1038 3318 1138 3367 delatus
1161 3326 1264 3383 propter
1287 3329 1381 3368 metum
1400 3320 1450 3370 Ro-

391 3426 538 3470 manorum,
560 3411 604 3472 qui
628 3412 728 3473 legatos
753 3412 785 3459 sd
807 3420 922 3460 senatum
943 3408 1191 3473 Carthaginiensium
1218 3414 1250 3460 de
1267 3413 1300 3461 'eo
1321 3414 1450 3473 miserant,

390 3503 515 3568 profugus
543 3505 575 3551 ad
606 3503 761 3552 Antiochum
787 3502 866 3566 Syriae
898 3518 984 3566 regom
1015 3518 1043 3551 ae
1070 3503 1177 3552 contulit
1207 3504 1303 3555 bellum
1331 3507 1452 3555 adversus

390 3596 521 3646 Romarm
539 3595 680 3660 parantem.

778 3755 827 3805 EX
845 3754 913 3806 LIB.
932 3754 1059 3806 XXXIV.

461 3872 517 3921 Lex
540 3871 637 3936 Oppia,
664 3886 737 3935 quum
765 3871 793 3921 C,
820 3870 919 3936 Oppius
946 3882 976 3922 tr.
1002 3872 1037 3937 pl.
1062 3872 1131 3921 bello
1154 3873 1253 3923 Punico
1277 3874 1310 3923 de
1334 3874 1453 3923 finiendis

391 3972 565 4015 matronarum
589 3964 701 4013 cultibus
725 3965 832 4027 tulerat,
864 3980 921 4013 cum
950 3978 1043 4027 magna
1067 3966 1229 4014 contentione
1257 3967 1383 4028 abrogata
1407 3965 1452 4023 est,

392 4072 470 4120 quum
488 4058 596 4106 Porcius
615 4054 681 4104 Cato
699 4066 788 4106 auctor
806 4055 906 4121 fuisset,
924 4072 957 4105 ne
976 4072 1006 4107 ea
1024 4058 1066 4107 lex
1084 4058 1235 4107 aboleretur.
1272 4059 1298 4108 Is
1318 4060 1344 4107 in
1358 4059 1452 4122 Hispa-

391 4150 461 4197 niam
478 4149 606 4213 proiectus
631 4149 713 4209 bello,
738 4151 806 4213 quod
825 4151 953 4213 Emporiis
972 4166 1044 4200 orsus
1064 4160 1115 4214 est,
1140 4153 1282 4201 citeriorem
1301 4152 1452 4217 Hispaniam

391 4242 500 4303 pacavit.
544 4241 576 4291 T.
596 4240 732 4300 Quinctius
750 4243 909 4293 Flamininus
931 4244 1028 4293 bellum
1053 4247 1172 4295 adversus
1192 4247 1401 4296 Lacedaemonios
1429 4256 1454 4294 et

392 4341 527 4394 tyrannum
546 4347 635 4382 eornm
647 4334 775 4383 Nabidem
792 4349 913 4399 prospere
928 4348 1035 4399 gestum,
1056 4338 1118 4387 data
1135 4339 1166 4388 iis
1184 4354 1258 4403 pace,
1277 4340 1378 4402 qualem
1398 4341 1453 4403 ipse
