3475 5084
515 518 594 567 Liber
610 516 693 567 XLV.
744 517 793 581 (Δ.
813 516 874 568 Chr.
897 517 970 581 167.)
1171 522 1229 577 235

225 699 368 775 Phlippo,
398 702 546 761 Antiocho
572 704 731 779 superatis,
763 723 828 762 cum
854 707 980 763 Romam
1007 704 1202 772 venissemus,
1235 723 1273 762 ex

224 805 331 879 publico
353 808 478 883 hospitio
492 810 523 866 in
537 810 645 868 curiam
660 810 836 884 gratulatum
852 810 946 879 vobis,
968 818 1064 886 patres
1080 793 1273 885 conscripti*

223 929 255 967 ex
283 913 364 970 curia
384 914 414 971 in
435 913 611 991 Capitolium
633 916 671 973 ad
690 916 760 973 deos
780 926 893 974 vestros
920 917 998 975 dona
1025 916 1163 985 ferentcs;
1196 934 1271 973 nnnc
1295 918 1311 973 2

222 1037 254 1075 ex
273 1019 392 1077 sordido
414 1020 594 1089 deversorio,
618 1023 669 1079 vix
689 1023 822 1080 mercede
843 1023 953 1099 recepti
979 1041 1013 1079 ac
1034 1041 1125 1098 propo
1146 1021 1272 1079 hostium

221 1146 296 1183 more
313 1136 397 1183 extra
417 1128 518 1185 urbem
539 1147 656 1185 manere
674 1128 762 1197 inssi,
792 1129 823 1185 in
848 1130 905 1187 hoc
929 1129 1065 1204 squalore
1089 1129 1220 1185 venimus
1242 1128 1273 1185 in

221 1233 324 1290 curiam
345 1234 509 1291 Romanam
532 1234 655 1306 Rhodii,
685 1252 761 1309 quos·
778 1234 934 1309 provinciis
953 1253 1045 1309 nuper
1065 1235 1157 1310 Lycia
1178 1234 1273 1310 adque

221 1337 317 1410 Caria,
353 1356 426 1413 quos
453 1340 580 1414 praemiis
610 1342 705 1416 adque
732 1341 890 1398 honoribus
919 1340 1112 1415 amplissumis
1133 1340 1272 1398 donastis.

220 1447 253 1503 Et
274 1447 455 1503 Macedonas
476 1446 649 1521 Illyriosque
682 1447 788 1505 liberos
810 1464 891 1515 esse,
920 1455 952 1503 ut
983 1446 1130 1514 eudimus,
1158 1444 1271 1512 iubetis,
1295 1445 1312 1499 3

219 1570 277 1608 cnm
300 1551 471 1622 servierint,
493 1561 648 1626 antequam
669 1553 818 1610 vobiscum
840 1551 994 1623 bellarent,
1016 1554 1081 1625 (nec
1102 1551 1271 1624 cuiusquam
1295 1550 1312 1603 4

219 1656 336 1715 fortunae
347 1658 517 1727 invidemus,
528 1657 616 1714 immo
628 1659 811 1732 agnoscimus
822 1656 1000 1715 clementiam
1013 1657 1113 1734 populi
1124 1656 1272 1728 Romani),

219 1764 354 1834 Rhodios,
377 1765 426 1839 qui
447 1762 518 1821 nihil
538 1763 617 1820 aliud
639 1782 727 1838 quam
749 1763 918 1837 quieverunt
939 1764 994 1821 hoc
1008 1763 1094 1832 bello,
1115 1764 1213 1819 hostes
1236 1781 1273 1819 ex

219 1870 298 1926 sociis
319 1869 427 1928 facturi
447 1868 536 1926 estis?
580 1868 666 1927 Certe
688 1868 780 1926 eidem
802 1884 857 1925 vos
881 1869 949 1925 estis
972 1870 1111 1938 Romani,
1137 1870 1186 1943 qui
1207 1869 1272 1926 ideo
1296 1868 1313 1920 5

219 1973 309 2033 felicia
330 1976 408 2033 bella
431 1984 529 2033 vestra
549 1993 623 2046 esse,
645 1974 714 2049 quie
734 1974 810 2032 iusta
831 1975 897 2043 sint,
918 1993 978 2050 prae
1001 1975 1084 2032 vobis
1106 1974 1196 2041 fertis,
1220 1993 1273 2031 nec

219 2087 272 2136 tam
295 2081 375 2138 exitu
397 2100 513 2152 eorum,
541 2082 619 2156 quod
640 2080 778 2152 vincatis,
809 2099 896 2157 qnam
919 2080 1082 2157 principiis,
1115 2081 1193 2155 quod
1214 2099 1273 2137 non

199 2186 274 2242 sine
299 2205 390 2244 cansa
410 2186 582 2260 suscipiatis,
603 2185 775 2262 gloriamini.
823 2188 961 2243 Messana
984 2188 1013 2243 in
1027 2186 1135 2247 Sicilia
1158 2206 1272 2263 oppng-
1296 2185 1313 2239 6

218 2300 283 2349 nata
304 2291 576 2368 Carthaginienses,
606 2294 730 2350 Athenae
752 2301 927 2367 oppugnatae
944 2301 973 2349 et
995 2292 1111 2351 Gracia
1132 2294 1161 2349 in
1183 2294 1273 2350 servi·

218 2408 303 2456 tutem
326 2398 417 2474 petita
439 2407 468 2455 et
489 2399 603 2457 adiutus
625 2397 775 2456 Hannibal
798 2397 935 2472 pecunia,
966 2398 1079 2455 auxiliis
1106 2398 1272 2473 Philippum

217 2505 327 2563 hostem
356 2504 494 2562 fecerunt.
539 2504 702 2562 Antiochus
728 2504 791 2578 ipse
817 2502 909 2573 ultro,
939 2503 976 2560 ab
1003 2504 1112 2560 AEtolis
1143 2504 1273 2561 hostibus
1297 2502 1312 2553 7

218 2611 318 2668 vestris
340 2611 505 2681 accersitus,
526 2629 564 2666 ex
584 2610 660 2667 Asia
681 2610 775 2667 classe
797 2610 827 2667 in
850 2608 995 2667 Graeciam
1016 2609 1144 2680 traiecit;
1165 2612 1272 2669 Deme-

202 2716 307 2785 triade
327 2726 356 2773 et
378 2716 515 2775 Chalcide
536 2724 565 2773 et
585 2716 661 2774 saltu
683 2716 945 2791 Thermopylarum
968 2725 1124 2790 occupato,
1146 2718 1181 2774 de
1203 2737 1272 2793 pos-

197 2823 342 2884 sessione
369 2823 483 2897 imperii
513 2840 566 2879 voe
593 2822 704 2879 deicere
731 2831 851 2879 conatus
880 2830 928 2879 est.
976 2820 1048 2880 Cum
1071 2825 1180 2881 Perseo
1202 2816 1314 2882 sociiss

218 2928 304 2985 vestri
335 2928 503 3003 oppugnati,
532 2928 580 2985 alii
608 2927 765 2998 interfecti,
786 2930 837 2985 alii
856 2931 932 2985 eiecti
951 2929 1042 3004 reguli
1072 2930 1273 3006 principesque

217 3034 342 3107 gentium
362 3042 413 3090 aut
432 3034 605 3110 populorum
626 3052 715 3091 causa
737 3033 804 3091 belli
826 3034 909 3092 vobis
926 3033 1014 3091 luere.
1048 3035 1140 3108 Quem
1156 3036 1271 3092 tandem

199 3140 205 3171 ²
217 3140 326 3197 titulum
347 3149 448 3198 nostra
469 3139 618 3197 calamitas
639 3139 775 3196 habiture
796 3149 847 3211 est,
868 3140 895 3197 si
907 3141 1026 3215 perituri
1042 3139 1161 3217 sumus?
1189 3142 1271 3198 Non·
1294 3134 1312 3189 9

217 3245 282 3303 dum
305 3264 426 3322 segrego
449 3244 573 3302 civitatis
595 3262 712 3302 causam
735 3266 754 3302 a
775 3244 934 3320 Polyarato
957 3254 984 3303 et
1007 3244 1139 3317 Dinone,
1162 3247 1271 3304 civibus

216 3456 444 3467 Ἣ

198 3612 232 3678 ’,3
251 3608 350 3657 autioco
395 3613 409 3656 5
438 3608 518 3656 donas
536 3607 597 3656 Post
620 3606 756 3670 conscripti
778 3615 822 3656 cat
841 3606 1024 3670 postfetantes
1044 3606 1159 3658 eccidhse
1177 3608 1270 3659 verbum

218 3695 335 3756 (ibamus,
354 3694 562 3756 deducebamur),
583 3692 666 3758 Siqua.
682 3692 838 3743 etGrevere'as
851 3692 1019 3744 intellexeruut.
1047 3695 1073 3755 2,
1093 3702 1107 3745 2
1128 3696 1270 3745 diuoraorio

195 3780 222 3848 Ι
242 3784 338 3847 decepti
379 3788 394 3830 3
415 3782 502 3830 orbem
538 3785 552 3827 5
573 3788 640 3829 carta
659 3796 723 3843 quos
742 3782 846 3830 reminis
861 3783 866 3844 1
883 3781 1089 3846 amplissimumis
1108 3780 1198 3847 (Grpe.
1215 3798 1271 3831 am·

195 3851 342 3931 ⁷plissimis)
379 3868 442 3927 3,1
465 3875 490 3916 at
504 3881 623 3916 mecenas
644 3868 799 3933 illyriosqnse
819 3869 934 3918 liberisse
955 3877 984 3917 nt
1017 3867 1043 3929 4,
1063 3877 1077 3918 2
1096 3870 1166 3917 inmo
1190 3870 1195 3931 Ι
1220 3871 1270 3920 clo·

195 3935 207 4018 'f
217 3958 315 4005 mantiae
350 3963 365 4006 3
379 3956 442 4005 nihil
459 3955 521 4004 alibi
540 3968 617 4015 quam
632 3956 676 4017 qni
693 3954 794 4005 fuerunt
823 3955 849 4012 5,
864 3962 875 4004 l
892 3963 959 4005 certe
972 3957 1074 4020 quidem
1087 3971 1133 4005 noe
1147 3956 1202 4021 My.
1213 3956 1268 4006 Em.

200 4040 270 4113 '¹⁶01
296 4045 403 4093 tuobis
421 4042 492 4093 lestis
511 4054 558 4090 nec
595 4043 723 4092 :territum
738 4045 743 4103 1
758 4044 885 4092 nnmsine
922 4043 946 4103 6,
960 4049 969 4091 l
985 4059 1087 4094 masana
1118 4044 1271 4092 2athennae

219 4126 350 4191 lgraeciam
386 4130 434 4190 l,l
449 4130 583 4178 anthiocus
610 4131 729 4179 2traicit
763 4130 895 4179 scalcide
911 4134 915 4191 Ι
931 4130 1128 4195 termopylarum
1157 4138 1269 4178 soona·

199 4240 255 4308 'tus
273 4249 330 4283 cnm
349 4233 404 4299 My.
441 4233 466 4294 8,
482 4240 496 4281 2
516 4215 670 4298 occpugnati
687 4249 763 4297 supra
779 4235 866 4297 acn'pto
885 4232 1147 4297 plinterlectiregnli
1166 4230 1267 4293 Weiss.l

215 4321 395 4385 priscispesque
429 4320 479 4370 tsi
490 4321 585 4385 periuri
624 4320 649 4380 9,
661 4326 675 4367 2
688 4320 814 4383 poliarato
830 4325 834 4380 Ι
851 4320 928 4369 dione
944 4319 1018 4370 G-rorn
