3475 5084
567 546 646 595 mser
662 546 748 595 xan.
785 548 832 609 (a.
855 548 914 596 chr.
939 548 1010 609 171.)
1233 554 1271 608 69

252 728 324 784 tibus
358 729 534 805 populisque
571 749 659 806 egens
696 732 803 806 ubique
838 734 984 790 multitudo
1017 733 1111 789 omnis
1142 732 1251 803 ferme,
1282 744 1315 791 ut

252 832 338 903 solet,
371 832 549 892 deteriorum
581 845 658 907 erat,
692 836 730 893 ad
763 854 862 911 regem
891 838 1129 912 Macedonasque
1160 837 1313 907 inclinata;

249 936 408 1012 principum
430 938 547 996 diversa
568 957 700 997 cemeres
715 940 820 997 studia.
852 943 929 999 Pars
950 940 993 999 ite
1012 939 1043 998 iu
1061 944 1211 1000 Romanos
1231 940 1315 999 effusi
1337 946 1355 1001 2

250 1052 346 1110 eram,
382 1053 416 1099 ut
437 1044 639 1101 aumoritatem
661 1045 809 1103 inmodico
837 1044 942 1102 favore
964 1054 1196 1121 corrumperent,
1227 1047 1314 1122 psuci
1338 1052 1355 1106 3

249 1164 283 1201 ex
302 1145 339 1202 iis
360 1146 474 1203 iustitia
494 1149 609 1224 imperii
631 1150 758 1208 Romani
781 1150 870 1225 capti,
891 1150 989 1225 plures
1009 1150 1069 1220 ita,
1090 1150 1115 1207 si
1137 1152 1313 1227 praecipuam

249 1267 363 1323 opernm
394 1260 568 1323 navmsent,
599 1263 733 1329 potentes
764 1272 829 1311 sese
859 1254 889 1312 in
912 1254 1079 1312 civitatibus
1110 1255 1170 1313 suis
1200 1255 1315 1314 futuros

248 1354 309 1413 rati.
352 1356 432 1413 Pars
456 1356 550 1414 altera
570 1360 658 1435 regiae
680 1358 856 1418 adulationis
877 1369 956 1430 erat,
982 1378 1055 1433 quos
1077 1376 1116 1417 ses
1139 1360 1264 1417 alienum
1287 1369 1355 1421 etl

249 1458 410 1533 desperatio
431 1479 528 1518 rernm
550 1480 678 1534 suerum,
703 1466 804 1521 eodem
827 1474 963 1521 manente
983 1472 1071 1536 stetu,
1093 1464 1255 1540 precipites
1277 1466 1315 1521 ad

249 1564 384 1620 novanda
405 1566 506 1622 omnia
520 1570 645 1643 agebat3
667 1570 810 1644 quosdam
830 1579 983 1627 ventosum
1005 1570 1163 1647 ingenium,
1186 1568 1255 1643 quia
1277 1570 1313 1625 ed

250 1668 355 1725 Perses
377 1670 473 1744 magis
495 1690 568 1730 nura
589 1673 739 1749 popularis
760 1674 843 1732 ierat.
892 1675 995 1731 Tertia
1016 1692 1100 1750 pers,
1123 1683 1244 1750 optuma
1266 1694 1315 1731 ea·
1339 1682 1356 1735 5

249 1772 310 1830 dem
331 1782 361 1830 et
382 1775 620 1850 prudentissime,
641 1779 666 1836 si
688 1778 788 1853 utique
809 1779 891 1853 optio
912 1778 1022 1835 domini
1043 1779 1166 1853 potioris
1188 1780 1315 1855 daretur,

249 1879 299 1934 sub
319 1881 466 1938 Romanis
500 1901 588 1957 quam
611 1884 666 1940 snb
686 1902 757 1958 rege
779 1884 909 1940 malebat
931 1902 1011 1953 esse;
1046 1884 1071 1940 si
1100 1884 1223 1942 liberum
1247 1882 1355 1947 indes

250 1985 396 2042 arbitrium
419 1985 544 2043 fortunae
564 1995 649 2056 esset,
670 1998 803 2045 neutram
826 1998 939 2063 partem
962 1988 1100 2046 volebant
1122 1989 1314 2066 potentiorem

250 2090 338 2147 altere
359 2110 504 2165 oppresse
523 2092 601 2164 fieri,
637 2094 706 2164 sed,
738 2093 866 2152 inlibatis
899 2094 996 2169 potius
1020 2094 1131 2152 viribus
1163 2094 1315 2169 utriusque

249 2196 354 2268 pertis,
386 2213 491 2271 pacem
519 2214 557 2253 ex
577 2215 663 2271 aequo
686 2217 819 2268 manere3
854 2200 896 2255 ite
917 2200 1153 2274 interutrosque
1175 2200 1314 2274 optimam
1338 2208 1353 2260 7

249 2300 446 2357 condicionem
469 2300 619 2358 civitatum
640 2301 723 2373 fore,
753 2312 924 2378 protegente
947 2302 1039 2359 altero
1062 2321 1178 2378 semper
1197 2303 1314 2377 inopem

249 2403 285 2459 ab
304 2405 425 2462 alterius
445 2404 561 2462 iniuria.
603 2406 676 2464 Haec
697 2408 852 2464 sentientes
864 2408 1025 2465 certamina
1038 2406 1186 2467 lentorum
1209 2406 1314 2463 utrius·

252 2526 304 2582 que
325 2510 419 2585 partis
440 2508 521 2567 taciti
542 2529 580 2567 ex
600 2519 663 2568 tuto
686 2512 867 2586 spectabant.

330 2612 489 2683 Consules,
512 2632 571 2689 quo
592 2614 640 2671 die
661 2616 863 2691 magistratum
886 2618 1026 2686 inierunt,
1050 2636 1087 2673 ex
1111 2624 1229 2673 sanetus
1245 2632 1313 2672 con·
1337 2618 1354 2674 8

252 2717 323 2775 sulto
343 2737 412 2777 cnm
434 2719 512 2776 circa
533 2720 632 2777 omnia
653 2719 739 2792 fene,
766 2722 794 2778 in
818 2723 922 2796 quibus
945 2720 1151 2777 lectisternium
1174 2719 1312 2776 maiorem

251 2832 360 2895 partem
384 2824 453 2881 anni
477 2842 542 2881 esse
563 2824 653 2894 solet,
685 2826 845 2884 maioribus
873 2826 976 2883 hostiis
997 2825 1212 2893 immolassent,
1247 2823 1314 2881 inde

252 2945 348 3001 preces
379 2947 450 2986 suas
481 2937 616 3004 acceptae
649 2930 687 2986 ab
714 2929 769 2986 diis
796 2931 999 2988 inmortalibus
1027 2930 1166 2999 ominati,
1202 2930 1315 2987 senatui

252 3032 302 3089 rite
322 3034 516 3091 sacrificatum
538 3035 795 3109 precationemque
816 3034 853 3091 ‹le
874 3036 951 3092 bello
974 3034 1084 3093 factam
1105 3035 1314 3093 renuntiarunt.

253 3137 428 3215 Haruspices
447 3139 491 3196 ita
510 3140 738 3216 responderunt:
760 3139 793 3199 si
815 3140 885 3213 quid
909 3140 952 3196 rei
973 3158 1058 3197 novis
1079 3140 1263 3215 inciperetur,
1284 3139 1314 3194 id
1335 3144 1353 3199 9

253 3335 335 3399 XXX,
350 3339 376 3397 1,
396 3343 412 3385 2
429 3338 583 3402 populisque
602 3352 664 3399 gens
682 3339 777 3400 ubique
796 3339 879 3388 omnia
897 3338 953 3402 My.
969 3336 1086 3387 Estote
1119 3335 1212 3401 (Gryo.
1231 3351 1314 3400 popu·

253 3422 330 3485 lisque
341 3426 417 3488 plebs
434 3426 530 3487 ubique
549 3423 641 3489 omnis)
671 3425 865 3474 3deteu‘oribns
885 3432 940 3473 ernt
958 3424 990 3473 ob
1004 3438 1089 3486 regem
1098 3422 1152 3487 Mc.
1167 3433 1190 3471 et
1207 3432 1314 3487 exparte

257 3507 437 3561 GronetDuk.
465 3510 550 3559 Posses
566 3510 653 3559 etiam.-
678 3510 846 3560 deterioribus
864 3510 976 3569 fovebat,
995 3511 1028 3558 sd
1055 3511 1192 3563 teduetsa
1210 3524 1313 3559 comere

254 3592 277 3651 3,
296 3601 311 3644 2
330 3612 363 3647 ex
382 3599 403 3646 ie
426 3598 431 3659 1
456 3597 548 3661 imperi
565 3612 671 3645 romano
713 3602 728 3645 3
748 3587 847 3645 ffltnros
866 3598 921 3660 rapi
965 3596 992 3651 4,
1015 3601 1025 3645 l
1047 3596 1147 3660 (Aptius
1157 3597 1229 3661 soret
1250 3605 1313 3655 eret,

256 3694 358 3742 quornm
376 3684 441 3733 elios
461 3711 492 3719 -
513 3684 645 3746 quosdam,
685 3680 738 3732 sed
762 3683 804 3731 osb
827 3683 954 3747 quicquam
980 3681 1140 3746 mutandum.)
1184 3689 1198 3731 2
1223 3683 1314 3745 presci-

256 3783 346 3845 pientes
396 3769 566 3835 tnouaudae
582 3787 587 3848 Ι
602 3793 737 3835 uentorum
760 3787 765 3847 Ι
785 3787 846 3848 qnia
863 3800 955 3850 persea
981 3787 1065 3848 magis
1091 3801 1160 3835 aurae
1183 3786 1314 3850 popularis

256 3881 306 3920 erat
323 3872 378 3938 My.
389 3872 445 3922 Em.
456 3872 512 3922 525
530 3871 620 3937 (Grym
640 3873 702 3934 quia
720 3871 830 3922 Perseus
849 3888 882 3921 m.
903 3888 972 3922 enrat
990 3890 1015 3938 p.
1035 3874 1102 3937 eret)
1138 3871 1163 3931 5,
1183 3879 1198 3920 2
1217 3872 1313 3935 optimo

256 3957 346 4008 domini
382 3959 540 4008 amallebat
574 3958 600 4017 6,
623 3956 787 4008 lindeCrev.
807 3958 861 4008 tolli
878 3957 983 4019 volsbot3
1008 3957 1101 4007 Valles
1120 3959 1145 4006 in
1165 3972 1250 4015 esre,
1270 3955 1314 4006 boc

256 4044 344 4106 quidem
359 4062 444 4110 move.
489 4051 579 4094 tesca
597 4052 716 4094 neutram
743 4045 885 4094 salteram
904 4060 1052 4109 oppressam
1069 4046 1073 4106 Ι
1089 4044 1134 4093 sed
1152 4042 1286 4091 iuliuetam
1307 4042 1310 4105 Ι

257 4132 363 4194 utrisque
405 4138 473 4181 tex
490 4146 522 4180 eo
540 4146 643 4181 manere
672 4129 747 4181 Gron.
803 4131 827 4192 7,
855 4138 865 4180 l
896 4140 992 4193 utrasq.
1040 4130 1200 4179 tseutieutis
1249 4128 1312 4187 8,³

256 4214 333 4267 bostis
368 4225 384 4266 4
401 4232 496 4283 praeces
520 4232 580 4267 sues
607 4198 658 4282 quo
676 4225 795 4281 acceptas
814 4217 902 4266 Fur'tnc
923 4218 1011 4282 populi
1030 4218 1061 4266 B.
1080 4231 1169 4279 preces
1188 4218 1315 4278 suasque?

257 4304 271 4346 l
287 4305 515 4367 precationemque
