3475 5084
516 539 595 590 Liber
610 540 709 591 XLIV.
745 542 792 603 (A.
813 540 873 593 chr.
897 546 969 605 ltu.)
1095 547 1098 553 '
1185 550 1241 603 177

231 731 270 775 tus
295 729 366 778 erat.
407 720 480 795 Quae
505 726 663 800 conloquia
691 727 806 784 occulta
836 737 865 785 et
885 728 1046 803 legationes
1066 726 1190 784 infames
1219 728 1285 801 qui·
1310 733 1343 787 ll

232 825 287 881 dem
309 834 405 913 erpnt3
440 829 505 897 ead,
539 830 609 904 quid
637 841 733 890 actum
764 842 840 890 aaaet
872 832 978 907 quidve
1004 831 1079 887 inter
1105 849 1189 905 reges
1216 850 1285 889 con-

230 930 355 1001 veniseet,
375 932 576 1005 ignorabatur.
624 936 684 995 Rea
706 946 803 994 autem
824 938 867 994 ite
888 954 952 993 aeae
973 935 1083 993 habuit.

303 1035 449 1093 Eumenes
477 1055 572 1111 neque
599 1038 674 1097 favit
708 1042 837 1099 victoria
863 1040 965 1098 Pereai
991 1058 1086 1115 neque
1115 1040 1191 1097 bello
1221 1058 1286 1099 eum
1328 1039 1370 1110 25

228 1137 320 1196 iuvare
340 1143 369 1197 in
391 1142 490 1199 animo
511 1144 628 1213 habuit,
656 1164 715 1204 non
742 1156 803 1203 tam
825 1146 894 1221 quia
916 1154 1045 1221 paterna
1065 1145 1141 1201 inter
1161 1162 1211 1201 eoa
1232 1144 1287 1202 ini·

231 1244 334 1302 micitia
355 1238 598 1321 arnulfuscum
620 1250 695 1307 odiis
720 1251 795 1308 inter
815 1270 848 1308 ae
877 1268 1018 1320 acceuaoe3
1046 1268 1105 1307 non
1129 1270 1165 1308 ea
1185 1268 1286 1326 regum
1309 1258 1327 1313 2

229 1349 375 1420 emulatio,
398 1360 534 1426 utaque
557 1353 655 1412 animo
676 1357 788 1413 Peraea
804 1366 903 1414 tantae
925 1355 1017 1430 apisci
1033 1371 1103 1429 opes
1117 1362 1288 1428 tantamque

230 1453 354 1526 gloriam,
376 1468 488 1530 quanta
508 1458 650 1515 Romania
663 1461 749 1518 victis
763 1480 827 1518 euru
845 1460 991 1531 manebat,
1010 1460 1155 1517 Eumenes
1174 1458 1288 1516 visurus

230 1557 315 1616 luerit.
362 1561 487 1619 Ceteram
515 1565 652 1621 cernebat
678 1574 706 1622 et
728 1567 838 1624 Peraea
867 1566 927 1622 iam
954 1563 1022 1621 indo
1050 1564 1087 1621 ab
1116 1563 1198 1621 initio
1220 1564 1328 1629 belli3

230 1666 300 1722 omni
323 1667 412 1723 modo
434 1685 515 1742 apem
537 1670 618 1744 pacis
640 1679 799 1744 temptatae
821 1678 850 1727 et
875 1671 905 1726 in
928 1670 989 1727 dieu
1012 1669 1121 1744 magis,
1143 1686 1202 1743 quo
1220 1686 1289 1744 pro·

230 1768 288 1841 pior
302 1769 509 1829 admoveretur
524 1783 627 1843 terror,
643 1774 716 1830 nihil
731 1791 826 1849 neque
845 1793 933 1850 agere
950 1774 1029 1832 aliud
1040 1794 1135 1850 nequa
1147 1774 1289 1849 cogitara3

231 1875 372 1933 Romanos
395 1894 521 1952 quoque,
543 1879 613 1951 quia
634 1880 796 1937 traheretur
815 1880 922 1936 diutius
944 1898 997 1956 spe
1017 1881 1146 1956 ipsorum
1172 1879 1289 1951 bellum,
1312 1885 1331 1939 4

230 1988 256 2033 et
273 1981 351 2061 ipsos
374 1982 463 2040 duces
484 1993 513 2040 et
534 1992 682 2054 cenatum,
712 2002 771 2041 non
795 1985 953 2043 abhorrere
975 2003 993 2042 a
1014 1985 1141 2042 finiendo
1163 1993 1224 2041 tam
1246 1984 1289 2041 in·

232 2088 378 2157 commodo
408 2104 443 2143 ac
474 2085 583 2143 difficili
614 2086 700 2145 bello.
753 2089 821 2165 Hac
849 2090 1000 2165 utriusque
1027 2090 1120 2165 partis
1141 2090 1291 2148 voluntate
1314 2098 1332 2150 5

190 2249 191 2252 ,
232 2192 394 2265 explorata,
416 2192 494 2265 quod
516 2192 579 2249 fieri
601 2192 687 2249 etiam
710 2212 764 2251 aua
784 2203 889 2270 sponte
909 2194 995 2249 ladio
1018 2195 1185 2263 validioris,
1212 2203 1291 2253 metu

232 2294 391 2355 infirmioris
413 2293 552 2355 credebat
574 2314 670 2372 posse,
689 2297 719 2354 in
741 2318 776 2355 eo
797 2317 881 2356 auam
906 2315 1027 2372 operam
1049 2298 1200 2356 venditare
1223 2318 1291 2357 con·

189 2430 192 2434 f
233 2401 350 2459 cilianda
378 2402 475 2476 gratia
507 2403 601 2477 magia
629 2402 728 2476 cupiit.
773 2403 852 2459 Nam
887 2401 984 2471 modo,
1010 2421 1047 2459 ne
1073 2402 1188 2459 iuvaret
1215 2403 1291 2462 ballo
1315 2411 1332 2467 6

191 2537 192 2540 =
233 2503 377 2563 Romarm
397 2516 477 2563 terra
497 2508 646 2581 marique,
676 2507 764 2563 modo
784 2505 867 2582 pacis
890 2505 1041 2585 patranda
1062 2524 1127 2564 oum
1149 2508 1291 2565 Romania

190 2644 192 2650 ·
232 2610 427 2680 paciscebatur
448 2611 624 2680 mercedem
650 2629 689 2668 ne
718 2611 794 2669 bello
815 2610 982 2682 interesset,
1012 2613 1086 2669 milla
1114 2613 1233 2683 talentu,
1261 2622 1293 2669 ut

190 2775 192 2778 .
229 2731 318 2787 potata
333 2725 482 2793 patraret,
510 2716 543 2772 M
566 2725 595 2773 et
615 2717 655 2779 D.
707 2716 742 2773 In
772 2724 926 2790 utrumque
948 2734 1007 2773 non
1029 2717 1115 2774 fidem
1140 2718 1227 2775 modo
1250 2735 1291 2789 se,
1315 2722 1356 2775 7.

188 2835 193 2886 ς
233 2820 278 2876 aed
306 2822 423 2880 obsides
446 2839 568 2896 quoque
594 2822 666 2879 dare
691 2828 827 2896 paratum
857 2838 922 2879 ease
944 2821 1124 2885 ostendebat.
1168 2823 1333 2881 Perseuafl

191 2987 194 2988 ⁷
234 2922 348 2983 adrem
371 2926 566 2983 inchoandam
589 2927 822 3002 promptissimus
847 2936 924 2998 erat,
948 2936 1069 3002 cogente
1091 2936 1184 2999 metu,
1206 2936 1235 2985 et
1258 2930 1295 2985 de

188 3063 194 3096 3
234 3028 377 3089 obsidibus
399 3031 575 3106 accipiendis
599 3032 662 3089 aine
685 3031 824 3089 dilatione
846 3033 970 3107 agebat,
998 3042 1245 3107 conveneratque,
1263 3042 1297 3090 ut

236 3136 340 3211 accepti
362 3134 480 3194 Cretam
501 3115 701 3193 mitterentur.
735 3136 796 3196 Ubi
819 3136 856 3194 ad
880 3138 1009 3212 pecuniae
1030 3135 1205 3195 mentionem
1226 3153 1296 3192 ven·
1319 3139 1336 3195 9

236 3244 291 3297 turn
312 3250 386 3312 erat,
407 3242 448 3299 ibi
471 3242 634 3313 hesitabat,
656 3249 685 3297 et
706 3240 806 3316 utique
832 3241 954 3299 alteram
979 3242 1051 3299 tanti
1072 3237 1197 3296 nominis
1218 3238 1297 3313 regi-

238 3454 464 3468 Q—-ss-

239 3591 292 3655 ll,l
300 3598 404 3659 quidam
417 3594 547 3658 xxv‚1,1
557 3610 614 3645 eum
624 3596 746 3645 inuadere
755 3596 1042 3656 animoForchhammer,
1049 3592 1207 3657 Em.573(in
1214 3596 1299 3645 animo

240 3680 282 3729 mm
291 3680 383 3748 Siqua,
390 3684 477 3731 iuvare
485 3683 556 3731 aiam
562 3682 699 3745 Dobreua.)
718 3688 815 3731 derant
823 3697 901 3750 qnam
911 3685 1024 3746 ipsorum
1033 3681 1087 3746 Mq.
1095 3680 1151 3731 Em.
1159 3678 1224 3731 573.
1235 3681 1263 3731 F
1261 3698 1301 3731 or·

189 3830 192 3858 :
241 3792 297 3835 totae
306 3784 452 3849 scribendam
463 3785 545 3835 chum:
564 3800 616 3833 non
626 3791 733 3844 tantum,
751 3786 812 3849 quia
846 3784 872 3845 2,
885 3785 986 3836 auictia
1003 3785 1155 3834 eumenebat
1170 3784 1175 3848 Ι
1190 3762 1301 3835 tuiauma

189 3899 194 3940 2
239 3869 264 3929 3,
284 3878 295 3921 1
315 3874 393 3923 luerit
410 3873 532 3921 cernebat
550 3870 605 3935 My.
625 3870 681 3921 Em.
701 3868 757 3919 574
780 3873 785 3933 Ι
808 3885 884 3935 poree
939 3872 1000 3920 tin
1019 3872 1086 3920 diam
1102 3872 1106 3934 1
1122 3872 1239 3935 proprior
1256 3872 1303 3920 ad·

242 3967 355 4008 monetur
389 3958 415 4018 4,
430 3964 440 4006 l
454 3959 507 4021 spei
533 3956 558 4015 5,
569 3963 584 4005 3
594 3958 728 4006 uenditare
737 3958 926 4007 conciliandam
935 3959 1044 4019 gratiam
1062 3964 1078 4005 4
1092 3957 1163 4021 eupit
1175 3955 1304 4021 (Ostendit

242 4063 326 4123 magia.
338 4061 406 4112 Num
413 4061 532 4123 magnii)
560 4060 585 4119 6,
596 4066 607 4108 l
617 4042 668 4123 neq
676 4060 776 4109 iuuaret
793 4062 890 4125 2pacia
901 4062 1042 4125 patriamde
1061 4062 1219 4111 aintereaaet
1227 4074 1268 4109 co.
1280 4067 1306 4109 et

242 4159 265 4194 a.
284 4147 410 4198 Lucanum
433 4148 526 4196 notovit
551 4156 576 4195 et,
595 4163 625 4195 aa
641 4147 708 4210 App.
728 4145 829 4197 Maced.
854 4147 890 4197 18
911 4146 1013 4212 caplem't
1033 4146 1107 4197 Groa.
1126 4138 1215 4209 (verbale
1230 4145 1306 4211 poulo

242 4230 314 4294 aliia).
363 4233 388 4293 7,
410 4240 420 4283 l
448 4234 476 4281 in
499 4241 610 4297 utroque
635 4231 710 4283 Gron.
756 4233 782 4291 9,
802 4240 817 4281 2
836 4235 943 4283 alteram
967 4236 993 4283 in
1018 4234 1082 4283 tanti
1104 4232 1161 4298 My.
1179 4232 1234 4282 Em.
1252 4232 1308 4282 574

248 4315 333 4382 lregia

271 4414 342 4462 lelua
356 4427 384 4457 ex
397 4426 439 4456 reo.
453 4414 563 4463 Hadvlell.
593 4414 642 4454 Vll.
755 4409 757 4412 ’
1078 4416 1109 4459 12
