3475 5084
617 475 674 523 Lib.
693 474 928 524 XLII-XLVIII.
1221 479 1253 531 41

242 671 337 721 Corsos
367 682 392 721 et
418 671 554 722 Lusitanos
584 674 654 721 vario
687 683 777 721 eventu
807 683 893 735 gestas
923 682 947 721 et
976 679 1061 721 motus
1088 671 1168 735 Syrie
1202 679 1302 719 mortuo

241 764 380 821 Antiocho,
402 765 444 827 qui
462 763 543 813 filium
559 766 714 814 Antiochum
734 782 838 830 puerum
858 767 996 813 admodum
1017 764 1161 826 reliquerat,
1180 764 1299 812 continet.

243 855 316 903 Hunc
336 858 495 906 Antiochum
521 872 626 920 puerum
654 873 711 905 cum
729 858 807 919 Lysia
827 835 916 907 'tutore
939 859 1082 908 Demetrius
1101 857 1200 907 Seleuci
1225 855 1299 913 filius,

241 950 283 1012 qni
308 949 398 997 Roma
429 949 503 998 obses
535 948 631 1007 fuerat,
666 951 745 1008 clam,
775 951 834 1012 quia
858 965 910 999 non
935 950 1111 999 dimittebatur
1134 950 1299 1009 aRomanIs,

237 1043 356 1105 prosaque
374 1043 502 1089 interemit
524 1044 623 1105 etipse
648 1043 674 1089 in
698 1029 804 1103 regnum
823 1052 940 1107 receptus
958 1052 1000 1095 est.
1035 1043 1065 1092 L.
1084 1041 1191 1090 AEmilio
1210 1040 1299 1100 Paulo,

239 1134 280 1195 qui
300 1133 398 1181 Persen
416 1134 520 1191 vicerat,
539 1144 647 1193 mortuo,
671 1136 742 1183 cuius
761 1141 833 1182 tanta
851 1137 1007 1185 abstinentia
1024 1134 1081 1194 suit,
1107 1143 1141 1192 ut,
1171 1149 1249 1195 quum
1268 1150 1300 1181 ex

238 1226 365 1287 Hispania
384 1234 409 1272 et
430 1240 463 1273 ex
481 1212 633 1275 Macedonia
657 1228 795 1277 immensas
815 1243 876 1290 opes
902 1230 1042 1289 retulisset,
1067 1228 1109 1275 vix
1133 1242 1164 1275 ex
1183 1227 1299 1274 auctione

239 1318 291 1365 eius
317 1319 451 1365 redactum
479 1320 525 1376 sit,
559 1320 626 1367 unde
653 1320 726 1367 uxori
754 1320 807 1366 cius
831 1322 877 1368 dos
900 1321 1119 1378 solveremus..
1156 1319 1299 1381 Pomptina

237 1410 344 1472 paludes
364 1425 380 1457 a
402 1410 521 1459 Cornelio
542 1410 656 1473 Cethego
682 1426 750 1470 coa,
775 1412 815 1459 eui
839 1426 870 1459 ea
894 1414 1022 1475 provincie
1041 1420 1173 1475 evenerat,
1200 1412 1299 1459 siccatoe

237 1516 348 1566 agerque
369 1502 452 1551 exiis
470 1503 562 1552 faetus.

636 1664 684 1714 EX
703 1664 768 1714 LIB.
792 1664 901 1714 XLVII.

305 1778 354 1828 Cn.
376 1778 517 1827 Tremellio
535 1794 572 1841 pr.
592 1779 671 1827 multa
690 1781 758 1828 dicta
779 1791 830 1841 cst,
855 1781 922 1844 qnod
949 1793 1004 1827 cum
1024 1778 1060 1827 M.
1076 1778 1182 1827 AEmilio
1202 1778 1299 1842 Lepido

235 1873 357 1937 pontifice
375 1871 488 1920 maximo
504 1871 624 1919 iniuriose
639 1874 810 1932 contenderet,
828 1885 1010 1934 sacrorumque
1021 1885 1096 1933 quam
1107 1874 1297 1933 magistratuum

236 1969 274 2015 ius
301 1965 433 2029 potentius
459 1963 515 2012 luit.
571 1964 626 2011 Lex
651 1965 682 2013 de
705 1966 803 2013 ambitu
836 1967 896 2015 lata.
951 1964 1070 2013 Lustrum
1104 1979 1118 2011 a
1152 1966 1298 2015 censoribus

235 2059 370 2105 conditum
406 2064 457 2113 θείς
495 2070 571 2103 censa
604 2066 663 2104 sunt
695 2058 785 2105 civium
819 2060 902 2122 cupita
936 2059 1122 2109 CCCXXVIII
1156 2059 1297 2109 CCCXVI.

237 2151 360 2213 Princeps
386 2157 483 2196 sertulae
509 2157 606 2195 sextum
625 2148 746 2196 AEmilius
764 2150 886 2212 Lepidus.
933 2152 1003 2202 Inter
1020 2154 1173 2202 Ptolemaeos
1198 2150 1298 2209 iratres,

234 2247 278 2305 *qui
307 2242 481 2299 dissidebant,
513 2240 596 2288 soedus
622 2242 715 2299 ictum,
749 2252 778 2289 ut
802 2243 867 2290 alter
893 2245 917 2292 ia
939 2245 1065 2309 AEgypto,
1104 2246 1167 2293 alter
1193 2242 1299 2306 CyrenIs

238 2344 363 2397 regnaret.
403 2332 554 2406 Ariarathes
574 2332 740 2395 Cappadocia.
764 2349 810 2383 rex
827 2336 933 2385 consilio
952 2336 1074 2385 Demetrii
1093 2336 1171 2399 Syriae
1189 2337 1256 2398 regis
1275 2346 1299 2384 et

238 2429 332 2476 viribus
351 2426 442 2490 pulsus
461 2440 540 2487 regno
559 2441 574 2473 a
593 2435 682 2473 senatu
702 2427 832 2475 restitutus
851 2437 896 2477 est.
935 2430 1008 2478 Missi
1021 2444 1036 2477 a
1051 2438 1150 2492 senatu,
1170 2431 1212 2491 qui
1233 2430 1299 2477 inter

238 2522 403 2569 Masinissam
432 2528 457 2565 et
469 2517 701 2579 Carthaginienses
728 2520 760 2565 de
786 2534 848 2581 agro
875 2521 1024 2569 iudicarent.
1063 2519 1093 2571 C.
1112 2524 1224 2571 Marcius
1246 2537 1296 2572 eos.

236 2615 358 2663 adversus
378 2612 514 2661 Dalmatas
532 2611 640 2673 primum
660 2626 749 2673 parum
769 2627 901 2675 prospere,
928 2622 1015 2677 postea
1038 2612 1147 2663 felicitei
1170 2616 1298 2679 pugnavit,

239 2722 293 2755 cum
314 2707 411 2770 quihus
432 2704 502 2759 bello
521 2702 673 2764 confligendi
698 2717 774 2752 eausa
798 2704 859 2763 luit,
888 2708 955 2768 quod
975 2707 1075 2770 Illyrios
1102 2708 1184 2756 socios
1211 2707 1298 2772 populi

238 2800 350 2847 Romani
370 2805 543 2854 vastaverant;
562 2796 719 2859 eandemque
738 2798 992 2863 gentemgCornelius
1005 2799 1100 2849 Nasica
1119 2816 1170 2850 eos.
1191 2800 1297 2849 domuit.

237 2890 269 2949 Q.
295 2890 415 2955 Opimius
446 2904 497 2937 eos.
528 2888 710 2952 Transalpinos
734 2888 856 2951 Ligures,
894 2893 937 2955 qui
965 2893 1166 2942 Massiliensium
1205 2893 1299 2956 oppida

238 2985 383 3047 Antipolim
403 2989 429 3029 et
446 2980 559 3044 Nicaeam
579 2982 719 3041 vastabant,
738 2983 846 3042 subegit.
882 2983 1008 3031 Praeterea
1032 3000 1073 3034 res
1096 2986 1121 3033 in
1141 2984 1265 3047 Hispania
1284 2999 1298 3031 a

237 3076 412 3140 compluribus
430 3088 518 3136 parum
536 3086 658 3137 prospere
676 3082 762 3136 gestas
781 3077 900 3125 continet.
939 3074 1064 3125 Consules
1087 3091 1155 3125 anno
1174 3077 1299 3139 quingen·

239 3170 328 3217 tesimo
348 3167 516 3227 nonagesimo
535 3174 624 3213 octavo
643 3165 676 3212 ab
690 3168 758 3218 urbe
777 3169 880 3215 condita
897 3170 1073 3228 magistratum
1093 3167 1153 3217 Kal.
1175 3167 1299 3217 Ianuariis

238 3261 300 3309 inire
320 3265 461 3324 coeperunt.
498 3258 615 3305 Mutandi
636 3260 738 3307 comitia
757 3274 834 3307 eausa
852 3261 909 3321 fnit,
929 3263 996 3323 quod
1008 3262 1113 3325 HIspani
1130 3262 1297 3310 rebellabant.

239 3354 328 3415 Legati
360 3352 392 3399 ad
418 3351 610 3413 disceptandum
639 3351 704 3398 Inter
732 3336 958 3413 Carthaginienses
990 3364 1015 3401 et
1039 3342 1200 3403 Masinissam
1229 3354 1298 3403 missi

238 3448 433 3503 nuntiaverunt,
476 3444 524 3489 vtm
559 3442 656 3491 navalis
692 3446 802 3491 materia
837 3460 863 3493 se
898 3444 1053 3507 Carthagine
1093 3446 1297 3508 deprehendisse.

239 3538 347 3601 Aliquot
365 3544 486 3600 pretores
510 3535 679 3598 aprovinciis
705 3537 815 3584 avaritia
834 3537 936 3585 nomine
970 3540 1081 3587 accusati
1099 3540 1211 3588 damuati
1232 3550 1297 3587 sunt.

592 3770 594 3774 y
630 3694 679 3744 EX
697 3696 764 3744 LIB.
783 3697 907 3747 XLVIII.

309 3813 433 3862 Lustrum
464 3828 479 3860 a
506 3812 654 3860 censoribus
678 3812 806 3859 eonditum
833 3820 885 3871 est;
914 3827 990 3862 censa
1015 3823 1073 3863 suut
1096 3817 1186 3865 civium
1217 3820 1299 3881 eapite

238 3890 410 3955 CCC—XXIV.
449 3905 553 3957 Semina
577 3904 644 3952 tertii
670 3903 731 3950 belli
751 3902 841 3950 Punici
866 3905 1017 3956 reseruntur.
1057 3906 1141 3967 Quum
1163 3909 1300 3959 infinibus

239 3994 488 4061 Carthaginiensium
527 3998 620 4058 iugens
654 3994 820 4044 Numidarum
859 4000 984 4048 exereitus
1019 3999 1083 4047 duce
1119 4003 1299 4051 Arcobarzane

240 4090 367 4155 Syphacis
392 4098 485 4156 nepote
510 4090 636 4138 diceretur
656 4102 723 4149 esse,
751 4088 787 4138 M.
806 4090 914 4139 Porcius
934 4089 998 4139 Ceto
1022 4095 1113 4152 suasit,
1145 4102 1172 4141 ut
1193 4094 1299 4143 Cartha·

240 4184 407 4244 giniensibus,
426 4184 469 4245 qni
484 4182 626 4230 exereitum
642 4184 724 4245 speeie
738 4191 826 4231 contra
837 4184 1008 4247 Masinissam,
1027 4199 1053 4233 re
1066 4196 1154 4233 contra
1168 4186 1299 4235 Romanos

240 4278 348 4325 accitum
375 4277 401 4324 in
425 4274 519 4324 linibus
550 4274 686 4337 haberent,
719 4275 812 4323 bellum
841 4277 1002 4326 indiceretur.
1048 4275 1244 4329 Contradieeute
1270 4279 1299 4329 P.
