3475 5084
576 543 656 592 Liber
672 541 743 592 XLI.
780 542 827 606 (A.
847 541 909 594 cnr,
932 539 1003 609 its.)
1268 551 1285 604 b

345 727 438 783 Forte
468 727 512 784 ita
546 729 656 799 evenit,
689 737 722 786 ut
748 727 803 785 Cn.
836 738 866 786 et
888 729 922 786 L.
949 725 1069 787 Gavillii
1093 728 1211 786 Novelli
1233 730 1329 804 Aqui·
1391 716 1412 792 b

258 827 392 899 leienses,
414 849 479 889 eum
499 844 664 891 commeatu
679 833 837 900 venientes,
858 833 954 907 ignari
972 851 1064 908 prope
1079 832 1109 890 iu
1127 843 1214 908 capta
1230 843 1329 892 eastra

259 935 299 991 ab
320 935 432 992 Histris
455 937 624 997 inciderent.
657 939 683 996 li
700 956 765 995 oum
784 936 962 1010 Aquileiam,
984 913 1090 994 relictis
1107 938 1329 1012 impedimentis,
1351 935 1369 993 2

257 1037 446 1114 refugissent,
468 1043 568 1099 omnia
588 1053 699 1100 terrore
717 1061 752 1100 ae
771 1042 895 1100 tumultu
913 1061 971 1099 non
994 1041 1137 1116 Aquileiae
1159 1043 1256 1113 modo,
1277 1043 1329 1101 sed

257 1144 364 1201 Romm
385 1164 502 1221 quoque
520 1156 588 1222 post
611 1165 721 1222 paucos
742 1149 805 1205 dies
829 1148 1036 1224 impleverunt,
1073 1164 1132 1219 quo
1161 1166 1218 1203 nen
1241 1147 1368 1223 cantab

257 1256 374 1307 tantum
396 1262 494 1309 eastra
509 1253 547 1309 ab
565 1253 697 1310 hostibus
719 1272 774 1310 neo
794 1253 874 1327 fuga,
896 1270 961 1327 quae
982 1269 1054 1308 vera
1068 1261 1160 1322 erant,
1181 1253 1242 1322 sed,
1261 1271 1327 1328 per·

257 1354 337 1412 ditas
357 1375 406 1413 res
427 1357 612 1432 deletumque
632 1359 790 1415 exereitum
813 1376 945 1428 omnem,
967 1357 1095 1414 adlatum
1119 1367 1171 1417 est.
1214 1359 1329 1432 Itaque,
1350 1362 1368 1417 4

259 1461 340 1532 quod
361 1459 392 1517 in
413 1463 538 1518 tumultu
552 1463 614 1519 fieri
632 1463 724 1534 solet,
744 1463 866 1520 dilectus
883 1472 967 1518 extra
988 1462 1117 1518 ordinem
1138 1480 1197 1518 nou
1212 1461 1240 1518 in
1256 1463 1329 1520 urbe

257 1571 389 1636 tantum,
418 1567 471 1623 sed
495 1577 559 1624 tota
582 1569 670 1625 Italia
691 1569 799 1625 indicti.
841 1568 917 1624 Dum
940 1567 1067 1641 legiones
1091 1566 1195 1622 nivium
1219 1569 1328 1624 Roma·

257 1685 365 1726 norum
406 1673 578 1747 conscriptas
612 1682 642 1729 et
672 1675 703 1730 X
732 1673 823 1730 millia
853 1672 982 1747 peditum
1020 1689 1085 1728 oum
1120 1672 1264 1745 equitibus
1298 1673 1326 1730 D

257 1774 348 1831 soriis
383 1776 508 1832 nominis
540 1777 637 1833 Latini
664 1778 817 1852 imperata.
876 1778 917 1834 M.
944 1777 1045 1834 Iunius
1075 1777 1176 1834 consul
1205 1776 1329 1835 transire
1352 1783 1368 1836 5

256 1878 288 1935 in
311 1879 442 1938 Galliam
466 1889 495 1936 et
522 1882 560 1938 ab
581 1881 747 1939 civitatibus
769 1882 926 1957 provineiae
948 1883 1023 1951 eius,
1044 1893 1182 1956 quantum
1206 1901 1327 1957 quaeque

257 1993 369 2058 posset,
388 1985 512 2042 militnm
533 1987 650 2061 exigere
670 1988 775 2044 iussus.
818 1987 913 2046 Simul
934 1988 1095 2056 decretum,
1116 1998 1148 2044 ut
1169 1988 1216 2044 Ti.
1239 1986 1327 2045 Clan-
1351 1992 1369 2048 6

257 2089 325 2146 dius
346 2087 455 2165 piaetor
476 2091 614 2148 militibus
634 2092 757 2168 legionis
775 2103 887 2168 quertae
909 2103 937 2148 et
958 2093 1067 2149 socium
1088 2093 1185 2150 Latini
1203 2092 1328 2150 nominis

257 2196 288 2253 V
301 2195 428 2264 milibus,
443 2197 588 2270 equitibus
599 2196 687 2267 CCL,
702 2199 787 2255 Pisas
804 2209 835 2255 ut
850 2198 1046 2267 convenirent,
1057 2197 1190 2266 ediceret,
1206 2215 1330 2272 eamque

257 2301 457 2374 provinciam,
484 2302 553 2358 dnm
576 2303 678 2360 consul
704 2303 771 2360 inde
800 2305 929 2370 abesset,
949 2311 1104 2373 tutaretur3
1138 2303 1178 2359 M.
1201 2303 1328 2360 Titinius
1351 2302 1367 2355 t

258 2417 368 2481 praetor
388 2405 533 2480 legionem
554 2408 694 2482 primam,
720 2425 820 2482 parem
851 2425 1002 2464 numerum
1033 2407 1176 2488 sociorum
1199 2408 1327 2482 peditum
1358 2389 1361 2396 ¹

259 2511 449 2585 equitumque
466 2512 630 2569 Ariminum
650 2513 806 2568 convenire
823 2511 944 2568 iuberet.
975 2511 1056 2568 Nero
1076 2510 1230 2587 paludatus
1242 2511 1328 2568 Pisas
1352 2508 1370 2565 8

256 2615 289 2672 in
310 2616 492 2691 provinciam
511 2627 555 2672 est
570 2615 734 2691 proiectum
756 2614 893 2684 Titinius,
910 2613 945 2675 C.
957 2614 1060 2673 Cassio
1076 2615 1192 2671 tribuno
1207 2615 1328 2672 militum

258 2721 438 2791 Ariminum,
457 2722 506 2794 qni
526 2733 663 2796 praesset
682 2721 799 2796 legioni,
823 2720 922 2790 misso,
944 2720 1079 2776 dilectum
1098 2721 1199 2776 Romae
1217 2722 1328 2783 habuit.

259 2826 302 2882 M.
324 2826 427 2882 Iunius
448 2825 565 2894 consul,
586 2844 623 2882 ex
645 2825 802 2900 Liguribus
822 2825 852 2880 in
876 2824 1056 2901 provinciam
1080 2823 1209 2882 Galliam
1234 2837 1328 2884 trans·
1351 2831 1369 2885 9

258 2948 394 3006 gressus,
430 2931 547 2988 auxiliis
585 2931 718 3006 protinus
752 2948 805 3004 per
833 2931 967 2987 civitates
998 2927 1104 2987 Gallim
1134 2931 1329 3006 militibusque

259 3036 383 3093 coloniis
417 3036 583 3111 imperatis,
618 3036 786 3110 Aquileiam
818 3033 959 3110 pervenit.
1016 3034 1062 3091 lbi
1092 3037 1198 3093 certior
1225 3036 1329 3108 faetus,
1356 3041 1391 3096 10

260 3142 420 3199 exereitum
439 3142 612 3199 ineolumem
629 3160 701 3211 esse,
722 3141 837 3216 seriptis
857 3140 960 3196 litteris
976 3141 1112 3210 Romam,
1134 3159 1170 3196 ne
1191 3140 1329 3197 tumultu·

259 3257 395 3317 arentur,
427 3247 505 3322 ipse,
534 3246 662 3304 remissis
683 3246 816 3317 auxiliis,
843 3263 908 3319 quae
931 3243 1026 3302 Gallis
1047 3244 1259 3318 imperaverat,
1291 3245 1329 3301 ad

259 3353 404 3428 collegam
429 3360 474 3409 est
501 3350 658 3425 proiectus.
705 3353 808 3408 Roma
836 3367 945 3424 magna
972 3369 1009 3407 ex
1036 3350 1209 3424 necopinato
1231 3349 1331 3410 loetitia
1356 3349 1389 3404 ll

259 3455 331 3525 init3
359 3455 482 3513 dilectus
500 3456 624 3513 omissus
641 3464 693 3525 est,
711 3454 902 3524 exauctorati,
922 3453 971 3528 qui
987 3465 1168 3511 sacramento
1188 3454 1331 3528 dixerunt,

260 3570 290 3617 et
312 3560 466 3629 exereitus,
489 3562 538 3636 qui
555 3561 680 3619 Arimini
702 3560 866 3634 pestilentia
886 3557 1008 3616 affectus
1030 3569 1108 3627 erat,
1137 3559 1255 3616 domum
1287 3561 1331 3617 di·

260 3666 378 3726 missus.
410 3665 513 3735 Histri,
535 3665 649 3740 magnis
666 3666 758 3740 oopiis
776 3683 840 3722 cnm
862 3678 961 3722 eastra
982 3663 1060 3720 haud
1081 3663 1183 3738 procul
1204 3665 1331 3722 consulis
1357 3655 1393 3712 ¹2

261 3771 365 3829 eastris
394 3770 552 3839 haberent,
584 3779 739 3845 postquam
774 3771 894 3826 alterum
928 3767 1073 3824 consulem
1108 3785 1173 3826 oum
1202 3771 1330 3827 exercitu

260 3893 340 3932 novo
357 3873 511 3932 advenisse
527 3876 689 3943 audierunt,
705 3875 814 3950 passim
832 3875 861 3931 in
879 3873 1009 3930 civitates
1027 3872 1132 3948 dilapsi
1142 3882 1219 3933 sunt.
1252 3873 1330 3931 Con·

261 3979 340 4036 sulas
362 3978 529 4052 Aquileiam
549 3980 578 4036 in
600 3980 721 4037 hiberna
742 3980 872 4055 legiones
892 3979 1078 4035 reduxerunt.

262 4236 297 4296 V,
316 4235 343 4297 l,
364 4242 376 4285 l
397 4234 513 4296 Gavillii,
530 4235 628 4284 novelli
647 4234 759 4285 Nabbuir
777 4234 841 4285 Hirt.
855 4233 929 4284 Rom.
943 4231 978 4282 II
985 4250 1008 4281 n.
1027 4230 1090 4282 595.
1118 4231 1144 4291 3,
1159 4237 1240 4280 terat
1253 4229 1329 4281 Gran.

264 4322 289 4381 6,
311 4327 322 4371 l
345 4323 375 4372 Τ.
396 4319 482 4388 Sigon.
519 4324 669 4385 bequitum
691 4320 766 4372 Gron.
803 4320 829 4381 9,
849 4326 864 4369 ³
885 4321 983 4369 oolouis
1000 4318 1105 4368 Douiot.
