3475 5084
645 610 704 659 ars.
723 609 831 658 11-1v.
1193 616 1227 671 17

214 815 332 870 praterea
349 816 429 871 pestus
445 808 568 856 adversus
589 806 698 856 Volscos
722 814 748 855 et
766 807 891 857 Hernicos
910 815 936 858 et
954 809 1076 858 Veientes
1094 817 1119 857 et
1137 810 1273 860 seditiones

214 899 276 947 inter
293 905 380 963 patres
397 898 550 964 plebemque
570 900 691 949 continet.

645 1063 695 1112 EX
712 1062 779 1111 LIB.
798 1061 846 1111 ΠΙ.

279 1175 428 1225 Seditiones
447 1177 479 1224 de
498 1177 605 1239 agrariis
628 1177 729 1239 legibus
751 1175 830 1225 fuere.
871 1174 1024 1238 Capitolium
1043 1178 1075 1225 ab
1095 1178 1225 1229 exsulibus
1248 1188 1274 1228 et

215 1269 289 1317 servis
319 1278 473 1332 occupatum
503 1270 575 1319 etesia
604 1270 644 1319 bis
674 1278 804 1333 receptum
834 1278 881 1317 est.
933 1267 1032 1319 Census
1061 1270 1100 1319 bis
1127 1278 1200 1319 actus
1227 1279 1273 1320 est.

215 1362 299 1409 Priore
311 1362 393 1411 lustro
407 1376 484 1411 censa
501 1362 670 1411 eunt.civium
691 1363 775 1426 capita
793 1361 815 1411 Ο
830 1357 1019 1425 v111millia¹)
1036 1361 1171 1413 Dccx1v
1182 1370 1274 1427 prater

215 1454 287 1502 orbos
306 1454 443 1516 orbaeque,
472 1454 587 1518 sequenti
613 1451 716 1503 CXVII
744 1454 824 1502 millia
842 1448 996 1517 ccxliv)
1045 1453 1127 1514 Quum
1154 1456 1274 1505 adversus

214 1547 311 1609 AEquos
331 1546 399 1595 male
417 1555 490 1608 gesta
508 1561 548 1596 res
564 1555 647 1606 esset,
664 1547 695 1597 L.
716 1545 850 1606 Quinctius
868 1546 1034 1596 Cincinnatus
1053 1548 1163 1596 dictator
1180 1547 1272 1608 iectus,

216 1655 288 1701 quum
300 1654 361 1689 rure
373 1640 488 1687 intentus
500 1640 570 1703 operi
583 1640 678 1689 rustico
691 1650 766 1699 esset,
785 1641 817 1689 ad
833 1640 858 1688 id
874 1639 969 1687 bellum
986 1641 1123 1701 gerendum
1137 1642 1274 1691 arcessitus

216 1741 256 1781 est
289 1733 316 1781 Is
340 1733 422 1781 victos
446 1732 531 1781 hostes
556 1733 603 1781 snb
627 1734 713 1795 iugum
739 1733 815 1781 misit.
854 1733 1024 1781 Tribuuorum
1047 1732 1130 1796 plebis
1154 1748 1274 1783 numerus

217 1825 348 1888 ampliatus
367 1832 414 1884 est,
433 1832 461 1873 ut
479 1833 564 1874 essent
583 1825 677 1883 decem,
701 1826 830 1875 tricesimo
848 1836 922 1873 sexto
941 1840 1008 1873 euno
1026 1841 1042 1873 a
1058 1827 1146 1889 priuris
1165 1826 1274 1876 tribunis

216 1918 301 1978 plebis.
337 1919 430 1968 Petitis
447 1934 493 1981 per
510 1918 609 1980 legatos
635 1927 661 1967 et
679 1919 764 1967 allatis
784 1919 879 1968 sericis
897 1920 1003 1980 legibus,
1029 1920 1062 1966 ad
1081 1920 1272 1968 constituendas

199 2059 200 2062 ,
217 2025 255 2059 ees
264 2013 495 2077 proponendasque
505 2012 639 2061 decemviri
652 2027 699 2076 pro
712 2012 860 2060 consulibus
874 2012 929 2059 sine
942 2010 1001 2059 ullis
1013 2010 1070 2059 aliie
1084 2012 1275 2073 magistratibus

199 2106 290 2152 ¹⁴creati
308 2106 392 2153 altero
410 2113 436 2152 et
454 2105 634 2154 trecentesimo
653 2120 733 2165 anno,
759 2119 835 2167 quem
854 2106 937 2153 Rome
956 2104 1143 2162 conduceret,
1170 2112 1196 2153 et
1214 2112 1242 2153 ut
1260 2119 1276 2152 a

200 2217 205 2224 ι
217 2197 315 2256 regibus
328 2198 362 2245 ad
375 2198 503 2255 consules,
518 2198 555 2245 ita
567 2212 582 2245 a
594 2198 741 2247 consulibus
754 2198 786 2245 ed
800 2198 954 2245 decemviros
967 2196 1100 2259 imperium
1113 2196 1274 2245 translatum.

199 2315 204 2342 3
217 2286 255 2347 Hi,
268 2290 356 2337 decem
371 2289 464 2338 tabulis
477 2289 565 2351 legum
578 2290 676 2352 positis,
690 2304 766 2353 quum
777 2290 893 2337 modeste
907 2303 933 2337 se
943 2289 969 2335 in
983 2303 1013 2336 eo
1025 2288 1122 2336 honoro
1137 2287 1275 2349 gessissent

200 2409 206 2433 3
218 2388 240 2425 et
257 2381 289 2428 ob
307 2382 334 2428 id
353 2381 381 2428 ln
399 2382 505 2430 alterum
525 2397 626 2445 quoque
640 2397 734 2429 annum
748 2382 855 2429 cundem
869 2393 925 2427 esse
938 2379 1115 2440 magistratum
1127 2380 1274 2443 placuisset,
1334 2427 1336 2435 ,

198 2499 205 2510 a
217 2472 312 2522 duabus
330 2472 425 2523 tabulis
444 2476 476 2523 ad
496 2475 583 2522 decem
602 2475 715 2532 adiectis,
734 2488 811 2536 quum
831 2472 963 2536 complura
984 2473 1136 2535 impotenter
1146 2471 1274 2531 fecissent,

198 2596 204 2625 :
219 2568 394 2627 magistratum
410 2566 547 2614 noluerunt
560 2568 685 2630 deponere
699 2568 762 2614 etin
774 2565 878 2614 tertium
897 2580 992 2615 annum
1011 2568 1175 2623 retinuerunt,
1194 2566 1276 2615 donec

199 2656 299 2706 ¹inviso
313 2674 402 2707 eorum
422 2658 529 2722 imperio
547 2659 623 2708 finem
645 2659 731 2709 attulit
749 2659 829 2707 libido
849 2659 916 2720 App.
938 2657 1046 2705 Claudii.
1087 2655 1135 2716 Qui
1154 2672 1230 2720 quum
1251 2658 1277 2705 in

200 2791 206 2809 ‚·
219 2765 325 2799 amorem
348 2750 479 2812 Verginiae
496 2752 601 2813 virginis
619 2753 758 2811 incidisset,
777 2751 926 2809 summisso,
949 2751 991 2813 qui
1011 2764 1067 2798 eum
1085 2749 1112 2798 in
1132 2750 1278 2799 servitutem

199 2852 325 2908 peteret,
356 2844 533 2892 necessitatem
551 2843 618 2907 patri
636 2845 689 2893 cius
708 2845 834 2907 Verginio
852 2844 987 2908 imposuit,
1015 2850 1087 2906 rapto
1113 2857 1146 2890 ex
1174 2843 1280 2891 taberna

198 2938 334 2997 pproxima
353 2936 443 2994 cultro,
466 2935 544 2983 filiam
565 2937 711 3001 occidendi,
736 2952 813 3000 quum
833 2938 907 2985 aliter
926 2934 992 2985 effici
1011 2950 1062 2984 non
1080 2942 1180 2998 posset,
1202 2948 1235 2983 ue
1253 2936 1280 2983 ln

198 3046 209 3090 q
219 3036 371 3088 potestatem
390 3036 503 3091 stuprum
525 3028 621 3075 illaturi
638 3030 743 3075 veniret.
780 3028 837 3076 Hoc
854 3038 908 3077 tem
926 3042 1025 3090 megnae
1041 3027 1149 3075 luxun'ee
1163 3024 1280 3088 exemplo

198 3155 205 3159 >v
220 3119 287 3179 plebe
313 3121 444 3169 concitata
470 3130 585 3169 montem
613 3122 765 3169 Aventinum
795 3122 931 3186 occupavit
958 3121 1093 3183 coegitque
1122 3118 1280 3166 decemviros

202 3212 337 3276 3ebdi0are
370 3228 398 3261 ee
426 3216 589 3276 magistratu,
629 3228 662 3261 cx
695 3215 786 3275 quibus
814 3213 928 3277 Appius,
961 3213 1003 3274 qui
1031 3213 1156 3274 praecipue
1179 3224 1281 3274 poenam

198 3289 353 3366 j-mcruerat,
372 3307 398 3354 in
412 3321 540 3356 carcerem
560 3306 690 3354 coniectus
709 3314 755 3363 est,
778 3308 856 3353 ceteri
874 3306 900 3353 in
919 3305 1037 3354 exsilium
1056 3313 1114 3353 sunt
1133 3304 1189 3351 acti.
1231 3303 1283 3352 Res

200 3408 340 3464 praterea
359 3409 447 3448 contra
467 3398 576 3449 Sabinos
601 3407 627 3447 et
641 3397 753 3447 Volscos
774 3411 895 3460 prospere
913 3404 1000 3458 gestas
1019 3397 1131 3444 continet
1149 3402 1175 3444 et
1192 3409 1281 3458 perum

198 3523 215 3560 :2
222 3488 355 3540 honestum
374 3491 462 3555 populi
476 3492 587 3539 Romani
606 3491 736 3549 iudicium,
756 3492 797 3554 qui
816 3491 896 3537 iudex
913 3490 978 3537 inter
990 3490 1115 3537 Ardeates
1128 3495 1153 3536 et
1163 3487 1283 3537 Aricinos

198 3622 208 3654 ᾖ
224 3594 334 3648 sumptus
354 3598 452 3646 agrum,
476 3586 508 3633 de
526 3600 578 3648 quo
596 3584 783 3646 ambigebatur,
802 3583 850 3631 albi
868 3581 1033 3630 adiudicavit.

650 3780 700 3854 ax
718 3780 784 3828 nra.
803 3778 851 3827 1v.

197 3889 218 3930 ³³³*
292 3894 349 3943 Lex
369 3895 401 3944 (le
421 3896 550 3944 connubio
569 3903 670 3959 petrum
694 3901 720 3941 et
742 3891 823 3957 plebis
849 3891 990 3939 atribunis
1011 3891 1173 3940 contentione
1191 3906 1286 3954 magna

197 3989 214 4026 ,r
226 3986 337 4045 putribus
356 3990 559 4051 repugnantibus
578 3988 677 4053 perlate
701 3994 745 4035 est.
787 3987 893 4035 Tribuni
911 3980 1035 4048 plebis”.
1071 3984 1181 4046 Aliquot
1205 3998 1286 4033 annos

197 4085 207 4120 t
226 4089 266 4124 res
289 4079 378 4143 populi
400 4080 510 4131 Romani
537 4082 606 4130 domi
633 4079 780 4143 militiaeque
804 4094 850 4143 per
874 4078 923 4126 hoc
953 4092 1034 4139 genus
1057 4077 1218 4138 magistratus
1242 4077 1287 4125 sud-¹

227 4169 370 4220 ministrata
397 4182 465 4222 sunt.
513 4173 579 4223 Item
611 4186 729 4221 censores
766 4180 828 4220 tuuc
857 4172 966 4235 prImum
992 4170 1070 4219 creati
1097 4175 1164 4221 sunt.
1214 4168 1287 4232 Ager

240 4323 455 4337 “Qu—...-

282 4424 303 4472 1)
319 4425 369 4465 ew
381 4426 449 4465 mruu
462 4429 504 4468 nn.
520 4440 538 4467 ι.
552 4429 571 4466 e.
626 4425 648 4472 ¹)
664 4423 768 4479 eccm
781 4427 823 4465 tre,
839 4438 857 4466 ε.
874 4427 906 4464 er.

255 4510 327 4554 Lirim
340 4525 367 4555 ex
381 4525 422 4555 rec
437 4514 552 4563 llarlvigll.¹
578 4515 636 4555 vm.
