3475 5084
489 529 550 585 tto
760 526 839 575 Liber
855 524 940 575 xuv.
980 524 1029 587 (A.
1050 540 1074 574 u.
1095 538 1116 574 e.
1132 523 1207 587 ser.)

446 709 570 778 tinentia,
584 709 636 766 sed
651 709 805 785 disciplina
819 710 1014 785 institutisque
1029 709 1247 767 memorabilem
1271 704 1321 785 [eo
1335 704 1510 783 visendum}

408 822 425 875 5
448 816 524 873 unde
546 833 597 889 per
622 814 831 890 Megalopolim
853 815 1020 891 Olympiam
1050 814 1192 885 escendit,
1222 813 1274 871 ubi
1307 822 1336 869 et
1364 812 1419 870 elie
1451 810 1511 886 qui-

448 921 513 978 dem
535 920 694 994 spectanda
713 920 739 977 ei
760 920 844 990 viss3
866 921 967 979 Iovem
991 920 1070 977 velut
1091 928 1262 995 presentem
1278 920 1397 976 intuens
1418 926 1514 974 motus

447 1024 546 1082 enimo
568 1033 620 1081 est.
669 1026 791 1100 ltaque,
814 1025 894 1083 houd
915 1044 999 1083 secus
1022 1044 1110 1101 quem
1140 1023 1216 1081 siin
1238 1022 1387 1098 Capitolio
1413 1023 1515 1079 immo·

408 1130 559 1188 (ilaturus
580 1139 673 1199 esset,
701 1131 872 1187 sacrificium
905 1128 1029 1204 emplius
1051 1128 1138 1187 solito
1160 1128 1299 1203 apparari
1322 1128 1413 1186 iussit.
1473 1128 1518 1183 Its

448 1243 606 1310 peragrate
627 1233 759 1307 Grecis,
792 1244 824 1293 ut
844 1235 917 1293 nihil
938 1252 1054 1305 eorum,
1086 1252 1151 1309 quse
1173 1234 1298 1308 quisque
1320 1232 1422 1289 Persei
1443 1230 1517 1288 bello

448 1340 585 1416 privatim
607 1348 659 1395 sut
679 1340 795 1413 publice
816 1342 963 1410 sensisset,
984 1339 1152 1415 inquireret,
1174 1358 1211 1395 ue
1233 1338 1315 1395 euius
1340 1348 1419 1394 metu
1440 1338 1518 1393 solli·

449 1445 552 1503 citaret
575 1442 688 1501 animos
710 1444 875 1515 sociorum,
908 1444 1126 1501 Demetriadem
1149 1462 1214 1501 oum
1237 1452 1394 1518 repeteret,
1426 1443 1456 1499 in
1478 1442 1519 1499 iti-

409 1554 425 1607 i
450 1568 518 1607 uere
538 1548 690 1605 sordidato
714 1551 800 1607 turbe
820 1550 990 1608 AEtolorum
1014 1550 1155 1619 occurrit3
1188 1548 1367 1623 mirantique
1399 1559 1430 1605 et
1458 1566 1519 1623 per·

450 1654 610 1723 cunctsuti,
647 1654 717 1728 quid
739 1663 829 1724 esset,
861 1653 1000 1723 defertur,
1037 1655 1094 1711 DL
1115 1654 1260 1730 principes
1283 1654 1323 1711 eb
1346 1652 1475 1728 Lycisco
1496 1663 1520 1708 et

449 1760 590 1834 Tisippo,
614 1758 803 1816 circumsesso
825 1761 927 1816 senatu
950 1777 1003 1833 per
1025 1759 1129 1816 milites
1155 1760 1328 1828 Romanos,
1359 1758 1469 1813 missos
1489 1757 1521 1812 ab

450 1867 489 1924 A.
513 1864 614 1922 Baehio
633 1866 762 1939 profecto
782 1864 918 1939 presidii,
940 1863 1121 1934 interfectos,
1148 1864 1222 1921 elios
1243 1865 1273 1921 iu
1297 1863 1421 1920 exilium
1444 1872 1521 1919 actos

451 1987 530 2039 esse,
560 1970 695 2043 bonaque
716 1988 834 2039 eorum,
856 1969 906 2044 qui
926 1966 1070 2026 interiecti
1091 1978 1204 2038 essent,
1238 1977 1267 2025 et
1288 1968 1410 2025 exulum
1432 1967 1521 2042 possi·

410 2072 428 2130 8
452 2076 522 2132 deri.
570 2075 676 2145 Iussis,
699 2076 749 2150 qui
771 2076 985 2150 urguebantur,
1015 2072 1190 2149 Amphipoli
1211 2074 1329 2142 edesse,
1351 2072 1434 2147 ipse,
1458 2092 1522 2129 con-

450 2191 538 2237 vento
561 2179 614 2238 Cn.
637 2179 762 2238 Osterio
784 2181 983 2250 Demetriade,
1005 2190 1161 2256 postquem
1182 2178 1264 2235 feme
1285 2178 1415 2247 accidit,
1438 2178 1522 2234 treie-

451 2284 525 2343 cisse
546 2286 604 2342 iem
629 2299 712 2341 mure
735 2282 834 2339 decem
856 2283 981 2360 legatos,
1004 2267 1139 2343 omnibus
1164 2280 1229 2341 eliis
1244 2282 1370 2351 omissis,
1397 2283 1523 2358 Apollo·

410 2391 529 2448 liniam
558 2390 595 2447 sd
624 2408 676 2447 eos
702 2388 806 2463 pergit.
861 2390 929 2463 Quo
956 2409 1020 2448 cum
1051 2392 1177 2449 Perseus
1207 2388 1324 2447 obviem
1348 2388 1523 2463 Amphipoli

451 2496 531 2553 omni
551 2495 663 2553 solutus
692 2494 825 2552 custodis
850 2496 1040 2570 processisset
1072 2496 1113 2568 (id
1145 2494 1202 2552 diei
1230 2495 1285 2552 iter
1316 2493 1387 2567 est),
1427 2494 1522 2569 ipsum

452 2601 567 2675 quidem
589 2601 713 2673 benigue
734 2599 887 2657 adlocutus
911 2610 970 2670 est;
1004 2611 1149 2671 ceterum,
1172 2611 1329 2677 postquam
1363 2600 1393 2656 in
1428 2610 1525 2657 cestre

453 2705 491 2760 ed
513 2704 714 2779 Amphipolim
736 2706 832 2775 venit,
860 2706 990 2781 graviter
1019 2706 1198 2782 increpuisse
1219 2706 1344 2763 truditur
1367 2703 1402 2765 O.
1429 2705 1525 2781 Sulpi·
1554 2694 1555 2697 ¹

393 2806 429 2889 ill
453 2808 538 2878 cium,
560 2809 696 2883 primum,
718 2811 797 2884 quod
819 2813 930 2869 Perses
952 2821 1011 2867 tam
1035 2813 1137 2887 procul
1159 2831 1177 2868 a
1199 2828 1231 2869 se
1252 2810 1356 2886 vagari
1378 2830 1437 2885 per
1459 2830 1526 2885 pro·

452 2912 577 2971 vinciam
600 2930 704 2988 pessus
726 2925 818 2986 esset,
846 2914 958 2985 deinde,
989 2917 1068 2990 quod
1088 2914 1163 2974 adeo
1185 2916 1351 2973 indulsisset
1373 2915 1527 2983 militibus,

452 3027 485 3074 ut
505 3019 617 3075 nudare
648 3020 752 3094 tegulis
784 3038 885 3077 muros
917 3022 997 3079 urbis
1026 3021 1064 3078 sd
1096 3022 1221 3097 tegendo
1248 3020 1446 3078 hibernacula
1477 3040 1527 3077 sus

453 3238 686 3248 *-

455 3336 475 3403 2
490 3356 683 3405 memorabilem
703 3370 734 3405 eo
753 3355 881 3406 silentium
894 3354 949 3421 My.
963 3354 1020 3405 Em.
1034 3354 1090 3406 607
1106 3354 1196 3422 (ὕψη.
1216 3365 1307 3406 tuntum
1327 3359 1528 3409 memorabilem

451 3450 568 3505 putetque
593 3440 686 3491 Vahlen
709 3458 740 3491 er
756 3443 892 3507 repetitione
922 3442 987 3507 vecti
1014 3430 1231 3505 magnificeniiam
1255 3452 1332 3492 ortum
1356 3444 1528 3507 (mausileu-

454 3527 541 3589 tium.)
580 3526 694 3593 ttGryn.
714 3530 831 3578 escendit
865 3528 891 3590 5,
911 3534 925 3577 2
945 3528 1086 3593 tpeetends
1105 3538 1130 3579 et
1148 3532 1206 3579 uisu
1224 3531 1308 3579 iouem
1328 3530 1385 3594 My.
1397 3530 1460 3579 Em.
1474 3530 1529 3579 608

455 3611 544 3677 (ὄψι
565 3616 705 3677 spectando
724 3616 786 3674 tries,
806 3623 832 3665 et
848 3614 947 3676 Iovem)
983 3614 1009 3674 6,
1030 3622 1044 3663 2
1062 3612 1300 3679 perseegrstslant
1318 3616 1386 3665 nihil
1424 3619 1528 3681 speb-

348 3747 353 3763 ,
454 3700 511 3748 licre
526 3701 532 3761 Ι
547 3697 740 3749 Sotionemmu
757 3702 830 3751 euius
848 3700 956 3750 obtelmo
968 3700 1080 3765 positum,
1099 3718 1132 3751 an
1143 3701 1233 3751 excidit
1240 3700 1416 3753 mistontivum
1431 3712 1527 3767 (ptume

453 3785 493 3835 sel
507 3787 599 3847 meli)i
628 3788 829 3853 tunimoloum
843 3788 948 3836 reuertit
972 3784 1165 3851 Medusae
1200 3793 1215 3836 5
1235 3790 1311 3839 turbe
1332 3804 1366 3837 ue
1386 3790 1525 3840 aetolornm
1554 3788 1555 3863 l

454 3872 480 3932 7,
502 3879 512 3921 l
535 3874 693 3937 percunctati
729 3873 804 3923 tel.
822 3875 949 3938 principes
965 3874 971 3936 Ι
985 3874 1092 3937 lyciisoo
1128 3882 1174 3923 ts
1194 3875 1278 3924 baebio
1296 3876 1399 3939 prtesidi
1421 3875 1523 3941 Kreyss.
1554 3882 1555 3919 ὲ

454 3956 546 4024 (Gryu
565 3975 582 4007 s
599 3960 688 4007 Bobio
706 3959 830 4023 proetus)
848 3960 853 4022 Ι
869 3960 987 4008 exsilium
1005 3960 1031 4023 (l
1047 3958 1101 4021 sil.)
1139 3962 1304 4024 bpossidere
1323 3960 1428 4027 Kreyss.
1468 3963 1522 4020 8‚1

455 4045 603 4110 umpipolim
613 4044 708 4093 Duker.
728 4044 818 4110 (drys
836 4047 974 4109 possidere,
994 4046 1037 4108 qui
1056 4048 1208 4109 urguebunt.
1228 4047 1309 4099 Iustis
1330 4048 1524 4113 Amphipolim)
1554 4086 1555 4089 η

457 4130 461 4196 Ι
481 4140 610 4180 conuentu
645 4131 671 4189 9,
693 4136 703 4179 1
725 4132 829 4180 obuium
847 4133 995 4196 empipolim
1014 4134 1091 4183 nimis
1115 4133 1206 4183 solutis
1234 4130 1451 4185 ouiusloustodie
1471 4136 1524 4201 idq.

454 4216 511 4265 Em.
534 4215 590 4265 608
608 4215 699 4282 (Gryn.
719 4218 868 4281 Amphipoli
887 4220 962 4269 nimis
981 4218 1066 4268 soluts
1086 4219 1218 4282 custodio)
1264 4222 1337 4271 edis
1355 4230 1415 4271 uter
1434 4232 1475 4271 est
1509 4230 1523 4273 ³
1554 4222 1555 4237 ¹

454 4301 557 4350 locutus
593 4301 636 4361 10,
655 4309 671 4350 2
689 4317 782 4365 pessus
800 4312 840 4353 est
861 4302 937 4354 Gron.
955 4306 960 4366 Ι
975 4305 1126 4355 indulsisset
1143 4306 1292 4356 militessibi
1311 4314 1341 4357 ut
