3475 5084
884 506 1013 555 Periocha

814 706 863 753 EX
882 705 948 755 LIB.
970 702 1081 753 XCVII.

489 822 525 871 M.
546 821 653 870 Crassus
672 826 765 882 praetor
783 821 892 883 primurn
912 836 968 868 cum
988 828 1058 883 parte
1079 816 1254 880 fugitivorum,
1273 831 1330 879 qnae
1349 832 1381 864 ex
1399 816 1470 866 Gallis

418 915 604 976 Germanisque
631 911 778 970 constabat,
808 910 916 960 feliciter
939 915 1074 976 pugnavit,
1102 912 1174 960 caesis
1193 910 1304 959 hostium
1322 896 1426 960 ᾗῇ
1452 920 1472 959 et
1552 964 1553 983 Χ

419 1011 527 1059 ducibus
554 1021 641 1056 eornm
667 1002 744 1051 Casto
769 1016 794 1051 ct
812 1003 940 1053 Gannico.
987 1005 1050 1053 Cum
1070 1004 1194 1067 Spartaco
1218 1003 1311 1050 deinde
1335 1004 1474 1067 debellauit,

420 1104 491 1153 eaesis
511 1118 567 1151 enm
586 1102 642 1163 ipso
661 1082 717 1147 [ft.
767 1097 802 1145 Μ.
823 1098 952 1145 Antonius
975 1109 1067 1161 praetor
1085 1098 1180 1146 bellum
1199 1098 1321 1145 adversus
1345 1096 1475 1149 Cretenses

418 1212 507 1261 parum
536 1206 654 1258 prospere
684 1199 828 1252 susceptum
857 1199 936 1237 morte
964 1206 1010 1239 sna
1039 1190 1111 1240 finiit.
1160 1189 1196 1237 M.
1228 1189 1353 1240 Lucullus
1382 1208 1477 1255 procos.

421 1290 533 1337 Thracas
551 1285 659 1346 subegit.
696 1284 726 1332 L.
745 1283 870 1330 Lucullus
895 1284 920 1329 in
938 1282 1022 1331 Ponto
1047 1284 1168 1330 advorsus
1189 1280 1352 1329 Mithridaten
1376 1282 1478 1335 feliciter

418 1380 549 1446 pugnavit,
570 1378 640 1425 caesis
653 1377 764 1423 hostium
779 1375 888 1437 amplius
907 1388 984 1435 quam
994 1374 1041 1423 LX
1055 1374 1175 1423 millibus.
1217 1374 1254 1421 M.
1269 1373 1377 1425 Crassus
1397 1385 1424 1425 et
1436 1378 1477 1429 Cn.

419 1472 558 1535 Pompeius
578 1469 697 1517 consules
715 1468 775 1517 sacti
799 1475 865 1525 sunt,
885 1467 1022 1529 Pompeius
1043 1476 1179 1530 antequam
1200 1476 1355 1528 quaesturam
1375 1480 1479 1531 gereret,
1553 1440 1554 1451 γ

420 1580 453 1613 cx
466 1565 550 1625 equite
561 1562 686 1610 Romano.
716 1560 891 1609 Tribuniciam
905 1566 1057 1621 potestatem
1068 1561 1239 1611 restituerunt.
1263 1560 1365 1611 Indicia
1382 1578 1479 1627 quoque

418 1674 464 1722 per
482 1656 518 1704 M.
532 1655 664 1703 Aurelium
682 1651 784 1701 Cottam
804 1660 936 1716 praetorem
956 1653 987 1701 ad
1007 1652 1104 1713 equites
1123 1654 1254 1701 Romanos
1272 1656 1401 1704 translata
1419 1666 1479 1705 sunt

419 1749 582 1799 Mithridates
601 1746 779 1809 desperatione
798 1760 881 1793 rerum
900 1760 1003 1795 suarum
1023 1753 1126 1795 coactus
1136 1748 1169 1793 ad
1178 1746 1327 1808 Tigranem,
1352 1750 1480 1797 Armeniae

419 1857 513 1903 regem,
530 1839 651 1899 confugit.

812 1974 861 2023 EX
879 1975 947 2024 LIB.
967 1974 1092 2024 XCVIII.

429 2071 431 2077 ,
490 2093 633 2151 Machares,
650 2092 716 2141 filius
726 2091 891 2148 Mithridatis,
910 2092 1018 2154 Bospori
1038 2106 1091 2149 rex,
1111 2092 1165 2141 aL.
1177 2091 1286 2140 Lucullo
1302 2094 1330 2139 in
1343 2094 1480 2141 amicitiam

421 2194 536 2250 receptus
554 2194 600 2234 est.
639 2184 685 2235 Cn.
703 2184 827 2233 Lentulus
851 2192 876 2231 et
893 2184 924 2233 L.
944 2183 1043 2232 Gellius
1068 2197 1183 2233 censores
1208 2200 1324 2248 asperam
1350 2201 1482 2235 censuram

421 2289 534 2343 egerunt,
554 2288 674 2344 quattuor
692 2286 718 2324 et
735 2275 870 2335 sexaginta
889 2284 980 2325 senatu
999 2278 1082 2325 motis.
1123 2278 1148 2326 A
1166 2278 1259 2339 quibus
1277 2278 1361 2325 lustro
1381 2279 1483 2325 condito

420 2388 498 2421 censa
517 2384 576 2421 sunt
594 2372 687 2420 civium
707 2352 929 2431 capitam.
970 2370 1001 2418 L.
1022 2368 1141 2419 Metellus
1165 2379 1259 2433 praetor
1282 2371 1309 2417 in
1329 2370 1424 2419 Sicilia
1442 2372 1483 2419 ad·
1555 2384 1556 2397 ¹

420 2482 508 2515 versus
526 2466 620 2528 piratas
637 2476 758 2526 prospere
777 2476 829 2509 rem
849 2463 934 2523 gessit.
969 2460 1104 2525 Templum
1122 2460 1192 2509 Iovis
1214 2461 1240 2507 in
1256 2460 1396 2526 Capitolio,
1419 2465 1484 2526 qnod

420 2558 539 2606 incendio
559 2565 734 2619 consumptum
756 2570 786 2602 ac
812 2553 935 2603 refectum
963 2564 1029 2611 erat,
1057 2568 1072 2600 a
1093 2550 1123 2610 Q.
1144 2550 1236 2602 Catulo
1262 2555 1415 2604 dedicatum
1441 2566 1484 2605 est.

421 2650 451 2698 L.
469 2649 593 2698 Lucullus
613 2649 639 2695 in
658 2647 783 2695 Armenia
798 2645 965 2694 Mithridaten
984 2654 1009 2694 et
1026 2645 1157 2706 Tigranen
1175 2652 1200 2694 et
1217 2647 1334 2708 ingentes
1354 2650 1487 2712 utriusque

421 2744 488 2803 regis
507 2742 593 2804 copias
608 2740 723 2802 pluribus
741 2738 838 2801 proeliis
855 2737 930 2787 fudit.
967 2736 997 2798 Q.
1010 2738 1129 2788 Metellus
1147 2755 1256 2802 procos„
1275 2740 1345 2788 bello
1365 2742 1487 2791 adversus

424 2834 559 2881 Cretenses
584 2834 720 2891 mandato,
750 2831 890 2895 Cydoniam
913 2833 1003 2880 urbem
1031 2831 1140 2879 obsedit.
1178 2828 1207 2879 C.
1228 2831 1353 2895 Triarius,
1385 2834 1487 2897 legatus

421 2926 532 2985 Luculli,
551 2927 670 2974 adversus
683 2925 850 2973 Mithridaten
868 2939 958 2986 parum
977 2938 1098 2987 prospere
1116 2924 1247 2987 pugnavit.
1286 2926 1439 2987 Lucullum,
1459 2944 1487 2977 ne
1556 2920 1557 2929 ¹

422 3027 616 3083 persequeretur
627 3003 794 3066 Mithridaten
812 3031 842 3064 ac
863 3018 992 3078 Tigranen
1010 3030 1185 3079 summamque
1201 3017 1315 3065 victoriae
1333 3020 1487 3084 imponeret,

423 3112 515 3161 seditio
533 3110 641 3158 militum
660 3111 750 3169 tenuit,
770 3110 812 3172 qui
832 3110 904 3171 sequi
923 3108 1046 3157 nolebant
1060 3106 1077 3173 [,
1096 3110 1120 3157 id
1140 3119 1179 3159 est
1196 3110 1310 3172 legiones
1330 3112 1488 3171 Valeriana,

423 3219 479 3267 qnae
496 3204 602 3266 impleta
620 3219 636 3251 a
652 3218 681 3252 se
700 3203 824 3266 stipendia
843 3203 957 3249 dicentes
975 3202 1113 3250 Lucullum
1130 3199 1308 3267 reliquerunt].

825 3361 875 3409 EX
894 3361 959 3411 LIB.
980 3361 1076 3412 XCIX.

493 3478 526 3537 Q.
544 3478 665 3526 Metellus
683 3488 783 3539 procos.
803 3477 905 3526 Cnoson
926 3488 951 3527 et
967 3479 1075 3543 Lyctum
1095 3487 1119 3526 et
1140 3476 1279 3540 Cydoniam
1299 3483 1325 3521 et
1344 3475 1414 3523 alias
1435 3476 1489 3539 plu-

424 3573 501 3619 rimas
521 3572 596 3619 urbes
615 3572 776 3633 expugnavit.
814 3572 844 3620 L.
863 3571 973 3621 Roscius
1002 3581 1033 3621 tr.
1053 3572 1088 3635 pl.
1114 3570 1194 3629 legem
1215 3568 1281 3625 tulit,
1309 3576 1339 3615 nt
1358 3569 1490 3629 equitibus

423 3662 547 3713 Romanis
572 3665 598 3711 in
627 3663 727 3711 theatro
752 3663 817 3712 XIV
844 3665 939 3726 gradus
963 3665 1073 3727 proximi
1101 3664 1299 3723 assignarentur.
1340 3658 1391 3709 Cn.
1412 3661 1489 3710 Pom·

423 3758 496 3820 peius
514 3757 571 3819 lege
589 3758 621 3804 ad
640 3756 762 3820 populum
781 3758 833 3806 lata
851 3756 970 3819 persequi
995 3757 1090 3819 piratas
1114 3756 1208 3815 iussus,
1238 3753 1280 3816 qui
1304 3756 1490 3801 commercium

424 3865 532 3899 annonae
549 3850 760 3909 intercluserant,
787 3851 854 3897 intra
877 3850 1098 3913 quadragesimum
1123 3850 1189 3897 diem
1214 3856 1267 3896 toto
1292 3848 1356 3894 mari
1382 3862 1427 3896 eos
1449 3861 1488 3894 cx·

423 3942 502 4004 pulit,
529 3940 648 4002 belloque
676 3957 733 3990 cum
757 3943 794 3990 eis
819 3940 956 3991 incilicia
982 3938 1112 4001 coniecto,
1144 3941 1255 4003 acceptis
1282 3941 1308 3986 in
1335 3940 1489 3987 deditionem

423 4036 512 4098 piratis
526 4049 612 4097 agros
636 4042 662 4082 et
687 4036 763 4082 urbes
788 4035 865 4082 dedit.
907 4033 1035 4083 Praetcrea
1063 4050 1102 4083 res
1127 4038 1211 4096 gestas
1232 4050 1248 4081 a
1267 4030 1298 4092 Q.
1318 4033 1429 4081 Metello
1449 4034 1490 4080 ad-

425 4142 513 4175 versus
533 4127 668 4176 Cretenses
687 4128 801 4175 continet
820 4135 845 4174 et
867 4128 988 4190 epistolas
1007 4127 1106 4175 Metelli
1126 4135 1153 4175 et
1171 4125 1342 4189 Cn.Pompeii
1362 4128 1390 4173 in
1409 4128 1490 4175 ricem

426 4221 523 4269 missas.
579 4218 698 4278 Queritur
728 4219 757 4279 Q.
785 4221 907 4269 Metellus
934 4221 1040 4282 gloriam
1077 4220 1125 4268 sibi
1153 4234 1237 4267 rerum
1266 4234 1281 4267 a
1308 4235 1336 4267 se
1360 4232 1490 4282 gestarum

426 4311 575 4377 aPompeio
590 4315 699 4376 praeripi,
720 4316 761 4375 qui
775 4314 914 4361 incretam
934 4314 1030 4361 miserit
1047 4313 1162 4375 legatum
1182 4327 1255 4361 suum
1274 4313 1306 4360 ad
1326 4314 1491 4377 accipiendas
