3475 5084
514 530 531 581 4
820 479 828 491 ·
924 519 1079 584 Fragmenta

541 716 602 785 20⁹)
621 718 658 783 (Ε
674 717 756 769 codice
766 721 879 785 rcecrrpto
896 720 1013 774 Vaticano
1032 716 1227 784 postBrnnsiam
1240 714 1408 765 etluoeuatinn
1420 710 1488 778 [1773]

470 813 595 879 accurrit
612 810 760 867 Niebuhrius
783 811 904 878 ediditque
926 831 977 864 cum
1004 812 1123 863 Ciceronis
1149 810 1282 861 orationum
1311 824 1355 874 pro
1377 806 1490 856 Fonteioo

470 922 515 971 pro
532 905 634 955 Rabirio
645 905 792 971 ‚fraumenta
809 904 894 955 Romo
912 905 1006 970 1820.)
1039 906 1126 965 Nocte
1152 917 1248 962 tamen
1275 902 1425 978 insequenti
1447 901 1491 975 ipso

470 1013 660 1088 pervigilante
692 1013 722 1069 in
754 1012 854 1069 eodem
886 1012 950 1070 loco
983 1013 1041 1071 alia
1073 1013 1200 1071 excitata
1231 1010 1317 1067 turris
1348 1008 1431 1083 prima
1449 1006 1493 1062 luce

471 1119 610 1176 miraculo
632 1118 764 1175 hostibus
787 1116 849 1174 fuit.
898 1117 1040 1177 Simulat
1062 1116 1161 1194 oppidi
1176 1117 1272 1184 turris,
1294 1133 1358 1188 quae
1369 1112 1494 1169 maximum

470 1214 718 1300 propugnaculum
741 1222 852 1292 iuerat,
874 1222 1000 1307 subrutis
1024 1221 1233 1291 fundamentis,
1260 1220 1402 1277 dehiscere
1422 1219 1496 1292 ingen·

469 1330 546 1387 tibus
569 1330 658 1401 rimis,
686 1339 761 1387 ertu
763 1372 1036 1389 ..................
1060 1346 1078 1385 o
1080 1369 1152 1385 .....
1163 1345 1210 1383 um
1227 1327 1287 1401 igni
1309 1326 1406 1401 coepit3
1426 1324 1496 1379 inoen·

469 1436 566 1510 diique
598 1435 682 1492 simul
714 1445 742 1493 et
774 1435 863 1492 ruiuae
896 1444 972 1490 metu
1007 1434 1097 1491 territi
1128 1431 1349 1492 Contrebienses
1379 1432 1413 1487 de
1439 1448 1496 1485 muro

468 1542 572 1618 trepidi
603 1540 785 1617 refugerunt,
821 1550 865 1611 et,
901 1550 931 1596 ut
961 1539 1049 1614 legati
1081 1541 1261 1597 mitterentur
1291 1540 1330 1596 ad
1366 1536 1497 1594 dedenden

468 1649 578 1717 urbem,
600 1650 637 1705 ab
659 1648 794 1705 universa
816 1646 996 1703 multitudiue
1018 1648 1227 1704 conclamatum
1249 1655 1300 1703 est.
1337 1645 1443 1703 Eadem
1461 1642 1499 1697 vir-

468 1762 524 1821 tus,
554 1772 613 1827 qua
634 1754 768 1810 inritaute
790 1762 1024 1828 oppugnaverat,
1051 1752 1188 1809 victorem
1211 1752 1426 1828 placabiliorem
1446 1748 1500 1806 iecit.

468 1857 625 1916 Obsidibus
648 1858 773 1932 acceptis
794 1859 922 1933 pecuniae
940 1858 1081 1915 modicam
1095 1859 1192 1933 exegit
1213 1877 1366 1926 summam,
1388 1874 1502 1929 armaque

469 1965 566 2022 omnia
588 1964 712 2032 ademit;
742 1965 908 2038 transfugas
935 1965 1040 2021 liberos
1071 1964 1154 2021 vivos
1184 1965 1222 2021 ad
1249 1983 1281 2021 se
1305 1964 1411 2020 adduci
1430 1962 1502 2022 iussit:

467 2070 620 2145 fugitivos,
654 2088 776 2144 quorum
807 2071 902 2126 maior
923 2070 1074 2127 multitudo
1097 2064 1178 2140 cratJ
1202 2071 1271 2146 ipsis
1293 2070 1459 2145 imperavit,
1483 2076 1501 2123 ut

468 2177 671 2245 interficerent3
692 2174 837 2249 iugulatos
859 2176 895 2232 de
917 2196 999 2234 muro
1021 2177 1192 2234 deiecerunt.

550 2281 623 2341 Cum
657 2301 763 2357 magua
798 2282 911 2338 iactura
944 2281 1064 2339 militum
1095 2290 1232 2358 quattuor
1271 2291 1299 2339 et
1333 2278 1503 2356 quadraginta

466 2388 567 2447 diebus
591 2386 748 2445 Contrebia
784 2397 965 2463 expugnata,
1001 2388 1159 2464 relictoque
1189 2389 1230 2445 ibi
1259 2389 1292 2447 L.
1321 2388 1434 2446 Insteio
1464 2406 1504 2443 oen

466 2496 559 2552 aalide
575 2495 717 2570 presidio,
738 2494 800 2569 ipse
823 2493 860 2550 ad
880 2494 1020 2551 Hiberum
1041 2495 1160 2551 fluvium
1183 2495 1283 2570 copias
1304 2494 1438 2552 adduxit.
1474 2493 1504 2549 lli

466 2600 660 2659 hibernaculis
686 2600 843 2657 secuudum
874 2600 1024 2674 oppidum,
1056 2600 1134 2675 quod
1156 2598 1261 2658 Castra
1281 2601 1366 2659 AElie
1397 2610 1505 2659 vocatur.

467 2706 625 2777 edificatis,
642 2706 747 2781 ipsein
762 2706 864 2764 castris
880 2708 1029 2775 manebat3
1050 2706 1172 2763 interdiu
1184 2715 1355 2763 conventum
1380 2707 1505 2764 socieruu

466 2812 625 2870 civitatium
659 2813 689 2869 iu
724 2814 831 2888 oppido
865 2812 979 2887 agebat.
1027 2814 1119 2870 Arma
1151 2820 1183 2867 ut
1214 2812 1314 2867 fierent
1345 2832 1403 2887 pro
1437 2811 1505 2886 copiis

465 2916 603 2993 cuiusque
625 2918 733 2994 populi,
764 2937 817 2994 per
847 2928 938 2976 totam
970 2917 1149 2993 provinciam
1176 2917 1319 2988 edixerat3
1353 2919 1461 2992 quibus
1478 2915 1505 2973 iu·

465 3023 570 3099 spectis
599 3023 707 3081 referre
728 3034 826 3081 vetera
847 3044 930 3082 arma
962 3024 1064 3080 milites
1087 3024 1183 3093 iussit,
1216 3043 1280 3099 quse
1302 3033 1352 3080 eut
1374 3022 1505 3081 itineribus

464 3130 573 3189 crebris
595 3140 645 3187 aut
672 3133 921 3207 oppugnationibus
947 3140 972 3187 et
992 3131 1098 3205 praeliis
1120 3131 1226 3187 inutilia
1246 3128 1325 3187 facta
1347 3140 1450 3198 erent,
1472 3148 1505 3184 no·

464 3255 560 3311 voque
587 3237 623 3293 iis
653 3256 705 3312 per
734 3236 913 3293 centuriones
943 3237 1048 3293 divisit.
1098 3236 1266 3311 Equitetum
1294 3254 1415 3310 quoque
1443 3234 1505 3292 novis

464 3342 599 3399 iustruxit
620 3344 717 3411 armis,
739 3343 981 3417 vestimentaque,
1006 3352 1177 3418 ·praepareta
1198 3351 1273 3411 ante,
1305 3342 1403 3398 divisa
1427 3351 1455 3398 et
1474 3340 1505 3395 sti·

464 3447 597 3521 pendium
616 3447 724 3503 datum.
771 3450 895 3516 Fabros,
918 3468 987 3506 cura
1008 3449 1194 3524 conquisitos,
1216 3448 1341 3523 undique
1362 3448 1504 3505 exciverat

464 3552 578 3625 quibus,
603 3551 718 3609 officina
741 3552 856 3626 publica
881 3552 1016 3625 instituto,
1044 3564 1178 3625 uteretur,
1200 3554 1312 3610 ratione
1334 3553 1425 3624 inita,
1457 3550 1504 3627 quil

463 3656 492 3712 in
514 3656 642 3731 singulos
658 3657 718 3713 dies
741 3657 814 3715 effici
835 3671 942 3734 posset.
990 3662 1094 3736 Itaque
1113 3660 1210 3717 omnia
1228 3658 1312 3716 simul
1329 3658 1504 3717 instrumente

463 3762 531 3819 belli
552 3764 744 3838 parabantur;
777 3782 870 3838 neque
899 3768 1020 3824 materia
1046 3766 1219 3836 artificibus,
1251 3766 1427 3840 praeparetis
1458 3776 1504 3821 ant

464 3869 595 3926 omnibus
617 3870 700 3926 enixo
722 3869 879 3927 civitatium
901 3874 1004 3943 studio,
1028 3891 1081 3930 nec
1100 3891 1152 3930 suo
1168 3871 1290 3946 quisque
1310 3870 1394 3945 operi
1417 3868 1504 3927 artilex

462 3976 571 4033 deerat.
612 3976 788 4034 Convocatis
809 3976 913 4034 deinde
933 3979 1058 4035 omniurn
1081 3978 1253 4054 populorum
1275 3976 1472 4051 legationibus
1489 3986 1503 4029 et

462 4081 631 4150 civitatium,
653 4082 762 4157 gratias
781 4082 848 4155 egit,
871 4082 957 4156 quod,
979 4101 1042 4156 quae
1057 4084 1197 4158 imperate
1215 4091 1310 4139 essent
1325 4082 1354 4137 in
1368 4084 1503 4156 pedestre

462 4188 564 4259 coptos,
586 4185 791 4260 praestitissent3
821 4206 894 4261 quas
915 4188 977 4263 ipse
998 4206 1044 4245 res
1066 4192 1093 4245 iu
1117 4186 1292 4263 dey‘eudendis
1313 4190 1403 4257 sociis,
1434 4204 1503 4263 quas·

464 4308 519 4363 que
542 4291 571 4346 in
594 4292 794 4366 oppugnandis
816 4293 934 4351 urbibus
955 4294 1080 4352 hostium
1102 4295 1245 4370 gessisset,
1268 4293 1413 4368 exposuit,
1438 4304 1467 4351 et
1482 4290 1504 4347 el
