3475 5084
546 538 624 588 nitar
641 536 727 589 xnu.
764 539 811 602 (a.
831 537 893 589 car.
916 538 988 602 ιιι.)
1202 547 1253 601 ιιι

243 722 306 795 Ipse
337 722 375 779 ab
409 741 445 780 aa
473 710 572 797 parte,
604 743 663 799 qua
695 726 759 783 duae
785 733 881 782 turres
902 725 1039 799 quodque
1059 724 1135 782 inter
1155 743 1205 784 eas
1227 728 1301 784 muri
1325 730 1341 785 s

244 836 308 894 erat,
323 838 476 898 comant,
489 829 548 885 duo
567 830 646 887 milia
666 831 789 887 militum
807 830 983 888 delectorum
1001 831 1140 900 admovit,
1154 842 1185 887 ιιι
1198 833 1301 890 eodem

243 941 375 1006 tempore,
398 953 456 1008 quo
477 935 540 1010 ipse
562 938 767 994 transcendere
781 937 881 993 ruinas
898 946 1062 1007 conaretur,
1085 954 1226 994 concursu
1248 940 1300 995 ad·

242 1056 334 1094 versus
355 1057 390 1095 se
412 1040 625 1115 oppidanorum
644 1041 733 1111 facto,
754 1042 841 1098 scalis
862 1060 958 1099 vacua
973 1041 1173 1101 defensoribus
1195 1043 1302 1099 moenia

242 1144 299 1217 oapi
321 1154 407 1218 parte
428 1146 528 1220 aliqua
549 1155 677 1222 possent
727 1147 817 1203 Haud
847 1148 975 1222 segniter
998 1148 1137 1222 oppidani
1157 1148 1217 1204 vim
1240 1148 1301 1205 eius
1325 1146 1340 1197 7

241 1268 331 1307 arcere
354 1260 470 1325 parant.
498 1253 579 1310 Nam
601 1271 689 1327 super
710 1262 832 1309 stratum
853 1253 945 1309 ruinis
966 1253 1061 1309 locum
1087 1253 1216 1310 fascibus
1243 1253 1300 1309 ari-

240 1354 278 1410 dis
292 1368 505 1414 sarmentorum
521 1358 641 1426 iniectis,
664 1368 774 1415 stantes
791 1376 855 1414 cum
874 1359 1041 1415 ardentibus
1054 1358 1177 1425 facibus,
1198 1376 1300 1415 accen·

239 1477 314 1516 suros
326 1480 394 1518 eam
405 1481 437 1519 se
451 1481 557 1538 saepem
570 1464 764 1533 minabantur,
783 1472 822 1534 ut,
836 1463 969 1521 incendio
986 1463 1143 1538 intersaepti
1158 1464 1195 1519 ab
1206 1464 1299 1533 hoste,

238 1566 357 1639 spatium
394 1568 432 1624 ad
460 1569 641 1625 obiciendum
668 1569 834 1626 interiorem
864 1588 979 1626 murum
1010 1570 1160 1628 haberent.
1214 1569 1299 1641 Quod
1323 1564 1340 1619 8

237 1669 377 1745 inceptum
400 1692 500 1729 eorum
521 1672 583 1730 fors
602 1671 736 1749 inpediit3
769 1693 837 1731 nam
860 1684 958 1759 tantuq
982 1685 1102 1748 repente
1126 1672 1234 1730 effusus
1257 1681 1300 1730 est

237 1774 337 1847 imber,
364 1787 398 1834 ut
418 1797 472 1835 nec
494 1780 613 1835 accendi
633 1779 720 1836 facile
740 1788 889 1855 pateretur
911 1788 939 1835 et
961 1779 1142 1852 extingueret
1166 1795 1297 1836 accensa.

237 1880 335 1954 Itaque
357 1893 387 1939 et
408 1884 546 1940 transitus
573 1904 626 1959 per
655 1886 793 1941 distracta
821 1885 966 1942 fumantia
986 1884 1113 1958 virgulta
1134 1884 1241 1958 patuit,
1271 1893 1299 1941 et
1321 1881 1338 1934 9

237 1984 355 2045 innuius
375 1988 432 2046 loci
450 1990 614 2064 praesidium
632 1991 766 2047 omnibus
789 1992 890 2062 versis,
913 1991 1019 2047 moenia
1036 2008 1151 2063 quoque
1170 1989 1299 2064 pluribus

237 2090 315 2147 simul
331 2094 465 2168 partibus
484 2095 569 2152 scalis
585 2096 748 2170 capiuntur.
787 2097 823 2152 In
845 2096 940 2171 primo
961 2096 1085 2152 tumultu
1107 2105 1198 2169 captae
1219 2094 1298 2150 urbis
1324 2095 1360 2148 10

238 2198 358 2255 seniores
387 2200 581 2274 inpubesque,
609 2220 682 2276 quos
710 2220 795 2259 casus
818 2203 921 2258 obvios
944 2201 1064 2275 optulit,
1086 2201 1193 2274 passim
1217 2200 1298 2268 caesi;

238 2303 335 2359 armati
357 2304 389 2361 in
410 2324 506 2361 arcem
529 2305 736 2380 confugerunt,
766 2316 795 2364 et
820 2317 939 2382 postero
967 2305 1027 2374 die,
1058 2322 1123 2361 cum
1145 2304 1207 2379 spei
1229 2304 1299 2360 nihil

230 2398 411 2480 superasset,
445 2410 590 2468 deditione
615 2411 710 2482 facta,
746 2413 800 2469 sub
827 2427 937 2468 corona
965 2408 1124 2465 venierunt.
1167 2410 1296 2465 Fuerunt
1325 2411 1355 2463 tt

238 2524 326 2571 autem
347 2516 418 2572 MM
443 2515 535 2574 ferma
562 2526 592 2573 et
620 2517 777 2592 quingenti.
822 2516 1003 2575 Ornamenta
1024 2513 1119 2584 urbis,
1145 2522 1248 2571 statuae
1269 2523 1298 2571 at

237 2620 336 2677 tabnlae
357 2622 452 2695 picta,
476 2633 503 2679 et
526 2623 666 2697 quidquid
688 2623 823 2697 pretiosae
844 2622 949 2696 praedae
970 2618 1035 2688 fuit,
1058 2619 1094 2675 ad
1110 2638 1200 2676 naves
1219 2620 1296 2676 dela·

237 2730 306 2795 tum;
333 2728 405 2783 urbs
429 2728 525 2784 diruta
554 2747 573 2785 a
599 2727 804 2788 fundamentis.
852 2727 927 2784 Inde
948 2726 1067 2782 Thebas
1090 2726 1192 2781 ductus
1215 2743 1297 2781 exer·
1324 2725 1358 2780 12

237 2829 316 2899 citus3
338 2833 446 2907 quibus
468 2833 530 2889 sine
551 2834 708 2891 certamine
728 2834 866 2909 receptis,
895 2832 996 2889 urbem
1022 2830 1142 2886 tradidit
1164 2831 1297 2887 exulibus

238 2944 262 2992 at
282 2938 329 3010 qui
353 2940 555 2995 Romanorum
582 2939 675 3013 partis
703 2948 814 3007 erant;‚
833 2940 965 2995 adversae
990 2937 1125 2994 factionis
1146 2936 1296 2992 hominum

236 3039 437 3117 fautorumque
452 3044 528 3118 regis
545 3062 580 3100 aa
597 3044 790 3100 Macedonum
809 3043 936 3100 familias
954 3044 1007 3099 sub
1028 3060 1138 3100 corona
1158 3028 1296 3099 vendidit.

237 3144 286 3203 His
306 3149 397 3223 gestis
419 3150 449 3206 in
470 3150 596 3218 Boeotia,
619 3149 656 3205 ad
678 3168 759 3205 mara
781 3168 816 3206 ac
841 3167 932 3205 naves
954 3148 1044 3205 rediit.

313 3253 388 3313 Cum
416 3255 478 3311 haec
506 3254 536 3310 in
563 3254 679 3310 Boeotia
706 3262 890 3328 gererentur,
924 3255 1049 3311 Perseus
1077 3252 1114 3309 ad
1144 3252 1295 3327 Sycurium
1338 3243 1380 3319 64

236 3359 336 3418 stativa
359 3360 470 3417 dierum
493 3359 605 3433 aliquot
624 3359 736 3418 habuit.
780 3360 840 3419 Ubi
862 3378 928 3417 cum
950 3360 1086 3430 audisset,
1107 3358 1214 3434 raptim
1235 3358 1296 3414 Ro·
1319 3358 1336 3414 2

237 3559 464 3579 Ἣ

238 3686 259 3745 6,
271 3695 280 3737 l
292 3694 347 3743 duas
358 3702 387 3743 nt
396 3703 447 3749 tras
457 3709 559 3760 qnoque
569 3697 634 3745 inter
649 3695 654 3758 1
670 3696 736 3745 muri
744 3694 829 3744 fuerat
837 3695 889 3743 duo
900 3694 956 3760 My.
963 3703 1019 3759 post
1027 3694 1127 3760 Kragas.
1138 3694 1195 3744 Em.
1206 3691 1260 3745 547
1271 3711 1293 3744 a.

238 3774 320 3843 (Crya.
335 3783 401 3830 muri
419 3792 552 3846 prorutum
570 3782 663 3841 fuerat,
683 3781 745 3844 duo)
782 3782 936 3831 tadmouit
954 3782 1047 3831 eodem
1083 3781 1197 3832 tfactio
1233 3781 1292 3846 7,1

237 3866 349 3926 oppidani
370 3870 497 3919 tamaius
535 3876 550 3919 ³
574 3869 687 3919 fascibus
724 3874 740 3916 4
763 3883 821 3918 eam
841 3883 869 3917 se
889 3883 956 3933 sape
976 3868 1031 3933 My.
1050 3868 1106 3919 Em.
1126 3868 1181 3917 547
1199 3867 1293 3933 (Grya.

238 3960 264 3995 ea
280 3966 306 3999 se
324 3956 407 4018 saepe)
443 3956 469 4019 8,
489 3963 504 4005 2
523 3958 622 4021 inpedit
637 3957 642 4019 Ι
657 3964 763 4019 repente
781 3963 821 4006 eat
838 3955 939 4005 infusus
958 3963 998 4004 est
1033 3956 1226 4006 asscendendi
1269 3954 1293 4015 9,

237 4052 382 4107 tumuitus
401 4062 486 4110 uerbis
525 4060 567 4120 10,
580 4040 602 4109 ⁴2
621 4059 713 4109 obuius
728 4059 734 4120 Ι
748 4040 846 4123 passim
865 4044 941 4109 oaissi
979 4057 1022 4119 11,
1042 4064 1056 4107 ι
1077 4074 1104 4107 oo
1128 4073 1154 4107 oe
1168 4058 1250 4107 ferma
1269 4064 1295 4107 et

247 4155 272 4197 N
294 4153 444 4195 ornamenta
460 4150 465 4210 t
481 4154 570 4197 statuar
594 4146 688 4196 tabula
706 4154 732 4195 et
749 4151 824 4209 pictae
860 4147 1012 4209 apraetiosa
1057 4146 1162 4194 turbis
1216 4144 1291 4204 12,ι

236 4227 373 4282 inttebanos
392 4234 484 4284 ductus
526 4237 653 4299 trecepti
689 4233 836 4281 8aduersa
872 4233 934 4281 tin
951 4232 1063 4281 boetiam
1079 4232 1083 4295 Ι
1099 4246 1175 4280 naves
1193 4231 1210 4279 d
1228 4230 1295 4279 redit

236 4312 324 4383 LXIV,
343 4319 368 4381 1,
390 4325 402 4369 l
422 4322 449 4370 in
463 4322 551 4372 bootia
565 4322 570 4384 Ι
585 4320 817 4386 persensassyrium
852 4318 879 4380 2,
901 4324 913 4368 l
934 4319 1066 4368 audissent
