3475 5084
558 518 637 566 Liber
654 517 726 567 XLI.
765 519 813 580 (A.
833 517 895 569 cnr.
919 521 992 584 itt.)
1227 528 1264 584 29

236 701 370 774 cogitare
390 701 480 769 iubet,
502 703 650 775 quomodo
668 703 698 759 iu
715 704 856 778 reliquum
877 705 932 762 hoc
950 723 1067 762 numere
1084 725 1141 762 non
1159 724 1307 782 egeamus,

237 805 294 861 hoc
316 816 379 874 est,
409 817 441 861 ut
462 807 625 874 decretum,
659 825 717 880 quo
738 818 873 864 arcentur
894 809 1098 883 Peloponneso
1120 811 1307 881 Macedones,

238 910 396 979 tollamus,
417 930 517 968 rursus
538 911 652 987 legatos
672 912 770 986 regios
791 921 821 968 et
842 912 971 987 hospitis
995 932 1058 970 eum
1081 914 1257 988 principibus
1278 923 1308 973 et
1333 915 1369 970 16

239 1033 309 1070 mox
332 1016 528 1072 Macedonum
552 1017 705 1084 exercitus,
725 1017 821 1091 ipsum
844 1035 962 1092 quoque
980 1036 999 1074 a
1014 1019 1136 1093 Delphis
1154 1018 1307 1092 (quantum

237 1118 316 1174 enirn
336 1118 475 1177 interfluit
490 1119 632 1185 iretumlt
653 1121 831 1177 traicientem
849 1121 879 1177 in
896 1122 1129 1196 Peloponnesum
1147 1122 1307 1192 videamus,

237 1223 446 1279 inmisceamur
472 1225 682 1281 Macedonibus
713 1226 893 1282 armantibus
920 1244 952 1283 ee
980 1228 1121 1284 adversus
1148 1229 1306 1288 Romanos.

238 1328 305 1402 Ego
327 1328 400 1384 nihil
416 1327 485 1383 novi
501 1345 605 1384 censeo
623 1329 833 1385 decernendum
852 1331 1055 1404 servandaque
1070 1333 1168 1387 omnia
1186 1332 1306 1406 integra,
1334 1334 1367 1388 ll

238 1432 334 1488 donec
355 1433 394 1488 ad
415 1443 525 1487 certum
539 1432 698 1506 redigatur,
719 1450 851 1489 vanusne
866 1435 913 1491 hic
932 1437 1018 1492 timor
1042 1449 1140 1492 noster
1162 1455 1198 1491 an
1221 1455 1306 1493 verus

238 1535 334 1594 fuerit.
368 1535 400 1594 Si
421 1555 481 1611 pax
502 1537 644 1592 inviolata
657 1537 732 1593 inter
747 1539 925 1596 Macedonas
941 1541 1147 1613 Romanosque
1169 1542 1306 1611 manebit,
1332 1541 1367 1598 18

238 1640 324 1696 nobis
347 1659 465 1714 quoque
491 1641 619 1696 amicitia
640 1652 669 1696 et
690 1645 893 1700 commercium
916 1645 968 1712 sit;
1000 1663 1076 1702 nunc
1104 1646 1140 1702 de
1166 1664 1201 1702 eo
1225 1664 1307 1719 apere

238 1746 434 1820 periculosum
457 1755 486 1801 et
507 1747 681 1801 inmaturum
704 1748 847 1804 videtur.“

345 1852 420 1906 Post-
451 1850 528 1935 lione
557 1852 672 1917 Archo,
704 1851 796 1908 frater
817 1853 968 1909 Xenarchi
999 1855 1143 1928 praetoris,
1176 1856 1218 1912 ita
1247 1857 1305 1914 dis·
1347 1849 1390 1922 24

237 1956 345 2013 seruit:
382 1956 557 2024 „Difficilem
586 1956 747 2013 orationem
770 1956 941 2014 Callicrates
964 1969 991 2013 et
1016 1958 1085 2014 tuihi
1113 1971 1140 2016 et
1162 1961 1305 2030 omnibus,
1362 2003 1364 2009 .

238 2063 287 2136 qui
310 2063 350 2118 ab
374 2081 409 2118 eo
431 2061 625 2128 dissentimus,
646 2061 730 2130 fecit;
762 2063 876 2136 egendo
899 2062 973 2118 enirn
998 2064 1137 2119 llomenae
1159 2067 1306 2122 societatis
1329 2065 1346 2120 2

237 2185 359 2222 caueam
387 2166 451 2240 ipse
478 2166 671 2241 temptarique
699 2178 728 2223 et
754 2167 919 2241 oppugnari
941 2166 1079 2236 dicendo,
1110 2188 1195 2243 quam
1220 2190 1305 2227 nemo

238 2288 334 2344 neque
355 2280 479 2344 temptat
500 2289 594 2343 neque
613 2284 779 2346 oppugnat,
802 2272 914 2338 effecit,
937 2282 983 2338 ut,
1012 2271 1061 2344 qui
1084 2275 1121 2328 ab
1143 2291 1175 2328 se
1195 2274 1304 2330 dissen-

238 2375 314 2442 tiret,
337 2376 478 2431 adversus
496 2376 646 2431 Romanoa
663 2376 758 2432 dicere
777 2376 933 2433 videretur.
967 2379 1014 2432 Ac
1028 2378 1150 2450 primurn
1167 2379 1305 2446 omnirun,
1328 2379 1345 2434 ³

239 2488 381 2552 tanquam
410 2499 469 2536 non
496 2480 543 2535 hic
564 2481 714 2536 nobiscum
745 2479 859 2549 fuisset,
891 2482 941 2538 sed
973 2493 1024 2536 aut
1046 2499 1082 2536 ex
1105 2481 1184 2537 curia
1206 2482 1326 2555 populi·

239 2585 367 2642 Romani
394 2585 506 2640 veniret
535 2596 586 2639 aut
613 2603 714 2658 regum
744 2586 859 2640 arcanis
881 2586 1047 2654 interesset,
1077 2586 1175 2640 onmia
1205 2586 1258 2640 scit
1280 2596 1309 2640 et

239 2690 371 2758 nuntiat,
401 2709 465 2762 quae
494 2689 606 2745 occulte
633 2690 712 2746 facta
739 2704 813 2745 sunt.
863 2691 985 2746 Divinae
1004 2692 1101 2757 etiam,
1124 2709 1188 2763 quae
1209 2690 1348 2747 futura4

238 2795 357 2864 fuerint,
380 2795 405 2850 si
427 2793 579 2868 Philippus
601 2795 732 2865 vixisset,
755 2796 823 2868 quid
844 2796 888 2851 ita
907 2775 1031 2852 Perseus
1052 2797 1133 2870 regni
1155 2798 1239 2853 heres
1261 2797 1307 2864 sit,

239 2901 308 2974 quid
336 2910 444 2974 parent
463 2900 653 2970 Macedones,
685 2900 753 2974 quid
783 2901 912 2974 cogitent
931 2902 1065 2958 Romani.
1113 2903 1178 2958 Nos
1200 2915 1306 2970 autern,
1331 2905 1347 2956 5

238 3004 289 3077 qui
311 3024 375 3074 uec,
398 3006 437 3060 ob
459 3024 545 3078 quam
568 3023 697 3074 causam,
720 3025 783 3074 nec,
803 3005 1044 3080 quemadmodum
1067 3007 1185 3080 perierit
1200 3008 1307 3061 lleme·

237 3111 322 3178 trius,
344 3111 470 3179 scimus,
491 3130 554 3180 nec,
577 3112 646 3185 quid
670 3110 839 3183 Philippus,
861 3110 886 3164 si
910 3109 1037 3172 vixisset,
1059 3109 1189 3166 facturus
1211 3109 1306 3177 luerit,

240 3216 278 3272 ad
299 3217 379 3285 haec,
410 3234 475 3288 quae
503 3215 599 3290 palam
625 3229 779 3289 geruntur,
811 3215 933 3270 consilia
962 3228 1062 3271 nostra
1085 3215 1306 3270 accommodare

238 3332 366 3394 oportet.
410 3323 458 3377 Ac
479 3319 602 3389 scimus,
624 3321 750 3388 Persea,
772 3337 861 3392 regno
885 3333 1014 3395 accepto,
1036 3340 1133 3395 regem
1157 3339 1174 3376 a
1196 3319 1305 3394 populo
1329 3320 1347 3375 6

239 3581 401 3628 2relicuum
448 3586 463 3628 3
492 3557 683 3644 poeloponneso
719 3581 767 3639 16,
788 3582 905 3645 scalpis
937 3579 1085 3628 aintersuit
1104 3579 1182 3628 fretus
1201 3581 1305 3641 (interd.

238 3667 352 3732 Kreysa„
375 3667 451 3732 Grya
462 3668 587 3729 interluit)
604 3670 608 3727 Ι
624 3667 844 3730 poloponnensnm
891 3674 907 3715 4
934 3667 1192 3730 iunriscenrurSipon.
1230 3667 1304 3724 17,2

237 3758 271 3802 ad
291 3765 390 3803 certum
410 3756 553 3813 dirigantur
575 3753 650 3804 Groa.
692 3753 734 3812 18,
758 3759 766 3800 l
789 3757 943 3802 macedones
981 3760 1046 3800 teo
1060 3754 1228 3815 periculosum
1250 3754 1304 3817 Mp,

237 3841 331 3905 (Gryn.
358 3856 389 3888 eo
409 3843 521 3901 cogitare
543 3842 635 3904 peric.)
680 3840 780 3895 xxiv,
800 3840 824 3895 1,
849 3847 857 3888 l
881 3855 941 3887 arro
960 3838 1054 3887 Duker.
1072 3843 1076 3897 Ι
1092 3842 1206 3888 senarelri
1244 3841 1269 3896 2,
1290 3847 1304 3887 2

238 3929 393 3990 temtarique
430 3926 535 3975 defficit
580 3928 989 3985 3.3uenireautourismrcgum
1010 3927 1111 3972 arcanis
1131 3927 1253 3973 interesse
1291 3932 1306 3971 4

237 4015 350 4062 occultas
385 4011 410 4069 4,
434 4019 444 4061 l
466 4013 557 4060 laturre
576 4013 677 4061 fuerant
699 4013 773 4063 Groa.
820 4012 845 4072 5,
866 4019 880 4059 3
901 4011 1086 4074 sucratSs'pon.
1126 4018 1306 4058 taccuurmo-

236 4103 296 4148 dari
345 4099 370 4154 6,
393 4105 402 4148 l
425 4112 532 4162 accepto
550 4116 565 4146 a
586 4101 679 4164 (Grpe.
699 4103 746 4161 ad)
765 4102 865 4160 legatos
890 4113 1009 4146 romanoe
1036 4099 1136 4145 uenisse
1160 4098 1192 4142 sd
1214 4095 1304 4158 (Grpa.

236 4206 282 4269 ac)
302 4220 388 4266 regom
409 4219 501 4267 persea
518 4204 551 4250 ad
564 4202 656 4267 (Grpn.
677 4206 705 4261 al
723 4185 761 4266 pr,
781 4202 939 4265 appellatum
960 4199 1059 4264 Kreyss.
1087 4197 1152 4260 (Cfr.
1171 4197 1227 4244 Em.
1247 4195 1306 4245 506

237 4309 264 4340 a.
285 4289 443 4354 Scripseritac
462 4290 550 4338 Livius
568 4291 600 4337 ad
619 4304 707 4351 regem
725 4289 830 4346 Persea,
843 4291 960 4335 ,incertam
979 4289 1035 4346 est.)
