3475 5084
559 528 637 577 Liber
654 528 739 577 XLll.
777 527 824 590 (A.
845 527 905 576 cnr.
929 530 1000 589 171.)
1235 532 1271 585 73

242 711 376 769 Licinius
398 713 501 769 consul
524 713 795 771 senatusconsulta
822 711 939 771 recitari
959 712 1058 782 iussit,
1081 711 1223 786 primum,
1256 728 1315 785 quo

243 815 353 873 bellum
366 824 486 873 senatus
499 818 605 874 Persei¹
622 818 761 887 iussisset,
783 816 896 887 deinde,
918 835 977 891 quo
998 826 1112 873 veteres
1134 815 1315 873 centuriones

244 938 335 994 qnam
368 921 510 995 plurimos
541 922 580 979 ad
611 922 642 979 id
674 896 780 979 bellom
802 921 890 979 scribi
912 920 1070 977 osnsuisset
1091 938 1144 977 neo
1165 920 1233 989 ulli,
1266 920 1316 995 qui

242 1043 304 1081 uon
326 1025 424 1083 maior
444 1026 528 1083 annis
549 1028 762 1103 qninquaginta
783 1035 878 1098 esset,
908 1025 1090 1083 vacationem
1114 1024 1223 1082 militia
1244 1043 1316 1082 esee.

243 1130 433 1204 Deprecatus
453 1138 498 1187 est
519 1130 637 1202 deinde,
659 1151 696 1189 ne
716 1151 795 1190 novo
817 1131 910 1203 bello,
937 1140 997 1189 tam
1025 1130 1191 1205 propinquo
1212 1130 1315 1200 Italioe,
1339 1132 1356 1185 5

244 1234 507 1310 adversus'regem
530 1237 778 1311 potentissimum,
806 1246 857 1293 aut
879 1236 1011 1293 tribunos
1033 1234 1155 1292 militum
1180 1234 1315 1293 dilectum

242 1339 390 1395 habentes
416 1340 594 1414 inpedirent,
625 1351 677 1398 sut
698 1343 886 1418 prohiberent
907 1339 1070 1410 consulem,
1103 1356 1189 1413 quem
1212 1338 1316 1412 eoique
1339 1340 1356 1395 6

243 1443 378 1501 ordinem
403 1444 552 1519 adsignari
573 1464 589 1502 e
608 1464 640 1503 re
661 1446 778 1521 publiea
799 1455 885 1517 esset,
908 1464 972 1503 eum
995 1444 1159 1519 adsignare.
1193 1442 1315 1516 Siquid

242 1549 275 1604 iu
297 1566 336 1605 ea
355 1566 389 1604 re
410 1548 528 1607 dubium
551 1560 636 1620 esset,
659 1550 697 1608 ad
718 1560 851 1608 senatum
873 1551 1023 1609 reioerent.

332 1654 496 1728 Postquam
518 1654 629 1726 oonsol,
651 1674 716 1729 quae
736 1655 880 1726 voluerat,
902 1654 992 1723 dixit,
1015 1652 1066 1728 Sp.
1089 1652 1257 1727 Ligustinus
1279 1669 1316 1708 ex
1359 1643 1403 1715 34

243 1776 280 1814 eo
303 1776 437 1829 numero,
459 1760 509 1833 qui
530 1760 662 1817 tribunos
679 1760 772 1836 plebis
794 1759 1023 1834 appellaverant,
1046 1777 1064 1814 a
1090 1756 1207 1816 consuls
1229 1763 1258 1813 et
1278 1757 1316 1812 ab

244 1863 374 1920 tribunis
395 1864 486 1937 petiit,
506 1872 538 1920 ut
556 1864 612 1921 sibi
633 1864 735 1939 paneis
759 1864 797 1921 od
818 1864 958 1940 populum
982 1882 1070 1939 agera
1092 1864 1200 1923 liceret.
1244 1863 1317 1919 Per·

243 1968 338 2024 missu
360 1968 488 2025 omnium
517 1970 559 2026 ita
586 1969 699 2026 loeutus
721 1967 824 2026 fertur:
849 1969 920 2043 „Sp
939 1968 1108 2044 Ligustinus
1130 1967 1221 2025 tribus
1243 1966 1316 2025 Oru-
1339 1966 1356 2021 2

245 2073 384 2129 stuminoe
405 2092 442 2129 ex
464 2074 581 2132 Sabinis
610 2091 674 2131 som
704 2074 862 2144 oriundus,
885 2073 1022 2146 Quirites.
1071 2074 1161 2130 Pater
1183 2071 1252 2130 mihi
1273 2073 1317 2129 iu·

243 2196 349 2252 gerum
373 2179 438 2253 agri
457 2178 575 2253 reliquit
596 2186 626 2235 et
646 2197 770 2268 parvom
793 2178 950 2253 tugurium,
972 2178 1001 2235 iu
1024 2197 1082 2252 quo
1103 2187 1189 2236 natus
1212 2178 1317 2234 eduea-

244 2292 354 2358 tusque
375 2302 454 2352 sum3
487 2283 632 2358 hodieque
655 2282 696 2338 ibi
721 2282 833 2341 habito.
888 2280 961 2339 Cum
991 2282 1114 2356 primum
1144 2283 1175 2339 in
1204 2291 1317 2339 aetatem
1341 2291 1358 2345 3

245 2388 326 2460 veui,
348 2396 434 2463 pater
454 2387 524 2444 mssri
547 2406 668 2444 uxorem
689 2386 789 2444 fratris
819 2387 864 2444 sui
886 2385 976 2443 filiam
1001 2386 1095 2456 dedit,
1125 2404 1190 2460 qum
1219 2404 1317 2443 secum

243 2492 319 2550 nihil
340 2491 445 2549 adtulit
475 2502 581 2567 praeter
612 2493 774 2550 libertatem
805 2490 1034 2566 pudicitiamque
1063 2499 1092 2547 et
1122 2478 1187 2547 ourri
1209 2490 1254 2547 his
1276 2490 1318 2546 le·

245 2596 442 2667 eunditatem,
475 2606 586 2673 quante
617 2598 664 2654 vel
695 2597 726 2653 in
754 2595 807 2654 diti
835 2596 923 2651 domo
952 2596 1023 2651 satis
1051 2605 1136 2651 esset.
1184 2593 1245 2653 Sex
1266 2593 1316 2651 filii
1340 2605 1358 2658 4

243 2700 342 2772 nobis,
364 2701 428 2757 duae
449 2702 515 2760 filiae
536 2711 612 2773 sunt,
633 2711 763 2775 utresque
782 2702 841 2758 iarn
864 2709 977 2776 noptoe;
997 2699 1049 2757 filii
1074 2707 1212 2774 quattuor
1232 2707 1317 2771 togas

243 2806 346 2863 viriles
369 2807 486 2877 habent,
506 2808 564 2865 duo
586 2806 751 2883 praetexteti
774 2815 849 2863 suut.
896 2805 981 2862 Miles
1003 2822 1066 2861 sum
1090 2802 1185 2861 faetus
1200 2804 1236 2860 Ρ.
1250 2801 1316 2861 Sul·
1339 2814 1357 2868 5

243 2912 335 2987 pioio,
357 2890 537 2971 &Aurelio
557 2913 736 2982 oonsulibus3
768 2912 854 2995 ineo
877 2910 1019 2987 exercitu,
1053 2908 1156 2984 quiin
1177 2908 1315 2965 Macedo-

245 3017 328 3073 niam
352 3027 398 3074 est
417 3025 642 3093 transportatus,
667 3016 811 3075 biennium
835 3014 917 3073 miles
940 3014 1091 3089 gregarius
1112 3014 1154 3072 fui
1176 2995 1316 3071 aduersus

245 3121 417 3196 Philippum
440 3140 554 3197 regem3
575 3120 662 3179 tertio
683 3139 760 3178 anno
781 3121 896 3178 virtutis
918 3138 1007 3178 eausa
1029 3119 1099 3176 mihi
1120 3120 1157 3175 T.
1165 3118 1315 3191 Quinctios

245 3226 432 3284 Flamininus
453 3228 605 3284 decumum
634 3226 765 3283 ordinem
793 3227 939 3283 hastatum
970 3222 1143 3299 adsignavit.
1191 3221 1315 3277 Devioto
1339 3208 1363 3283 b

247 3330 389 3405 Philippo
406 3330 684 3407 Macedonibusque,
705 3348 770 3387 oum
792 3331 822 3386 in
843 3326 959 3387 Italiam
981 3326 1122 3404 reportati
1144 3344 1179 3382 ae
1205 3324 1315 3382 dimissi

247 3453 389 3505 essemus,
411 3436 548 3493 continno
570 3436 653 3493 miles
673 3434 855 3493 voluntarius
878 3452 942 3493 eum
965 3435 1007 3490 M.
1018 3432 1126 3491 Porcio
1146 3430 1265 3489 consule
1285 3430 1315 3486 in

246 3622 274 3684 4,
296 3630 311 3671 2
333 3622 424 3671 eousul
443 3638 479 3671 so.
496 3622 501 3684 Ι
516 3623 625 3686 primum
645 3624 714 3685 quod
733 3605 767 3659 -“
785 3623 878 3671 deiude
897 3621 965 3685 quod
983 3620 1014 3669 P.
1035 3619 1194 3669 Burmannus
1223 3623 1238 3665 3
1257 3630 1316 3681 per-

248 3710 303 3759 seio
322 3708 413 3774 (Gayn.
424 3708 529 3773 Perseo)
546 3710 712 3773 tplurimum
728 3708 803 3760 Gron.
823 3707 848 3768 5,
868 3713 880 3756 l
903 3708 1060 3771 depraedatus
1072 3700 1075 3765 l
1089 3705 1279 3754 deiudeinnouo
1299 3708 1314 3750 2

246 3812 458 3878 potentissimam
483 3813 638 3861 thebestis
674 3811 731 3873 6,1
753 3812 871 3874 cuiquem
908 3815 1001 3858 teum
1019 3790 1164 3871 adsignarei
1182 3809 1203 3857 si
1222 3790 1317 3869 quid's
1400 3808 1404 3816 '

246 3917 274 3965 in
294 3930 326 3965 ee
362 3915 542 3965 ³reieeerunt
574 3915 702 3978 XXXIV,
722 3915 746 3975 1,
768 3921 779 3964 l
799 3913 929 3977 ligustinis
967 3912 1044 3976 tqui
1062 3921 1093 3959 tr.
1113 3928 1138 3976 p.
1157 3911 1316 3976 pellauerant

248 4027 263 4070 ³
293 4020 398 4069 tribuno
421 4019 486 4084 petit
529 4018 554 4078 2,
577 4025 588 4067 l
609 4020 768 4069 crustumino
785 4033 818 4066 ex
835 3998 851 4067 d
871 4016 978 4067 sabinus
1002 4000 1162 4089 tiugerium
1181 4012 1315 4076 sreliquis

248 4125 472 4187 thodieeamque
508 4122 535 4183 4,
556 4129 567 4171 l
587 4122 624 4171 fili
652 4122 724 4171 sfili
751 4122 860 4171 auirilis
896 4118 921 4181 5,
941 4127 957 4169 2
974 4101 1178 4169 madoaedouiam
1213 4123 1316 4178 θειω-

246 4211 335 4274 garine
372 4209 471 4257 inihi
490 4210 551 4258 mihi
561 4217 580 4259 t.
610 4207 715 4275 bGaya.
734 4208 877 4258 Flaminius
913 4206 938 4268 6,
958 4212 973 4256 2
992 4207 1086 4272 portati
1094 4205 1205 4255 Psriaeon.
1234 4208 1317 4251 tuo·

244 4297 384 4347 lumterius
