3475 5084
927 547 958 589 IV

414 728 527 796 acriter,
551 728 600 784 sed
623 730 777 803 prudenter
798 729 939 796 rimando,
962 729 1125 786 coniectura
1141 739 1168 785 et
1188 730 1308 789 aliorum
1329 744 1357 790 et
1371 744 1473 792 nostra

415 823 443 868 et
464 812 577 867 ratione
598 813 727 870 adhibite
749 811 823 869 effici
846 813 957 886 optima
973 830 1058 885 posse
1073 813 1136 869 visa
1158 823 1241 882 esset,
1263 835 1355 890 eaque
1376 817 1473 876 forma

414 897 452 951 ab
474 895 648 962 Hertziaua,
679 914 843 969 quanquam
868 896 893 950 is
915 905 944 951 et
963 894 998 951 de
1021 895 1127 951 codicis
1147 895 1203 952 fide
1226 900 1394 957 aestimauda
1416 921 1472 958 no·

412 979 522 1034 biscum
551 980 724 1035 consentiret
751 991 780 1034 et
806 978 985 1052 superiorum
1016 990 1179 1034 nostrorum
1202 980 1382 1040 inventorum
1405 1004 1471 1060 per·

412 1062 490 1117 bona
519 1074 602 1135 parte
630 1081 698 1118 usus
728 1071 818 1128 esset,
850 1061 954 1135 partim
989 1073 1107 1135 propter
1135 1062 1231 1119 iudicii
1266 1065 1471 1136 diversitatem,

412 1145 517 1220 partim
543 1158 660 1218 propter
682 1144 818 1201 maiorem
842 1144 987 1217 quandam
1007 1145 1136 1201 veritatis
1157 1145 1300 1215 fiduciam,
1324 1161 1470 1223 postremo

412 1239 530 1301 propter
553 1247 631 1284 nova
656 1228 774 1284 inventa
799 1247 857 1282 nou
880 1228 979 1301 paucis
1001 1225 1071 1283 locis
1087 1203 1235 1298 differret,
1257 1242 1284 1286 et
1306 1251 1418 1306 aequum
1441 1244 1471 1290 et

412 1311 593 1367 commodum
617 1311 777 1377 videbatur,
792 1310 876 1366 huius
897 1323 1003 1366 nostras
1024 1311 1196 1367 recensionis
1212 1331 1274 1368 cum
1292 1316 1390 1372 codice
1405 1317 1469 1391 ipso

411 1405 550 1467 perpetuo
573 1393 777 1450 contendendae
798 1394 827 1449 in
849 1393 913 1467 ipso
935 1403 1034 1450 nostro
1059 1394 1192 1468 exemplo
1214 1407 1384 1470 potestatem
1406 1400 1468 1456 fleri

411 1475 489 1533 facili
511 1477 648 1550 brevique
669 1477 790 1542 ratione,
811 1476 876 1550 ipsa
897 1476 1003 1533 codicis
1025 1477 1167 1550 scriptura
1188 1491 1217 1534 et
1238 1482 1469 1539 emendationum

411 1560 597 1616 annotatione
617 1559 735 1633 singulis
759 1559 871 1633 paginis
893 1560 1029 1634 subiecta,
1052 1579 1109 1615 non
1132 1559 1245 1619 aliunde
1268 1564 1385 1620 moleste
1401 1565 1469 1638 peti,

411 1662 498 1716 quum
515 1644 670 1717 praesertim
686 1662 722 1698 ne
737 1642 766 1698 id
781 1641 896 1717 quidem
912 1643 1011 1699 inutile
1025 1641 1151 1699 futurum
1173 1657 1256 1710 esset„
1279 1647 1468 1705 Vahleniauae

410 1726 571 1783 collationis
593 1727 677 1782 fidem
701 1725 778 1782 edita
799 1726 891 1781 altera
913 1725 1045 1782 universe
1074 1727 1253 1798 confirmari,
1283 1730 1418 1786 adiuncta
1438 1733 1469 1788 in

410 1809 510 1884 paucis
530 1810 601 1865 locis
623 1809 684 1865 sive
707 1809 884 1865 correctione
906 1810 967 1865 sive
988 1808 1196 1885 supplemento.

491 1893 585 1950 Nobis
615 1892 707 1948 codex
728 1892 963 1948 Vindobonensis
991 1911 1048 1948 uon
1082 1903 1159 1948 totus
1187 1895 1224 1951 ab
1257 1914 1315 1952 uno
1344 1897 1467 1953 collatus

409 1983 461 2032 est.
498 1977 575 2032 Nem
596 1975 701 2031 librum
717 1975 791 2030 XLI
807 1987 835 2030 et
851 1975 968 2043 XLIII,
989 1985 1048 2031 tutu
1068 1975 1173 2032 XLIV
1195 1987 1305 2053 partem
1328 1980 1467 2036 maiorem

409 2059 446 2115 ab
470 2058 550 2115 initio
574 2059 612 2114 ad
634 2077 657 2114 c.
682 2061 720 2115 35
744 2059 819 2127 (curu
842 2058 898 2113 hoc
919 2057 995 2131 ipso)
1018 2059 1060 2116 Io.
1074 2059 1310 2128 Forchhammer,
1332 2063 1377 2119 vir
1399 2063 1468 2119 mihi

409 2141 599 2198 amicissimus
627 2153 655 2197 et
677 2159 747 2197 meae
767 2140 924 2214 disciplinae
946 2140 1092 2211 alumnus,
1120 2161 1195 2198 nunc
1223 2143 1251 2199 in
1273 2145 1373 2201 schola
1395 2146 1467 2203 Ael-

409 2226 543 2299 burgensi
568 2224 724 2299 superioris
746 2224 853 2279 ordinis
878 2224 1022 2294 magister,
1044 2243 1070 2280 s.
1093 2227 1167 2282 1853
1188 2227 1307 2283 contulit
1330 2247 1394 2284 cum
1417 2249 1468 2286 ex·

309 2307 318 2314 ’
408 2309 503 2382 emplo
536 2307 765 2364 Tauchuitziano
793 2307 978 2382 (Kreyssigii)
1014 2326 1041 2363 a¹
1074 2311 1159 2377 1848,
1190 2309 1292 2365 librum
1322 2311 1412 2369 XLII
1442 2321 1470 2369 et

409 2391 507 2457 XLv,
531 2402 590 2446 tum
613 2390 753 2463 reliquam
776 2401 886 2463 partem
905 2390 1008 2446 XLIV
1028 2389 1058 2463 (a
1078 2409 1141 2465 cap.
1159 2393 1209 2461 36)
1232 2394 1469 2452 Forchhammeri

407 2486 512 2549 rogatu
539 2475 584 2530 vir
608 2473 709 2529 doctus
732 2472 897 2530 Germanus
928 2491 991 2528 cum
1022 2475 1154 2548 exemplo
1178 2476 1466 2550 Drakenborehiam,

408 2559 488 2614 cuius
510 2557 671 2612 collationis
695 2575 782 2629 quum
804 2575 872 2630 pars
895 2556 1001 2630 aliqua,
1023 2557 1124 2632 viginti
1147 2578 1232 2614 unum
1255 2561 1349 2633 prima
1370 2563 1466 2636 capita

406 2641 472 2698 libri
495 2641 592 2697 'XLII
623 2640 830 2713 complectens,
871 2657 939 2696 casu
971 2639 1175 2708 intercidisset,
1211 2661 1246 2698 ea
1274 2643 1467 2702 intercedente

407 2725 447 2781 H.
470 2723 603 2781 Bonitzio
636 2722 769 2796 suppleta
801 2731 844 2776 est
877 2741 903 2777 a.
932 2725 1007 2780 1859
1035 2742 1052 2777 a
1078 2722 1156 2780 Guil.
1183 2725 1352 2782 Faustkam.
1399 2729 1467 2802 lpse

408 2820 504 2863 autem
527 2825 603 2862 anuo
625 2805 787 2878 superiore,
816 2822 922 2877 quum,
943 2814 975 2860 ut
996 2805 1072 2872 dixi,
1095 2805 1299 2864 Vindobouam
1320 2809 1467 2884 profectus

407 2909 509 2960 essem,
531 2902 622 2944 totum
645 2889 749 2944 librum
771 2888 842 2944 XLI
867 2899 896 2944 et
918 2888 981 2944 libri
1003 2889 1093 2945 XLII
1116 2890 1211 2965 capita
1235 2893 1351 2966 triginta
1372 2894 1468 2967 prima

405 2974 509 3030 iterum
531 2971 747 3046 diligentissime
769 2989 832 3027 cum
857 2971 990 3046 exemplo
1013 2973 1241 3031 Taurhnitziano
1264 2977 1378 3043 contuli,
1400 2978 1467 3034 reli-

407 3076 529 3132 quorum
552 3055 690 3110 librorum
714 3054 901 3128 experimenti
917 3072 1005 3110 causa
1020 3074 1125 3130 parvas
1142 3059 1280 3130 quasdam
1299 3060 1465 3133 particulas.
1551 3095 1556 3112 .

406 3148 453 3198 Ac
480 3137 719 3196 Forchhammeri
747 3137 860 3211 quidem
894 3138 1041 3212 diligentie
1078 3141 1174 3196 omnia
1202 3143 1319 3198 minima
1346 3161 1466 3200 accura-

405 3224 515 3280 tissime
542 3221 688 3284 (indicatis
712 3221 797 3276 etiam
820 3237 953 3276 versuum
977 3221 1102 3277 omnium
1125 3224 1229 3280 finibus
1251 3237 1279 3280 et
1300 3226 1348 3282 ubi
1370 3226 1473 3284 littera·

405 3327 433 3363 m
454 3316 504 3362 aut
524 3324 543 3359 n
563 3304 670 3360 lineola
691 3313 792 3359 notata
813 3302 900 3377 esset)
924 3313 1074 3377 persecuta
1096 3315 1147 3374 est,
1169 3308 1240 3364 nihil
1261 3318 1293 3363 ut
1307 3309 1467 3367 desiderari

405 3389 515 3464 possit,
540 3388 624 3461 eique
653 3387 739 3443 etiam
768 3385 951 3442 dissentiente
974 3388 1093 3444 Hertzio
1120 3389 1186 3464 (aut
1208 3391 1364 3463 Vahlenio)
1394 3394 1466 3450 fides

406 3473 468 3529 lere
490 3471 596 3544 ubique
619 3470 753 3526 habenda
777 3481 835 3537 est3
867 3488 1009 3543 nusquam
1033 3472 1149 3528 omuino
1172 3493 1297 3530 errorem
1320 3483 1370 3530 aut
1392 3476 1466 3534 obli·

406 3556 521 3612 viouem
552 3553 713 3628 obrepsisse
745 3552 809 3628 quis
843 3547 1036 3627 spondeat?¹)
1104 3556 1208 3631 Neque
1240 3557 1308 3614 mihi
1339 3558 1381 3625 is,
1415 3559 1466 3634 qui

426 3813 453 3877 ¹)
474 3810 594 3875 Exempli
613 3823 691 3857 causa
708 3807 763 3855 hac
780 3822 887 3870 ponam:
906 3807 975 3866 XLI,
993 3813 1030 3866 13,
1050 3815 1064 3857 6
1084 3811 1167 3860 codex
1185 3826 1237 3860 non
1255 3811 1334 3860 habet
1349 3813 1467 3876 postulati

477 3882 551 3944 (Η),
578 3881 620 3929 sed
639 3876 781 3943 postulanti,
810 3878 901 3926 litteris
925 3887 951 3926 nt
974 3880 997 3925 in
1022 3879 1071 3927 fine
1090 3896 1175 3929 versus
1194 3883 1219 3928 iu
1238 3896 1317 3929 unum
1336 3884 1464 3943 conflatis,

476 3958 517 4007 20,
541 3956 625 4000 sucu
644 3949 770 4005 incoatum,
788 3949 833 3994 sed
852 3947 984 4006 incoatum,
1003 3949 1098 4005 XLIII.
1120 3957 1157 4010 14,
1181 3957 1191 3998 l
1213 3966 1264 3999 uon
1280 3967 1307 4015 p.
1324 3955 1465 4016 postumius,

476 4023 521 4071 sed
539 4020 555 4070 Ι,
571 4019 708 4083 poemenius,
751 4018 791 4064 Ex
814 4017 871 4064 libri
897 4017 970 4066 XLII
988 4020 1113 4081 capitibus
1133 4021 1231 4082 primu,
1250 4035 1305 4083 quae
1323 4033 1381 4085 post
1398 4026 1465 4074 alios

476 4093 529 4155 ipse
553 4089 664 4145 contuli,
690 4087 744 4134 hae
763 4087 879 4148 exempla
897 4088 959 4135 sint:
979 4104 1000 4135 c.
1018 4094 1067 4147 t‚5
1087 4091 1112 4137 iu
1131 4093 1187 4140 cod.
1207 4101 1246 4140 est
1264 4093 1383 4158 crossiper
1401 4095 1465 4156 (non

477 4161 624 4223 cramipen),
647 4163 674 4215 1,
695 4156 779 4205 tisoni
795 4157 819 4204 in
837 4155 888 4205 ulla
907 4159 970 4217 (uon
987 4159 1048 4207 socii
1063 4158 1132 4222 ulla),
1158 4166 1186 4219 3,
1209 4166 1239 4210 10
1258 4161 1431 4227 ἰαεαίανέαᾳιιο,
1452 4183 1465 4214 c

476 4231 562 4279 littere
574 4227 700 4285 confossa,
720 4231 772 4282 4,4
790 4243 814 4289 q.
836 4225 962 4276 cornelium
980 4229 1044 4290 (nou
1059 4246 1085 4293 p.
1108 4229 1259 4296 cornelium),
1283 4237 1305 4290 5,
1327 4238 1340 4282 7
1360 4250 1389 4282 ea
1408 4251 1466 4283 con·
