3475 5084
539 470 616 523 Liber
633 470 731 521 XLIII.
778 471 825 535 (Δ.
846 470 907 522 cnr.
930 471 1001 537 171.)
1205 478 1262 533 119

235 671 290 727 que
310 653 443 722 eredere,
466 651 570 710 Carnis
592 653 715 710 forsitan
738 662 789 709 aut
806 653 915 710 Histris
937 654 1043 711 bellum
1065 654 1196 716 inlatum.
1225 658 1303 713 Tum
1327 656 1345 712 8

234 757 450 830 Aquileienses,
475 757 546 813 nihil
574 776 605 813 se
628 756 704 813 ultra
725 758 798 814 scire
819 776 873 813 nec
895 759 1002 815 audere
1024 759 1193 831 adfirmare,
1216 780 1305 835 quam

235 861 328 917 XXX
347 861 462 917 dierum
483 862 659 919 frumentum
682 862 765 917 militi
788 863 888 919 datum
911 872 939 918 et
962 864 1068 935 duces,
1091 865 1141 936 qui
1161 883 1198 920 ex
1216 865 1305 921 ltalia

234 963 335 1021 itinera
349 966 383 1021 iu
397 967 600 1023 Macedoniam
616 976 743 1038 nossent,
764 967 941 1041 conquisitos
963 968 1170 1039 abductosque.
1203 969 1304 1025 Enim·
1327 972 1345 1027 9

233 1086 299 1123 vero
321 1081 447 1125 senatus
469 1071 623 1145 indignari,
645 1082 756 1127 tantum
775 1072 922 1128 consulem
942 1090 1054 1141 ausum,
1077 1084 1108 1128 ut
1129 1092 1212 1129 suam
1235 1092 1303 1148 pro·
1352 1122 1356 1125 .

232 1171 355 1229 vinciam
380 1175 572 1249 relinqueret,
596 1176 626 1231 in
649 1171 772 1232 alienam
795 1175 945 1245 transiret,
974 1177 1131 1233 exercitum
1154 1195 1231 1233 novo
1253 1196 1303 1251 pe·

231 1277 416 1353 riculosoque
443 1280 545 1336 itinere
571 1280 646 1336 inter
674 1292 790 1337 exteras
811 1291 912 1354 gentes
934 1280 1060 1350 duceret,
1086 1282 1163 1337 viam
1186 1291 1229 1337 tot
1250 1300 1303 1337 na·

230 1380 358 1437 tionibus
395 1384 426 1439 in
456 1385 573 1441 Italiam
607 1385 742 1459 aperiret.
796 1385 963 1442 Decernunt
994 1383 1176 1458 frequentes,
1208 1394 1240 1441 ut
1268 1384 1303 1445 Ο.
1328 1390 1364 1446 10

231 1484 378 1560 Sulpicius
411 1501 519 1563 praetor
547 1501 605 1545 tres
634 1508 671 1544 ex
697 1498 799 1545 senatu
821 1488 950 1544 nominet
971 1488 1099 1562 legatos,
1129 1490 1178 1563 qui
1200 1508 1234 1545 eo
1257 1489 1303 1546 die

231 1592 457 1663 proficiscantur
481 1613 518 1650 ex
532 1596 604 1650 urbe
621 1602 658 1664 et,
681 1605 819 1667 quantum
841 1593 1007 1649 adcelerare
1024 1594 1146 1667 possint,
1168 1593 1301 1651 Cassium

231 1697 400 1768 consulem,
433 1690 606 1772 abitumque
627 1698 679 1767 sit,
705 1708 929 1775 persequantur;
959 1698 1106 1767 nuntient,
1136 1698 1301 1755 nobellum
1330 1705 1360 1759 11

232 1817 293 1855 eum
317 1803 382 1858 nlla
400 1814 487 1877 gente
508 1812 641 1876 moveat,
670 1802 726 1858 nisi
747 1822 812 1861 curn
838 1821 896 1875 qna
918 1811 1035 1884 senatus
1055 1803 1212 1875 gerendum
1236 1822 1301 1859 cen·
1385 1836 1386 1843 .

233 1906 326 1965 suerit.
375 1907 483 1981 Legati
504 1907 534 1964 hi
555 1906 692 1981 profecti:
719 1908 759 1965 M.
773 1906 924 1964 Cornelius
942 1905 1096 1981 Cethegus,
1115 1908 1156 1963 M.
1171 1908 1302 1979 Fulvius,

232 2006 265 2062 P.
285 2010 421 2066 Marcius
441 2013 516 2068 Rex.
567 2012 663 2067 Metus
695 2012 731 2067 de
760 2011 877 2066 consule
908 2012 1003 2085 adque
1032 2011 1160 2068 exercitu
1191 2012 1302 2085 distulit
1327 2010 1363 2067 12

234 2129 266 2168 eo
285 2123 423 2189 tempore
445 2116 606 2171 muniendas
628 2116 772 2189 Aquileiae
795 2134 904 2172 curam.

313 2220 470 2294 Hispaniae
503 2221 606 2277 deinde
635 2220 784 2293 utriusque
813 2220 902 2294 legati
930 2219 1040 2293 aliquot
1069 2218 1242 2293 populorum
1271 2221 1301 2277 in
1364 2214 1384 2283 2

235 2331 364 2379 senatum
387 2325 554 2385 introducti.
597 2325 633 2396 li,
655 2326 691 2381 de
713 2327 933 2399 magistratuum
954 2326 1153 2407 Romanorum
1176 2323 1301 2380 avaritia
1324 2330 1342 2382 2

234 2430 429 2502 superbiaque
445 2431 604 2503 conquesti,
626 2430 686 2485 nixi
707 2431 827 2503 genibus
850 2430 888 2485 ab
910 2438 1012 2484 senatu
1034 2428 1187 2502 petierunt,
1210 2447 1301 2485 nese
1335 2476 1340 2485 .

234 2532 323 2589 socios
346 2532 455 2591 foedius
476 2535 595 2609 spoliari
613 2536 771 2607 vexarique
799 2552 886 2607 qnam
909 2534 1006 2589 hostes
1028 2533 1185 2608 patiantur.
1225 2531 1300 2590 Cum
1323 2538 1339 2593 3

234 2638 337 2693 atalia
358 2639 481 2713 indigna
504 2649 703 2713 quererentur,
726 2638 911 2694 manifestum
934 2646 1030 2701 autem
1054 2648 1138 2708 esset,
1160 2639 1298 2712 pecunias

235 2751 346 2813 captas,
370 2745 405 2801 L.
429 2742 568 2800 Canuleio
590 2743 722 2818 praetori,
745 2744 795 2817 qni
815 2743 989 2817 Hispaniam
1009 2743 1127 2798 sortitus
1149 2752 1227 2813 erat,
1249 2762 1299 2799 ne·

236 2844 341 2914 gotium
365 2849 467 2904 datum
489 2859 547 2915 est,
569 2848 651 2903 utin
672 2848 816 2921 singulos,
848 2868 866 2903 a
888 2848 992 2920 quibus
1015 2847 1138 2921 Hispani
1161 2848 1299 2921 pecunias

235 2962 404 3021 repeterent,
427 2952 530 3026 quinos
551 2966 770 3026 recuperatores
790 2971 828 3008 ex
842 2952 943 3007 ordine
964 2952 1111 3008 senatorio
1134 2952 1224 3020 daret,
1246 2970 1299 3026 po.-

235 3058 400 3131 trouosque,
423 3075 496 3131 quos
518 3056 643 3127 vellent,
664 3056 795 3112 sumendi
817 3066 991 3131 potestatem
1013 3055 1133 3112 faceret.
1177 3056 1299 3112 Vocatis
1322 3062 1340 3115 4

235 3151 385 3217 incuriam
400 3161 504 3235 legatis
527 3161 679 3218 recitatum
701 3170 746 3215 est
766 3159 1071 3231 senatusconsultum,
1095 3160 1224 3234 iussique
1245 3179 1298 3217 no·

238 3260 341 3321 minare
362 3277 514 3341 patronos.
557 3266 704 3337 Quattuor
726 3265 964 3336 nominaverunt,
986 3267 1030 3343 Μ,
1050 3266 1186 3323 Ρο101111
1210 3263 1299 3321 Cato·
1323 3270 1339 3323 5

236 3380 314 3438 nem,
349 3372 386 3427 P.
418 3369 584 3427 Cornelium
613 3368 666 3427 Cn.
694 3370 731 3429 F.
754 3370 934 3444 Scipionem,
969 3370 1002 3429 L.
1030 3371 1182 3428 AEmilium
1205 3371 1239 3427 L.
1261 3370 1298 3426 F.

238 3548 464 3566 M

241 3671 282 3732 9,3
292 3682 436 3742 periculoso
444 3682 499 3747 My.
520 3682 615 3729 4inter
627 3686 724 3729 ceteras
734 3679 838 3746 {ducere
851 3679 926 3731 Gran.
948 3682 1067 3745 seperire
1080 3679 1154 3731 Gran.
1175 3680 1241 3741 10‚2
1252 3682 1297 3731 trit

240 3763 253 3806 ³
265 3777 367 3825 possent
377 3768 432 3833 Mq.
441 3768 497 3818 Em.
505 3766 561 3817 550
591 3767 634 3831 11,
648 3773 659 3815 l
676 3782 724 3815 nee
738 3767 833 3815 bellum
851 3773 936 3817 tcum
950 3766 1176 3831 qnaelcensuerant
1185 3766 1295 3817 Perizon.

241 3861 323 3931 (Gry...
331 3874 480 3934 censuerat)
494 3871 552 3919 ahit
563 3872 638 3921 Gron.
647 3870 737 3934 (Gryn.
745 3871 775 3933 ii)
784 3866 788 3931 l
798 3879 902 3932 cetegus
921 3852 968 3935 tp'.
983 3852 1064 3919 mrex
1086 3870 1128 3929 12,
1143 3876 1236 3919 lmetu
1262 3870 1296 3929 lt,

241 3945 395 4022 1,taliquod
425 3964 541 4005 asenam
552 3953 636 4020 81901.
668 3955 943 4015 2,liutrodnctiidem
955 3957 1149 4017 magistratuum
1183 3963 1298 4020 suuper-

240 4032 325 4101 bisque
340 4058 398 4107 quas
416 4043 548 4105 conquesti
577 4042 701 4091 shostiis
730 4042 780 4101 3,2
795 4044 902 4104 Indigna
917 4041 1095 4107 q.lrererentur
1128 4041 1296 4090 8011111010

244 4138 256 4183 ⁵
280 4142 351 4210 Gryn.
378 4154 496 4210 peterent
519 4146 525 4207 Ι
550 4145 642 4207 quinos
665 4152 845 4208 recuperarent
873 4160 907 4193 ex
951 4144 982 4204 4,
1001 4150 1015 4193 2
1035 4126 1078 4194 ,sc
1103 4145 1108 4208 Ι
1131 4146 1265 4193 nominare
1286 4127 1298 4193 1

243 4233 352 4283 latrones
386 4232 412 4294 5,
432 4238 447 4281 2
467 4231 549 4296 scipio
565 4231 602 4294 ΙΙ.
622 4232 746 4281 amilium
763 4230 781 4281 1.
795 4248 829 4281 m.
851 4232 942 4297 (Grpe.
957 4232 993 4281 M.
1008 4231 1053 4294 F.)
1068 4222 1176 4295 paulum
1195 4230 1297 4295 Ptqtua
