3475 5084
489 543 508 598 6
896 543 1052 621 Ftagrqentu
1152 544 1156 559 '

531 741 603 797 Hase
623 760 720 798 seeum
743 740 856 816 agitans
873 741 1017 801 Sertorius
1039 751 1143 818 prester
1153 740 1295 799 Hiberum
1318 760 1428 799 amnem
1449 762 1490 817 per

449 857 571 923 pacatos
593 863 680 923 agros
702 846 829 921 quietum
852 848 1008 904 exercitum
1030 846 1092 904 sins
1107 847 1191 904 ullius
1205 866 1283 904 noxe
1298 847 1389 904 duxit
1429 850 1490 905 Pro-

448 952 539 1010 fectus
561 953 626 1011 inde
647 955 676 1011 in
688 951 869 1009 Bursaonum
894 963 923 1009 et
934 952 1172 1011 Cascantinorum
1189 962 1218 1010 et
1228 952 1492 1012 Graccuritanorum

448 1058 529 1128 fines,
551 1056 689 1114 evastatis
714 1057 846 1115 omnibus
864 1059 1095 1134 proculcatisque
1109 1060 1263 1135 segetibus,
1285 1059 1322 1116 ad
1339 1057 1494 1135 Calugnrin

448 1163 599 1234 Nasicam,
621 1164 764 1221 sociorum
789 1166 898 1233 urbem,
919 1165 1007 1234 venit,
1027 1170 1282 1241 transgressusque
1303 1184 1419 1222 amnem
1440 1186 1496 1241 pro

451 1268 589 1345 pinqnum
601 1269 674 1339 urbi,
686 1280 773 1346 ponte
783 1270 872 1341 facto,
889 1281 984 1328 castro
995 1270 1101 1346 posuit.
1132 1272 1256 1329 Postero
1268 1271 1315 1329 die
1327 1272 1370 1329 M.
1382 1272 1496 1328 Masinrn

450 1385 620 1449 qusestorem
653 1376 682 1435 in
703 1380 838 1435 Arveoos
861 1387 890 1435 ot
911 1375 1087 1434 Cerindones
1117 1376 1194 1434 misit
1218 1378 1257 1433 ad
1284 1378 1498 1435 conscribendos

449 1481 542 1537 exiis
564 1482 697 1556 gentibus
721 1482 838 1552 milites,
867 1483 1100 1557 frumentumque
1128 1483 1195 1541 inde
1217 1481 1421 1555 Contrebiam,
1449 1503 1499 1558 qua

449 1588 587 1645 Leucada
608 1588 784 1663 appellatur,
813 1581 1069 1664 comportandum,
1098 1597 1202 1663 praeter
1223 1607 1310 1662 quam
1333 1590 1436 1645 urbem
1456 1608 1499 1664 ορ·
1550 1646 1551 1649 ,

449 1694 669 1771 portunissimus
707 1714 745 1752 ex
771 1694 934 1752 Beronibus
969 1695 1106 1751 transitus
1134 1703 1211 1762 erat,
1249 1695 1278 1751 in
1307 1713 1500 1769 quameunque
1550 1670 1551 1677 ἵ

449 1801 595 1877 regionem
615 1800 719 1857 ducere
734 1800 889 1858 exereitum
908 1800 1069 1871 statuisset3
1091 1810 1119 1858 et
1131 1798 1164 1857 C.
1175 1801 1326 1870 Insteium,
1342 1799 1500 1874 prefectum

449 1906 594 1980 equitum,
631 1904 787 1979 Segouiam
818 1916 847 1963 et
879 1906 908 1962 in
935 1906 1126 1965 Vaoeaeorum
1158 1917 1273 1981 gentem
1310 1907 1350 1963 ad
1383 1907 1501 1982 equitnm

451 2009 690 2085 conquisitionem
720 2012 812 2081 misit,
847 2012 956 2069 iussum
989 2031 1054 2069 cnm
1081 2013 1224 2088 equit-ibus
1253 2011 1421 2071 Contrebiae
1449 2030 1502 2069 sese

450 2117 585 2193 opperiri.
632 2117 768 2175 Dimissis
796 2118 831 2175 iis
857 2119 920 2194 ipse
940 2118 1102 2194 profectus,
1132 2135 1185 2192 per
1206 2118 1376 2175 Vasconum
1410 2137 1502 2193 agrum

450 2226 537 2282 dueto
563 2223 705 2291 exercitu,
733 2224 763 2280 in
791 2224 914 2281 confinio
939 2225 1084 2281 Beronum
1115 2224 1210 2298 posuit
1231 2232 1336 2281 eastra.
1387 2226 1504 2282 Postero

450 2332 497 2388 die
524 2350 589 2389 enm
618 2329 761 2405 equitibus
789 2347 966 2405 praegressus
997 2331 1034 2386 ad
1064 2329 1168 2387 itinera
1200 2331 1398 2405 exploranda,
1435 2331 1505 2389 iusso

450 2438 547 2513 pedite
577 2437 719 2512 quadrato
753 2436 867 2511 agmine
904 2436 1000 2510 sequi,
1044 2436 1082 2491 ud
1111 2435 1268 2505 Vareiam,
1300 2436 1505 2495 validissimam

450 2544 578 2619 regionis
610 2543 671 2601 eius
704 2542 820 2611 urbem,
850 2542 936 2599 venit
997 2542 1086 2599 Haud
1113 2542 1330 2617 inopinantibus
1361 2543 1399 2603 iis
1430 2554 1508 2613 noetu

423 2721 428 2731 .
452 2650 618 2706 advenerat.
660 2648 796 2723 Undique
818 2646 962 2722 equitibus
985 2656 1013 2703 et
1034 2664 1093 2703 sose
1114 2647 1207 2722 gentis
1232 2656 1260 2704 et
1281 2648 1472 2707 Autriconum

871 2796 914 2847 Ex
931 2796 970 2847 ἰῶ.
990 2793 1061 2847 XCI
1063 2795 1093 2847 V.

522 2893 567 2958 21)
587 2891 675 2941 Livius
693 2892 721 2939 in
738 2891 804 2940 libro
822 2892 992 2954 nonagesimo
1010 2898 1101 2953 quarto
1120 2889 1248 2938 Inarimen
1271 2890 1299 2938 in
1317 2892 1441 2941 Mssoniae
1460 2908 1511 2956 par·
1547 2878 1548 2897 ¹

452 2987 520 3036 tibus
537 2998 594 3037 esso
613 2985 688 3044 dieit3
711 2984 756 3033 ubi
774 3000 821 3049 par
846 2984 1032 3048 qninquaginta
1056 2982 1136 3033 millia
1158 2990 1230 3033 terras
1252 2984 1306 3045 igni
1330 2993 1433 3035 exustus
1450 2996 1509 3035 sunt

449 3081 509 3131 Hoe
529 3079 605 3128 etiam
624 3076 764 3127 Homerum
784 3076 942 3139 significasse
958 3076 1019 3125 vult.
1058 3072 1126 3126 Serv.
1145 3066 1181 3125 od
1197 3074 1280 3141 Virgil.
1297 3074 1360 3125 AEn.
1379 3075 1437 3139 IX,
1460 3076 1509 3127 715.

861 3214 905 3264 En
922 3213 961 3265 lit.
982 3211 1099 3264 XCVII.

522 3306 584 3376 22')
614 3308 730 3370 Triginta
760 3308 870 3372 quinque
900 3307 982 3357 millia
1013 3313 1169 3356 armatorum
1189 3304 1366 3372 (fugitivorum
1384 3321 1401 3353 a
1422 3303 1510 3355 Crasso

451 3401 588 3465 victorum)
613 3415 644 3450 so
661 3400 751 3465 proelio
769 3400 903 3450 interfecta
922 3414 978 3449 cum
998 3400 1059 3465 ipsis
1083 3398 1190 3448 ducibus
1207 3396 1295 3447 Livius
1313 3398 1400 3457 trudit,
1428 3412 1509 3463 recep·

450 3506 491 3546 tas
516 3497 627 3560 quinque
651 3493 781 3544 Romanu
810 3493 926 3558 aquilus,
960 3493 1034 3555 signu
1058 3478 1108 3541 sex*
1127 3499 1152 3540 et
1182 3491 1283 3554 viginti,
1314 3490 1396 3539 multe
1424 3492 1511 3557 spolia.

451 3592 518 3638 inter
536 3602 592 3652 qna
610 3587 692 3637 fasces
711 3601 768 3636 oum
787 3585 926 3635 securibus.
964 3584 1073 3635 Frontin.
1093 3581 1198 3647 Strutey.
1215 3581 1252 3643 ΙΙ,
1271 3582 1297 3641 5,
1316 3581 1359 3631 34.

852 3705 895 3754 Ex
913 3704 952 3755 lib.
973 3703 1105 3755 XCVIII.

521 3796 585 3862 2³⁸)
603 3794 715 3858 Λιούιος
734 3792 759 3850 δ’
778 3795 899 3864 εἴρηκεν,
932 3790 968 3856 ὡς
986 3790 1119 3849 οὐδέποτε
1133 3788 1264 3860 Ῥωμαῖοι
1281 3792 1428 3858 πολεμίοις
1448 3792 1510 3847 ἀπο-

452 3889 562 3953 δέοντες
586 3886 709 3961 τοσούτω
735 3888 838 3958 πλήθει
865 3885 1067 3953 παρετάξαντο·
1097 3883 1196 3954 σχεδὸν
1217 3882 1270 3952 γὰρ
1297 3880 1356 3938 οὐδ’
1377 3884 1509 3947 εἰκοστὸν,

452 3979 509 4037 ἀλλ’
529 3981 642 4038 ἔλαττον
661 3980 785 4048 tysiam
803 3978 886 4049 μέρος
912 3980 1084 4043 οἱνικῶντες
1107 3980 1162 4032 τῶν
1179 3974 1346 4048 ἡσσημένων.
1384 3978 1509 4030 Pramo

452 4076 548 4128 Lucull,
568 4076 612 4127 28.

522 4165 585 4235 24⁴)
606 4162 676 4234 Φησὶ
694 4161 724 4218 δὲ
743 4160 758 4218 ὁ
777 4163 890 4227 Λιούιος
908 4160 938 4217 ἕν
957 4160 1006 4232 μὲν
1023 4166 1057 4234 τῇ
1075 4161 1197 4235 προτέρᾳ
1218 4160 1462 4231 salvaeterrae,
1487 4160 1510 4213 ἐν

453 4257 483 4313 δὲ
500 4256 586 4328 ταύτῃ
603 4254 829 4326 γνωριμωτέρους
853 4260 945 4309 πεσεῖν
963 4254 1009 4309 καὶ
1028 4258 1172 4325 ληφθῆναι
1190 4257 1244 4308 τῶν
1267 4252 1413 4321 πολεμίων.
1458 4254 1509 4305 Pbr-

451 4352 529 4401 tarcis.
549 4350 646 4400 Lucull.
664 4349 706 4399 31.
