<?xml version="1.0" encoding="UTF-8"?>
<!DOCTYPE html PUBLIC "-//W3C//DTD XHTML 1.0 Transitional//EN"
    "http://www.w3.org/TR/xhtml1/DTD/xhtml1-transitional.dtd">
<html xmlns="http://www.w3.org/1999/xhtml" xml:lang="en" lang="en">
 <head>
  <title>
</title>
<meta http-equiv="Content-Type" content="text/html;charset=utf-8" />
  <meta name='ocr-system' content='tesseract 3.04.00' />
  <meta name='ocr-capabilities' content='ocr_page ocr_carea ocr_par ocr_line ocrx_word'/>
</head>
<body>
  <div class='ocr_page' id='page_1' title='image "./titiliviihistor02ussigoog_0042.png"; bbox 0 0 3475 5084; ppageno 0'>
   <div class='ocr_carea' id='block_1_1' title="bbox 461 499 1243 566">
    <p class='ocr_par' dir='ltr' id='par_1_1' title="bbox 461 499 1243 566">
     <span class='ocr_line' id='line_1_1' title="bbox 461 499 1243 566; baseline -0.019 -4"><span class='ocrx_word' id='word_1_1' title='bbox 461 505 496 562; x_wconf 77' lang='lat'><strong>12</strong></span> <span class='ocrx_word' id='word_1_2' title='bbox 604 555 609 566; x_wconf 83' lang='grc'><strong><em>,</em></strong></span> <span class='ocrx_word' id='word_1_3' title='bbox 728 501 896 554; x_wconf 68' lang='lat' dir='ltr'><strong>niteam.</strong></span> <span class='ocrx_word' id='word_1_4' title='bbox 934 501 983 564; x_wconf 78' lang='lat' dir='ltr'><strong>(A.</strong></span> <span class='ocrx_word' id='word_1_5' title='bbox 1004 515 1028 551; x_wconf 90' lang='lat' dir='ltr'><strong>u.</strong></span> <span class='ocrx_word' id='word_1_6' title='bbox 1049 515 1071 549; x_wconf 89' lang='lat' dir='ltr'><strong>c.</strong></span> <span class='ocrx_word' id='word_1_7' title='bbox 1092 499 1168 562; x_wconf 81' lang='lat' dir='ltr'><strong>stt.)</strong></span> <span class='ocrx_word' id='word_1_8' title='bbox 1242 529 1243 534; x_wconf 62' lang='lat'>=</span> 
     </span>
    </p>
   </div>
   <div class='ocr_carea' id='block_1_2' title="bbox 332 685 1486 2122">
    <p class='ocr_par' dir='ltr' id='par_1_2' title="bbox 332 685 1486 2122">
     <span class='ocr_line' id='line_1_2' title="bbox 414 685 1486 760; baseline 0 -15"><span class='ocrx_word' id='word_1_9' title='bbox 414 685 581 760; x_wconf 78' lang='lat' dir='ltr'><strong>Aquileiam</strong></span> <span class='ocrx_word' id='word_1_10' title='bbox 599 698 633 743; x_wconf 91' lang='lat' dir='ltr'><strong>nt</strong></span> <span class='ocrx_word' id='word_1_11' title='bbox 647 687 824 757; x_wconf 79' lang='lat' dir='ltr'><strong>conveniret,</strong></span> <span class='ocrx_word' id='word_1_12' title='bbox 845 706 882 744; x_wconf 87' lang='lat' dir='ltr'><strong>ns</strong></span> <span class='ocrx_word' id='word_1_13' title='bbox 903 686 974 760; x_wconf 89' lang='lat' dir='ltr'><strong>quid</strong></span> <span class='ocrx_word' id='word_1_14' title='bbox 994 704 1026 743; x_wconf 89' lang='lat' dir='ltr'><strong>ss</strong></span> <span class='ocrx_word' id='word_1_15' title='bbox 1040 687 1142 744; x_wconf 70' lang='lat' dir='ltr'><strong>Rome</strong></span> <span class='ocrx_word' id='word_1_16' title='bbox 1159 693 1278 756; x_wconf 76' lang='lat' dir='ltr'><strong>teneret,</strong></span> <span class='ocrx_word' id='word_1_17' title='bbox 1301 704 1359 760; x_wconf 91' lang='lat' dir='ltr'><strong>qno</strong></span> <span class='ocrx_word' id='word_1_18' title='bbox 1377 686 1486 759; x_wconf 74' lang='lat' dir='ltr'><strong>minus,</strong></span> 
     </span>
     <span class='ocr_line' id='line_1_3' title="bbox 356 789 1485 866; baseline 0.003 -20"><span class='ocrx_word' id='word_1_19' title='bbox 356 790 391 847; x_wconf 81' lang='lat' dir='ltr'><strong>tt</strong></span> <span class='ocrx_word' id='word_1_20' title='bbox 414 792 491 848; x_wconf 90' lang='lat' dir='ltr'><strong>votis</strong></span> <span class='ocrx_word' id='word_1_21' title='bbox 512 791 694 866; x_wconf 76' lang='lat' dir='ltr'><strong>nuncupatis,</strong></span> <span class='ocrx_word' id='word_1_22' title='bbox 716 791 873 866; x_wconf 85' lang='lat' dir='ltr'><strong>paludatus</strong></span> <span class='ocrx_word' id='word_1_23' title='bbox 894 792 930 849; x_wconf 87' lang='lat' dir='ltr'><strong>ab</strong></span> <span class='ocrx_word' id='word_1_24' title='bbox 949 793 1020 848; x_wconf 88' lang='lat' dir='ltr'><strong>urbe</strong></span> <span class='ocrx_word' id='word_1_25' title='bbox 1037 789 1138 849; x_wconf 82' lang='lat' dir='ltr'><strong>exiret.</strong></span> <span class='ocrx_word' id='word_1_26' title='bbox 1170 790 1242 847; x_wconf 82' lang='lat' dir='ltr'><strong>Haec</strong></span> <span class='ocrx_word' id='word_1_27' title='bbox 1259 808 1278 845; x_wconf 86' lang='lat' dir='ltr'><strong>a</strong></span> <span class='ocrx_word' id='word_1_28' title='bbox 1293 789 1407 864; x_wconf 76' lang='lat' dir='ltr'>collega</span> <span class='ocrx_word' id='word_1_29' title='bbox 1424 792 1485 849; x_wconf 92' lang='lat' dir='ltr'><strong>ob·</strong></span> 
     </span>
     <span class='ocr_line' id='line_1_4' title="bbox 413 894 1485 970; baseline -0.001 -18"><span class='ocrx_word' id='word_1_30' title='bbox 413 908 568 969; x_wconf 75' lang='lat' dir='ltr'>sequenter</span> <span class='ocrx_word' id='word_1_31' title='bbox 588 897 686 967; x_wconf 81' lang='lat' dir='ltr'><strong>factu,</strong></span> <span class='ocrx_word' id='word_1_32' title='bbox 709 897 864 970; x_wconf 84' lang='lat' dir='ltr'><strong>brevisque</strong></span> <span class='ocrx_word' id='word_1_33' title='bbox 894 896 955 953; x_wconf 88' lang='lat' dir='ltr'><strong>dies</strong></span> <span class='ocrx_word' id='word_1_34' title='bbox 984 895 1021 950; x_wconf 88' lang='lat' dir='ltr'><strong>ad</strong></span> <span class='ocrx_word' id='word_1_35' title='bbox 1050 894 1278 952; x_wconf 87' lang='lat' dir='ltr'><strong>conveniendum</strong></span> <span class='ocrx_word' id='word_1_36' title='bbox 1305 894 1401 950; x_wconf 83' lang='lat' dir='ltr'><strong>edicta</strong></span> <span class='ocrx_word' id='word_1_37' title='bbox 1429 904 1485 951; x_wconf 87' lang='lat' dir='ltr'><strong>est.</strong></span> 
     </span>
     <span class='ocr_line' id='line_1_5' title="bbox 356 998 1485 1077; baseline -0.003 -18"><span class='ocrx_word' id='word_1_38' title='bbox 356 1004 391 1060; x_wconf 84' lang='lat' dir='ltr'><strong>ts</strong></span> <span class='ocrx_word' id='word_1_39' title='bbox 414 998 555 1056; x_wconf 83' lang='lat' dir='ltr'><strong>Claudius</strong></span> <span class='ocrx_word' id='word_1_40' title='bbox 584 1021 675 1077; x_wconf 84' lang='lat' dir='ltr'>prope</span> <span class='ocrx_word' id='word_1_41' title='bbox 703 1013 874 1060; x_wconf 85' lang='lat' dir='ltr'><strong>consecutus</strong></span> <span class='ocrx_word' id='word_1_42' title='bbox 906 1010 950 1056; x_wconf 90' lang='lat' dir='ltr'><strong>est</strong></span> <span class='ocrx_word' id='word_1_43' title='bbox 979 998 1090 1056; x_wconf 88' lang='lat' dir='ltr'><strong>litteras</strong></span> <span class='ocrx_word' id='word_1_44' title='bbox 1119 1017 1197 1056; x_wconf 85' lang='lat' dir='ltr'><strong>snas.</strong></span> <span class='ocrx_word' id='word_1_45' title='bbox 1252 999 1397 1057; x_wconf 82' lang='lat' dir='ltr'>Contione</span> <span class='ocrx_word' id='word_1_46' title='bbox 1429 1000 1485 1056; x_wconf 84' lang='lat' dir='ltr'><strong>ad·</strong></span> 
     </span>
     <span class='ocr_line' id='line_1_6' title="bbox 413 1102 1485 1173; baseline 0 -12"><span class='ocrx_word' id='word_1_47' title='bbox 413 1105 532 1162; x_wconf 90' lang='lat' dir='ltr'><strong>veniens</strong></span> <span class='ocrx_word' id='word_1_48' title='bbox 554 1107 590 1163; x_wconf 89' lang='lat' dir='ltr'><strong>de</strong></span> <span class='ocrx_word' id='word_1_49' title='bbox 606 1107 717 1164; x_wconf 86' lang='lat' dir='ltr'><strong>Manlio</strong></span> <span class='ocrx_word' id='word_1_50' title='bbox 740 1117 769 1163; x_wconf 90' lang='lat' dir='ltr'><strong>et</strong></span> <span class='ocrx_word' id='word_1_51' title='bbox 785 1106 870 1164; x_wconf 90' lang='lat' dir='ltr'><strong>Iunio</strong></span> <span class='ocrx_word' id='word_1_52' title='bbox 892 1103 1001 1173; x_wconf 78' lang='lat' dir='ltr'><strong>habita,</strong></span> <span class='ocrx_word' id='word_1_53' title='bbox 1023 1122 1081 1160; x_wconf 88' lang='lat' dir='ltr'><strong>non</strong></span> <span class='ocrx_word' id='word_1_54' title='bbox 1103 1102 1179 1160; x_wconf 88' lang='lat' dir='ltr'><strong>ultra</strong></span> <span class='ocrx_word' id='word_1_55' title='bbox 1199 1103 1326 1161; x_wconf 82' lang='lat' dir='ltr'><strong>triduum</strong></span> <span class='ocrx_word' id='word_1_56' title='bbox 1349 1114 1485 1162; x_wconf 84' lang='lat' dir='ltr'><strong>moratus</strong></span> 
     </span>
     <span class='ocr_line' id='line_1_7' title="bbox 412 1206 1484 1284; baseline -0.002 -18"><span class='ocrx_word' id='word_1_57' title='bbox 412 1208 531 1276; x_wconf 77' lang='lat' dir='ltr'><strong>Rotnae,</strong></span> <span class='ocrx_word' id='word_1_58' title='bbox 554 1210 701 1284; x_wconf 80' lang='lat' dir='ltr'><strong>paludatis</strong></span> <span class='ocrx_word' id='word_1_59' title='bbox 729 1212 878 1270; x_wconf 84' lang='lat' dir='ltr'><strong>lictoribus</strong></span> <span class='ocrx_word' id='word_1_60' title='bbox 909 1208 1044 1282; x_wconf 89' lang='lat' dir='ltr'><strong>votisque</strong></span> <span class='ocrx_word' id='word_1_61' title='bbox 1073 1209 1102 1266; x_wconf 90' lang='lat' dir='ltr'><strong>in</strong></span> <span class='ocrx_word' id='word_1_62' title='bbox 1124 1206 1270 1282; x_wconf 86' lang='lat' dir='ltr'><strong>Capitolio</strong></span> <span class='ocrx_word' id='word_1_63' title='bbox 1297 1208 1484 1284; x_wconf 79' lang='lat' dir='ltr'><strong>nuncupatis,</strong></span> 
     </span>
     <span class='ocr_line' id='line_1_8' title="bbox 412 1311 1335 1392; baseline -0.001 -23"><span class='ocrx_word' id='word_1_64' title='bbox 412 1311 443 1370; x_wconf 90' lang='lat' dir='ltr'><strong>in</strong></span> <span class='ocrx_word' id='word_1_65' title='bbox 465 1314 645 1388; x_wconf 89' lang='lat' dir='ltr'><strong>provinciam</strong></span> <span class='ocrx_word' id='word_1_66' title='bbox 668 1336 750 1390; x_wconf 79' lang='lat' dir='ltr'><strong>aeque</strong></span> <span class='ocrx_word' id='word_1_67' title='bbox 774 1335 809 1374; x_wconf 86' lang='lat' dir='ltr'><strong>ac</strong></span> <span class='ocrx_word' id='word_1_68' title='bbox 832 1315 912 1392; x_wconf 92' lang='lat' dir='ltr'><strong>prius</strong></span> <span class='ocrx_word' id='word_1_69' title='bbox 937 1313 1076 1389; x_wconf 80' lang='lat' dir='ltr'><strong>praecipiti</strong></span> <span class='ocrx_word' id='word_1_70' title='bbox 1097 1312 1243 1370; x_wconf 85' lang='lat' dir='ltr'><strong>celeritate</strong></span> <span class='ocrx_word' id='word_1_71' title='bbox 1265 1312 1335 1369; x_wconf 85' lang='lat' dir='ltr'><strong>abit.</strong></span> 
     </span>
     <span class='ocr_line' id='line_1_9' title="bbox 332 1408 1484 1492; baseline 0.002 -18"><span class='ocrx_word' id='word_1_72' title='bbox 332 1408 370 1480; x_wconf 92' lang='lat' dir='ltr'><strong>ll</strong></span> <span class='ocrx_word' id='word_1_73' title='bbox 499 1420 606 1475; x_wconf 78' lang='lat' dir='ltr'><strong>Paucis</strong></span> <span class='ocrx_word' id='word_1_74' title='bbox 640 1430 707 1476; x_wconf 90' lang='lat' dir='ltr'><strong>ante</strong></span> <span class='ocrx_word' id='word_1_75' title='bbox 741 1420 842 1476; x_wconf 86' lang='lat' dir='ltr'><strong>diebus</strong></span> <span class='ocrx_word' id='word_1_76' title='bbox 884 1420 985 1478; x_wconf 90' lang='lat' dir='ltr'><strong>Iunius</strong></span> <span class='ocrx_word' id='word_1_77' title='bbox 1019 1417 1203 1491; x_wconf 84' lang='lat' dir='ltr'><strong>Manliusque</strong></span> <span class='ocrx_word' id='word_1_78' title='bbox 1245 1417 1384 1492; x_wconf 87' lang='lat' dir='ltr'><strong>oppidum</strong></span> <span class='ocrx_word' id='word_1_79' title='bbox 1419 1417 1484 1476; x_wconf 85' lang='lat' dir='ltr'><strong>Ns·</strong></span> 
     </span>
     <span class='ocr_line' id='line_1_10' title="bbox 414 1522 1484 1599; baseline 0.002 -21"><span class='ocrx_word' id='word_1_80' title='bbox 414 1522 551 1590; x_wconf 82' lang='lat' dir='ltr'><strong>sactinm,</strong></span> <span class='ocrx_word' id='word_1_81' title='bbox 585 1543 643 1598; x_wconf 92' lang='lat' dir='ltr'><strong>qno</strong></span> <span class='ocrx_word' id='word_1_82' title='bbox 672 1542 704 1580; x_wconf 92' lang='lat' dir='ltr'><strong>se</strong></span> <span class='ocrx_word' id='word_1_83' title='bbox 732 1524 875 1599; x_wconf 86' lang='lat' dir='ltr'><strong>principos</strong></span> <span class='ocrx_word' id='word_1_84' title='bbox 901 1525 1068 1580; x_wconf 77' lang='lat' dir='ltr'><strong>Histrorum</strong></span> <span class='ocrx_word' id='word_1_85' title='bbox 1091 1533 1119 1579; x_wconf 94' lang='lat' dir='ltr'><strong>et</strong></span> <span class='ocrx_word' id='word_1_86' title='bbox 1140 1522 1257 1596; x_wconf 83' lang='lat' dir='ltr'><strong>regulus</strong></span> <span class='ocrx_word' id='word_1_87' title='bbox 1278 1523 1341 1596; x_wconf 90' lang='lat' dir='ltr'><strong>ipse</strong></span> <span class='ocrx_word' id='word_1_88' title='bbox 1365 1523 1484 1597; x_wconf 90' lang='lat' dir='ltr'><strong>AEpnlo</strong></span> 
     </span>
     <span class='ocr_line' id='line_1_11' title="bbox 372 1625 1484 1704; baseline 0.003 -23"><span class='ocrx_word' id='word_1_89' title='bbox 372 1625 580 1701; x_wconf 63' lang='lat' dir='ltr'><strong>inceperat,</strong></span> <span class='ocrx_word' id='word_1_90' title='bbox 612 1647 727 1685; x_wconf 88' lang='lat' dir='ltr'><strong>summa</strong></span> <span class='ocrx_word' id='word_1_91' title='bbox 758 1631 788 1686; x_wconf 91' lang='lat' dir='ltr'><strong>vi</strong></span> <span class='ocrx_word' id='word_1_92' title='bbox 810 1639 1024 1704; x_wconf 87' lang='lat' dir='ltr'><strong>oppugnarunt.</strong></span> <span class='ocrx_word' id='word_1_93' title='bbox 1072 1628 1118 1685; x_wconf 90' lang='lat' dir='ltr'><strong>Eo</strong></span> <span class='ocrx_word' id='word_1_94' title='bbox 1141 1626 1280 1684; x_wconf 87' lang='lat' dir='ltr'><strong>Claudius</strong></span> <span class='ocrx_word' id='word_1_95' title='bbox 1303 1627 1418 1683; x_wconf 88' lang='lat' dir='ltr'><strong>duabus</strong></span> <span class='ocrx_word' id='word_1_96' title='bbox 1439 1627 1484 1684; x_wconf 87' lang='lat' dir='ltr'><strong>le-</strong></span> 
     </span>
     <span class='ocr_line' id='line_1_12' title="bbox 412 1731 1484 1804; baseline 0.002 -18"><span class='ocrx_word' id='word_1_97' title='bbox 412 1731 547 1804; x_wconf 81' lang='lat' dir='ltr'><strong>gionibus</strong></span> <span class='ocrx_word' id='word_1_98' title='bbox 568 1733 653 1789; x_wconf 88' lang='lat' dir='ltr'><strong>novis</strong></span> <span class='ocrx_word' id='word_1_99' title='bbox 674 1734 821 1803; x_wconf 84' lang='lat' dir='ltr'><strong>adductis,</strong></span> <span class='ocrx_word' id='word_1_100' title='bbox 850 1745 949 1790; x_wconf 86' lang='lat' dir='ltr'><strong>vetere</strong></span> <span class='ocrx_word' id='word_1_101' title='bbox 976 1733 1103 1790; x_wconf 88' lang='lat' dir='ltr'><strong>exercitu</strong></span> <span class='ocrx_word' id='word_1_102' title='bbox 1124 1751 1188 1790; x_wconf 88' lang='lat' dir='ltr'><strong>cum</strong></span> <span class='ocrx_word' id='word_1_103' title='bbox 1212 1732 1271 1787; x_wconf 90' lang='lat' dir='ltr'><strong>suis</strong></span> <span class='ocrx_word' id='word_1_104' title='bbox 1293 1731 1415 1788; x_wconf 91' lang='lat' dir='ltr'><strong>ducibus</strong></span> <span class='ocrx_word' id='word_1_105' title='bbox 1437 1732 1484 1788; x_wconf 87' lang='lat' dir='ltr'><strong>di-</strong></span> 
     </span>
     <span class='ocr_line' id='line_1_13' title="bbox 413 1834 1484 1913; baseline 0.003 -23"><span class='ocrx_word' id='word_1_106' title='bbox 413 1834 512 1904; x_wconf 76' lang='lat' dir='ltr'><strong>misso,</strong></span> <span class='ocrx_word' id='word_1_107' title='bbox 535 1837 597 1910; x_wconf 91' lang='lat' dir='ltr'><strong>ipse</strong></span> <span class='ocrx_word' id='word_1_108' title='bbox 618 1840 757 1913; x_wconf 89' lang='lat' dir='ltr'><strong>oppidum</strong></span> <span class='ocrx_word' id='word_1_109' title='bbox 780 1840 963 1896; x_wconf 86' lang='lat' dir='ltr'><strong>circumsedit</strong></span> <span class='ocrx_word' id='word_1_110' title='bbox 984 1849 1013 1895; x_wconf 91' lang='lat' dir='ltr'><strong>et</strong></span> <span class='ocrx_word' id='word_1_111' title='bbox 1035 1838 1126 1895; x_wconf 87' lang='lat' dir='ltr'><strong>vineis</strong></span> <span class='ocrx_word' id='word_1_112' title='bbox 1148 1854 1320 1912; x_wconf 85' lang='lat' dir='ltr'><strong>oppugnare</strong></span> <span class='ocrx_word' id='word_1_113' title='bbox 1340 1836 1484 1905; x_wconf 88' lang='lat' dir='ltr'><strong>intendit;</strong></span> 
     </span>
     <span class='ocr_line' id='line_1_14' title="bbox 374 1938 1484 2017; baseline 0.004 -26"><span class='ocrx_word' id='word_1_114' title='bbox 374 1938 587 2014; x_wconf 69' lang='lat' dir='ltr'><strong>domnamque</strong></span> <span class='ocrx_word' id='word_1_115' title='bbox 616 1945 854 2017; x_wconf 73' lang='lat' dir='ltr'><strong>praeterfluentem</strong></span> <span class='ocrx_word' id='word_1_116' title='bbox 891 1945 1012 2014; x_wconf 80' lang='lat' dir='ltr'><strong>moenia,</strong></span> <span class='ocrx_word' id='word_1_117' title='bbox 1051 1943 1101 2016; x_wconf 91' lang='lat' dir='ltr'><strong>qui</strong></span> <span class='ocrx_word' id='word_1_118' title='bbox 1138 1951 1167 1998; x_wconf 91' lang='lat' dir='ltr'><strong>et</strong></span> <span class='ocrx_word' id='word_1_119' title='bbox 1198 1940 1394 2016; x_wconf 89' lang='lat' dir='ltr'><strong>inpedimento</strong></span> <span class='ocrx_word' id='word_1_120' title='bbox 1426 1960 1484 2016; x_wconf 91' lang='lat' dir='ltr'><strong>op-</strong></span> 
     </span>
     <span class='ocr_line' id='line_1_15' title="bbox 412 2046 1483 2122; baseline 0.007 -25"><span class='ocrx_word' id='word_1_121' title='bbox 412 2047 609 2116; x_wconf 85' lang='lat' dir='ltr'><strong>pugnantibus</strong></span> <span class='ocrx_word' id='word_1_122' title='bbox 637 2059 701 2104; x_wconf 87' lang='lat' dir='ltr'><strong>erat</strong></span> <span class='ocrx_word' id='word_1_123' title='bbox 732 2059 761 2106; x_wconf 89' lang='lat' dir='ltr'><strong>et</strong></span> <span class='ocrx_word' id='word_1_124' title='bbox 786 2050 972 2122; x_wconf 87' lang='lat' dir='ltr'><strong>aquationem</strong></span> <span class='ocrx_word' id='word_1_125' title='bbox 1001 2048 1109 2106; x_wconf 89' lang='lat' dir='ltr'><strong>Histris</strong></span> <span class='ocrx_word' id='word_1_126' title='bbox 1130 2049 1292 2122; x_wconf 78' lang='lat' dir='ltr'><strong>praebebat,</strong></span> <span class='ocrx_word' id='word_1_127' title='bbox 1324 2046 1483 2105; x_wconf 87' lang='lat' dir='ltr'><strong>multorum</strong></span> 
     </span>
    </p>
   </div>
   <div class='ocr_carea' id='block_1_3' title="bbox 373 2145 1485 2228">
    <p class='ocr_par' dir='ltr' id='par_1_3' title="bbox 373 2145 1485 2228">
     <span class='ocr_line' id='line_1_16' title="bbox 373 2145 1485 2228; baseline 0.008 -27"><span class='ocrx_word' id='word_1_128' title='bbox 373 2145 390 2200; x_wconf 91' lang='grc'><strong>4</strong></span> <span class='ocrx_word' id='word_1_129' title='bbox 413 2148 523 2206; x_wconf 90' lang='lat' dir='ltr'><strong>dierum</strong></span> <span class='ocrx_word' id='word_1_130' title='bbox 549 2169 637 2226; x_wconf 90' lang='lat' dir='ltr'><strong>opere</strong></span> <span class='ocrx_word' id='word_1_131' title='bbox 657 2165 808 2228; x_wconf 87' lang='lat' dir='ltr'><strong>exceptum</strong></span> <span class='ocrx_word' id='word_1_132' title='bbox 832 2173 909 2211; x_wconf 91' lang='lat' dir='ltr'>novo</span> <span class='ocrx_word' id='word_1_133' title='bbox 932 2153 1016 2209; x_wconf 84' lang='lat' dir='ltr'><strong>alveo</strong></span> <span class='ocrx_word' id='word_1_134' title='bbox 1040 2153 1153 2210; x_wconf 82' lang='lat' dir='ltr'><strong>avertit.</strong></span> <span class='ocrx_word' id='word_1_135' title='bbox 1200 2153 1246 2210; x_wconf 85' lang='lat' dir='ltr'><strong>Ea</strong></span> <span class='ocrx_word' id='word_1_136' title='bbox 1267 2169 1313 2208; x_wconf 90' lang='lat' dir='ltr'><strong>res</strong></span> <span class='ocrx_word' id='word_1_137' title='bbox 1337 2153 1485 2210; x_wconf 85' lang='lat' dir='ltr'><strong>barbaros</strong></span> 
     </span>
    </p>
   </div>
   <div class='ocr_carea' id='block_1_4' title="bbox 372 2252 1484 3484">
    <p class='ocr_par' dir='ltr' id='par_1_4' title="bbox 372 2252 1484 3484">
     <span class='ocr_line' id='line_1_17' title="bbox 412 2252 1484 2334; baseline 0.007 -26"><span class='ocrx_word' id='word_1_138' title='bbox 412 2252 552 2310; x_wconf 87' lang='lat' dir='ltr'><strong>miraculo</strong></span> <span class='ocrx_word' id='word_1_139' title='bbox 576 2259 677 2315; x_wconf 89' lang='lat' dir='ltr'><strong>terruit</strong></span> <span class='ocrx_word' id='word_1_140' title='bbox 699 2259 820 2316; x_wconf 78' lang='lat' dir='ltr'><strong>abscisae</strong></span> <span class='ocrx_word' id='word_1_141' title='bbox 841 2277 941 2334; x_wconf 56' lang='lat' dir='ltr'><strong>aquam</strong></span> <span class='ocrx_word' id='word_1_142' title='bbox 975 2269 1003 2314; x_wconf 88' lang='lat' dir='ltr'><strong>ct</strong></span> <span class='ocrx_word' id='word_1_143' title='bbox 1035 2277 1071 2314; x_wconf 91' lang='lat' dir='ltr'><strong>ne</strong></span> <span class='ocrx_word' id='word_1_144' title='bbox 1103 2270 1163 2314; x_wconf 89' lang='lat' dir='ltr'><strong>tunt</strong></span> <span class='ocrx_word' id='word_1_145' title='bbox 1190 2257 1304 2331; x_wconf 85' lang='lat' dir='ltr'><strong>quidem</strong></span> <span class='ocrx_word' id='word_1_146' title='bbox 1335 2275 1484 2315; x_wconf 84' lang='lat' dir='ltr'><strong>memores</strong></span> 
     </span>
     <span class='ocr_line' id='line_1_18' title="bbox 411 2357 1484 2438; baseline 0.007 -27"><span class='ocrx_word' id='word_1_147' title='bbox 411 2357 502 2431; x_wconf 79' lang='lat' dir='ltr'><strong>pacis,</strong></span> <span class='ocrx_word' id='word_1_148' title='bbox 523 2357 554 2413; x_wconf 88' lang='lat' dir='ltr'><strong>in</strong></span> <span class='ocrx_word' id='word_1_149' title='bbox 578 2360 685 2418; x_wconf 85' lang='lat' dir='ltr'><strong>caedem</strong></span> <span class='ocrx_word' id='word_1_150' title='bbox 707 2363 862 2438; x_wconf 86' lang='lat' dir='ltr'><strong>coniugum</strong></span> <span class='ocrx_word' id='word_1_151' title='bbox 885 2383 919 2422; x_wconf 87' lang='lat' dir='ltr'><strong>ac</strong></span> <span class='ocrx_word' id='word_1_152' title='bbox 942 2364 1097 2420; x_wconf 86' lang='lat' dir='ltr'><strong>liberorum</strong></span> <span class='ocrx_word' id='word_1_153' title='bbox 1121 2361 1213 2430; x_wconf 83' lang='lat' dir='ltr'><strong>versi,</strong></span> <span class='ocrx_word' id='word_1_154' title='bbox 1236 2360 1322 2417; x_wconf 86' lang='lat' dir='ltr'><strong>etiam</strong></span> <span class='ocrx_word' id='word_1_155' title='bbox 1345 2371 1376 2417; x_wconf 91' lang='lat' dir='ltr'><strong>ut</strong></span> <span class='ocrx_word' id='word_1_156' title='bbox 1398 2379 1484 2436; x_wconf 86' lang='lat' dir='ltr'><strong>spec·</strong></span> 
     </span>
     <span class='ocr_line' id='line_1_19' title="bbox 412 2462 1484 2540; baseline 0.007 -23"><span class='ocrx_word' id='word_1_157' title='bbox 412 2462 509 2518; x_wconf 85' lang='lat' dir='ltr'><strong>taculo</strong></span> <span class='ocrx_word' id='word_1_158' title='bbox 540 2465 672 2523; x_wconf 89' lang='lat' dir='ltr'><strong>hostibus</strong></span> <span class='ocrx_word' id='word_1_159' title='bbox 704 2478 764 2525; x_wconf 89' lang='lat' dir='ltr'><strong>tam</strong></span> <span class='ocrx_word' id='word_1_160' title='bbox 796 2468 905 2526; x_wconf 82' lang='lat' dir='ltr'><strong>foedum</strong></span> <span class='ocrx_word' id='word_1_161' title='bbox 939 2466 1051 2526; x_wconf 84' lang='lat' dir='ltr'><strong>facinus</strong></span> <span class='ocrx_word' id='word_1_162' title='bbox 1079 2476 1168 2536; x_wconf 75' lang='lat' dir='ltr'><strong>esset,</strong></span> <span class='ocrx_word' id='word_1_163' title='bbox 1202 2466 1298 2540; x_wconf 86' lang='lat' dir='ltr'><strong>palam</strong></span> <span class='ocrx_word' id='word_1_164' title='bbox 1331 2465 1362 2521; x_wconf 89' lang='lat' dir='ltr'><strong>in</strong></span> <span class='ocrx_word' id='word_1_165' title='bbox 1391 2467 1484 2524; x_wconf 84' lang='lat' dir='ltr'><strong>muris</strong></span> 
     </span>
     <span class='ocr_line' id='line_1_20' title="bbox 372 2569 1484 2648; baseline 0.001 -22"><span class='ocrx_word' id='word_1_166' title='bbox 372 2572 389 2626; x_wconf 86' lang='lat'><strong>5</strong></span> <span class='ocrx_word' id='word_1_167' title='bbox 412 2569 571 2626; x_wconf 81' lang='lat' dir='ltr'><strong>trucidatos</strong></span> <span class='ocrx_word' id='word_1_168' title='bbox 598 2572 827 2646; x_wconf 79' lang='lat' dir='ltr'><strong>praecipitabant.</strong></span> <span class='ocrx_word' id='word_1_169' title='bbox 882 2575 963 2632; x_wconf 86' lang='lat' dir='ltr'><strong>Inter</strong></span> <span class='ocrx_word' id='word_1_170' title='bbox 991 2574 1077 2631; x_wconf 87' lang='lat' dir='ltr'><strong>simul</strong></span> <span class='ocrx_word' id='word_1_171' title='bbox 1108 2571 1364 2648; x_wconf 85' lang='lat' dir='ltr'><strong>complorationem</strong></span> <span class='ocrx_word' id='word_1_172' title='bbox 1396 2570 1484 2628; x_wconf 85' lang='lat' dir='ltr'><strong>ferni·</strong></span> 
     </span>
     <span class='ocr_line' id='line_1_21' title="bbox 412 2674 1484 2750; baseline 0.004 -23"><span class='ocrx_word' id='word_1_173' title='bbox 412 2690 515 2729; x_wconf 85' lang='lat' dir='ltr'><strong>narum</strong></span> <span class='ocrx_word' id='word_1_174' title='bbox 545 2693 774 2750; x_wconf 83' lang='lat' dir='ltr'><strong>puerorumque,</strong></span> <span class='ocrx_word' id='word_1_175' title='bbox 807 2678 893 2734; x_wconf 88' lang='lat' dir='ltr'><strong>simul</strong></span> <span class='ocrx_word' id='word_1_176' title='bbox 922 2677 1076 2734; x_wconf 85' lang='lat' dir='ltr'><strong>nefandam</strong></span> <span class='ocrx_word' id='word_1_177' title='bbox 1106 2677 1213 2734; x_wconf 85' lang='lat' dir='ltr'><strong>caedam</strong></span> <span class='ocrx_word' id='word_1_178' title='bbox 1246 2674 1350 2730; x_wconf 90' lang='lat' dir='ltr'><strong>milites</strong></span> <span class='ocrx_word' id='word_1_179' title='bbox 1384 2683 1484 2732; x_wconf 85' lang='lat' dir='ltr'><strong>trans·</strong></span> 
     </span>
     <span class='ocr_line' id='line_1_22' title="bbox 372 2778 1484 2854; baseline 0.001 -18"><span class='ocrx_word' id='word_1_180' title='bbox 372 2778 502 2850; x_wconf 81' lang='lat' dir='ltr'><strong>agressi</strong></span> <span class='ocrx_word' id='word_1_181' title='bbox 530 2798 642 2836; x_wconf 90' lang='lat' dir='ltr'><strong>murum</strong></span> <span class='ocrx_word' id='word_1_182' title='bbox 666 2780 804 2854; x_wconf 89' lang='lat' dir='ltr'><strong>oppidum</strong></span> <span class='ocrx_word' id='word_1_183' title='bbox 826 2783 980 2844; x_wconf 88' lang='lat' dir='ltr'><strong>intrarunt.</strong></span> <span class='ocrx_word' id='word_1_184' title='bbox 1039 2781 1129 2840; x_wconf 85' lang='lat' dir='ltr'><strong>Cuius</strong></span> <span class='ocrx_word' id='word_1_185' title='bbox 1161 2780 1239 2854; x_wconf 85' lang='lat' dir='ltr'><strong>capti</strong></span> <span class='ocrx_word' id='word_1_186' title='bbox 1263 2781 1407 2836; x_wconf 80' lang='lat' dir='ltr'><strong>interitum</strong></span> <span class='ocrx_word' id='word_1_187' title='bbox 1431 2780 1484 2837; x_wconf 88' lang='lat' dir='ltr'><strong>ubi</strong></span> 
     </span>
     <span class='ocr_line' id='line_1_23' title="bbox 412 2883 1484 2962; baseline 0.005 -25"><span class='ocrx_word' id='word_1_188' title='bbox 412 2900 449 2938; x_wconf 84' lang='lat' dir='ltr'><strong>ex</strong></span> <span class='ocrx_word' id='word_1_189' title='bbox 465 2883 573 2957; x_wconf 84' lang='lat' dir='ltr'><strong>pavido</strong></span> <span class='ocrx_word' id='word_1_190' title='bbox 590 2886 718 2941; x_wconf 89' lang='lat' dir='ltr'><strong>clamore</strong></span> <span class='ocrx_word' id='word_1_191' title='bbox 734 2885 903 2960; x_wconf 82' lang='lat' dir='ltr'><strong>fugientium</strong></span> <span class='ocrx_word' id='word_1_192' title='bbox 921 2887 1033 2962; x_wconf 84' lang='lat' dir='ltr'><strong>accepit</strong></span> <span class='ocrx_word' id='word_1_193' title='bbox 1053 2905 1115 2956; x_wconf 83' lang='lat' dir='ltr'><strong>rex,</strong></span> <span class='ocrx_word' id='word_1_194' title='bbox 1137 2885 1250 2942; x_wconf 87' lang='lat' dir='ltr'><strong>traiecit</strong></span> <span class='ocrx_word' id='word_1_195' title='bbox 1273 2883 1351 2941; x_wconf 85' lang='lat' dir='ltr'><strong>ferro</strong></span> <span class='ocrx_word' id='word_1_196' title='bbox 1369 2897 1484 2960; x_wconf 83' lang='lat' dir='ltr'><strong>pectus,</strong></span> 
     </span>
     <span class='ocr_line' id='line_1_24' title="bbox 374 2989 1483 3066; baseline 0.001 -19"><span class='ocrx_word' id='word_1_197' title='bbox 374 2995 389 3047; x_wconf 90' lang='grc'><strong>7</strong></span> <span class='ocrx_word' id='word_1_198' title='bbox 412 3006 450 3043; x_wconf 92' lang='lat' dir='ltr'><strong>ne</strong></span> <span class='ocrx_word' id='word_1_199' title='bbox 472 2989 555 3044; x_wconf 90' lang='lat' dir='ltr'><strong>vivus</strong></span> <span class='ocrx_word' id='word_1_200' title='bbox 577 3001 744 3065; x_wconf 87' lang='lat' dir='ltr'><strong>caperetur;</strong></span> <span class='ocrx_word' id='word_1_201' title='bbox 767 2991 854 3048; x_wconf 88' lang='lat' dir='ltr'><strong>ceteri</strong></span> <span class='ocrx_word' id='word_1_202' title='bbox 879 2992 957 3066; x_wconf 88' lang='lat' dir='ltr'><strong>capti</strong></span> <span class='ocrx_word' id='word_1_203' title='bbox 978 3003 1029 3049; x_wconf 88' lang='lat' dir='ltr'><strong>aut</strong></span> <span class='ocrx_word' id='word_1_204' title='bbox 1057 2992 1154 3051; x_wconf 87' lang='lat' dir='ltr'><strong>occisi.</strong></span> <span class='ocrx_word' id='word_1_205' title='bbox 1196 2991 1264 3048; x_wconf 90' lang='lat' dir='ltr'><strong>Duo</strong></span> <span class='ocrx_word' id='word_1_206' title='bbox 1294 2990 1397 3047; x_wconf 89' lang='lat' dir='ltr'><strong>deinde</strong></span> <span class='ocrx_word' id='word_1_207' title='bbox 1428 3010 1483 3066; x_wconf 91' lang='lat' dir='ltr'><strong>op·</strong></span> 
     </span>
     <span class='ocr_line' id='line_1_25' title="bbox 412 3092 1483 3172; baseline 0.002 -24"><span class='ocrx_word' id='word_1_208' title='bbox 412 3092 492 3166; x_wconf 83' lang='lat' dir='ltr'><strong>pide,</strong></span> <span class='ocrx_word' id='word_1_209' title='bbox 514 3094 619 3150; x_wconf 88' lang='lat' dir='ltr'><strong>Mutila</strong></span> <span class='ocrx_word' id='word_1_210' title='bbox 640 3105 669 3150; x_wconf 89' lang='lat' dir='ltr'><strong>et</strong></span> <span class='ocrx_word' id='word_1_211' title='bbox 691 3096 826 3165; x_wconf 81' lang='lat' dir='ltr'><strong>Faveria,</strong></span> <span class='ocrx_word' id='word_1_212' title='bbox 858 3097 888 3152; x_wconf 87' lang='lat' dir='ltr'><strong>vi</strong></span> <span class='ocrx_word' id='word_1_213' title='bbox 920 3109 1007 3172; x_wconf 85' lang='lat' dir='ltr'><strong>capta</strong></span> <span class='ocrx_word' id='word_1_214' title='bbox 1028 3108 1057 3154; x_wconf 90' lang='lat' dir='ltr'><strong>et</strong></span> <span class='ocrx_word' id='word_1_215' title='bbox 1078 3096 1182 3155; x_wconf 86' lang='lat' dir='ltr'><strong>deleta.</strong></span> <span class='ocrx_word' id='word_1_216' title='bbox 1231 3094 1351 3164; x_wconf 76' lang='lat' dir='ltr'><strong>Praeda,</strong></span> <span class='ocrx_word' id='word_1_217' title='bbox 1385 3104 1418 3152; x_wconf 90' lang='lat' dir='ltr'><strong>ut</strong></span> <span class='ocrx_word' id='word_1_218' title='bbox 1452 3094 1483 3163; x_wconf 82' lang='lat' dir='ltr'><strong>in</strong></span> 
     </span>
     <span class='ocr_line' id='line_1_26' title="bbox 413 3197 1482 3274; baseline 0.005 -22"><span class='ocrx_word' id='word_1_219' title='bbox 413 3209 499 3270; x_wconf 86' lang='lat' dir='ltr'><strong>gente</strong></span> <span class='ocrx_word' id='word_1_220' title='bbox 530 3197 626 3272; x_wconf 80' lang='lat' dir='ltr'><strong>inopi,</strong></span> <span class='ocrx_word' id='word_1_221' title='bbox 664 3217 716 3274; x_wconf 85' lang='lat' dir='ltr'><strong>spa</strong></span> <span class='ocrx_word' id='word_1_222' title='bbox 748 3201 841 3258; x_wconf 89' lang='lat' dir='ltr'><strong>maior</strong></span> <span class='ocrx_word' id='word_1_223' title='bbox 873 3200 943 3271; x_wconf 82' lang='lat' dir='ltr'><strong>fnit,</strong></span> <span class='ocrx_word' id='word_1_224' title='bbox 985 3210 1014 3258; x_wconf 89' lang='lat' dir='ltr'><strong>et</strong></span> <span class='ocrx_word' id='word_1_225' title='bbox 1045 3201 1138 3257; x_wconf 89' lang='lat' dir='ltr'><strong>omnis</strong></span> <span class='ocrx_word' id='word_1_226' title='bbox 1171 3199 1308 3256; x_wconf 86' lang='lat' dir='ltr'><strong>militibus</strong></span> <span class='ocrx_word' id='word_1_227' title='bbox 1341 3217 1482 3258; x_wconf 87' lang='lat' dir='ltr'><strong>concessa</strong></span> 
     </span>
     <span class='ocr_line' id='line_1_27' title="bbox 375 3303 1480 3379; baseline -0.001 -18"><span class='ocrx_word' id='word_1_228' title='bbox 375 3306 467 3361; x_wconf 83' lang='lat' dir='ltr'><strong>Sest.</strong></span> <span class='ocrx_word' id='word_1_229' title='bbox 529 3304 558 3359; x_wconf 88' lang='lat' dir='ltr'>V</span> <span class='ocrx_word' id='word_1_230' title='bbox 586 3304 665 3361; x_wconf 89' lang='lat' dir='ltr'><strong>milia</strong></span> <span class='ocrx_word' id='word_1_231' title='bbox 701 3305 844 3379; x_wconf 59' lang='lat' dir='ltr'><strong>cupitum*</strong></span> <span class='ocrx_word' id='word_1_232' title='bbox 861 3304 1047 3363; x_wconf 87' lang='lat' dir='ltr'>DCXXXII</span> <span class='ocrx_word' id='word_1_233' title='bbox 1082 3306 1136 3360; x_wconf 91' lang='lat' dir='ltr'><strong>sub</strong></span> <span class='ocrx_word' id='word_1_234' title='bbox 1172 3322 1281 3360; x_wconf 87' lang='lat' dir='ltr'><strong>corona</strong></span> <span class='ocrx_word' id='word_1_235' title='bbox 1314 3303 1480 3374; x_wconf 75' lang='lat' dir='ltr'><strong>venierunt3</strong></span> 
     </span>
     <span class='ocr_line' id='line_1_28' title="bbox 374 3409 1481 3484; baseline 0.001 -19"><span class='ocrx_word' id='word_1_236' title='bbox 374 3411 391 3465; x_wconf 86' lang='grc'>9</span> <span class='ocrx_word' id='word_1_237' title='bbox 414 3419 547 3464; x_wconf 85' lang='lat' dir='ltr'><strong>auctores</strong></span> <span class='ocrx_word' id='word_1_238' title='bbox 579 3409 647 3465; x_wconf 91' lang='lat' dir='ltr'><strong>belli</strong></span> <span class='ocrx_word' id='word_1_239' title='bbox 677 3409 767 3484; x_wconf 85' lang='lat' dir='ltr'><strong>virgis</strong></span> <span class='ocrx_word' id='word_1_240' title='bbox 800 3410 866 3467; x_wconf 83' lang='lat' dir='ltr'><strong>caesi</strong></span> <span class='ocrx_word' id='word_1_241' title='bbox 899 3421 928 3466; x_wconf 88' lang='lat' dir='ltr'><strong>et</strong></span> <span class='ocrx_word' id='word_1_242' title='bbox 953 3410 1047 3467; x_wconf 90' lang='lat' dir='ltr'><strong>securi</strong></span> <span class='ocrx_word' id='word_1_243' title='bbox 1075 3409 1214 3484; x_wconf 90' lang='lat' dir='ltr'><strong>percussi.</strong></span> <span class='ocrx_word' id='word_1_244' title='bbox 1274 3409 1388 3465; x_wconf 84' lang='lat' dir='ltr'><strong>Histria</strong></span> <span class='ocrx_word' id='word_1_245' title='bbox 1418 3420 1481 3466; x_wconf 88' lang='lat' dir='ltr'><strong>tots</strong></span> 
     </span>
    </p>
   </div>
   <div class='ocr_carea' id='block_1_5' title="bbox 414 3667 1480 3910">
    <p class='ocr_par' dir='ltr' id='par_1_5' title="bbox 414 3667 1480 3910">
     <span class='ocr_line' id='line_1_29' title="bbox 414 3667 1480 3738; baseline -0.003 -14"><span class='ocrx_word' id='word_1_246' title='bbox 414 3671 457 3730; x_wconf 81' lang='lat'><strong>12,</strong></span> <span class='ocrx_word' id='word_1_247' title='bbox 485 3678 495 3721; x_wconf 88' lang='lat' dir='ltr'><strong>l</strong></span> <span class='ocrx_word' id='word_1_248' title='bbox 526 3688 543 3720; x_wconf 86' lang='lat' dir='ltr'><strong>a</strong></span> <span class='ocrx_word' id='word_1_249' title='bbox 567 3673 672 3732; x_wconf 78' lang='lat' dir='ltr'><strong>collegas</strong></span> <span class='ocrx_word' id='word_1_250' title='bbox 690 3671 746 3737; x_wconf 73' lang='lat' dir='ltr'><strong>My.</strong></span> <span class='ocrx_word' id='word_1_251' title='bbox 765 3671 821 3722; x_wconf 82' lang='lat' dir='ltr'><strong>Em.</strong></span> <span class='ocrx_word' id='word_1_252' title='bbox 841 3671 903 3723; x_wconf 77' lang='grc'><strong><em>499.</em></strong></span> <span class='ocrx_word' id='word_1_253' title='bbox 932 3672 1023 3738; x_wconf 77' lang='lat' dir='ltr'><strong>(Gryn.</strong></span> <span class='ocrx_word' id='word_1_254' title='bbox 1050 3673 1114 3722; x_wconf 79' lang='lat' dir='ltr'><strong>Hate</strong></span> <span class='ocrx_word' id='word_1_255' title='bbox 1138 3667 1256 3734; x_wconf 79' lang='lat' dir='ltr'><strong>collega)</strong></span> <span class='ocrx_word' id='word_1_256' title='bbox 1294 3678 1309 3720; x_wconf 99' lang='grc'><strong>2</strong></span> <span class='ocrx_word' id='word_1_257' title='bbox 1336 3671 1480 3736; x_wconf 76' lang='lat' dir='ltr'><strong>brevisquu</strong></span> 
     </span>
     <span class='ocr_line' id='line_1_30' title="bbox 414 3756 1479 3822; baseline -0.003 -12"><span class='ocrx_word' id='word_1_258' title='bbox 414 3758 457 3819; x_wconf 84' lang='lat'><strong>13,</strong></span> <span class='ocrx_word' id='word_1_259' title='bbox 469 3764 483 3806; x_wconf 90' lang='grc'><strong>2</strong></span> <span class='ocrx_word' id='word_1_260' title='bbox 496 3759 600 3808; x_wconf 84' lang='lat' dir='ltr'><strong>moratis</strong></span> <span class='ocrx_word' id='word_1_261' title='bbox 619 3765 634 3807; x_wconf 86' lang='grc'><strong>4</strong></span> <span class='ocrx_word' id='word_1_262' title='bbox 646 3773 718 3822; x_wconf 77' lang='lat' dir='ltr'><strong>teque</strong></span> <span class='ocrx_word' id='word_1_263' title='bbox 737 3759 1007 3822; x_wconf 82' lang='lat' dir='ltr'><strong>ampliusFloraballus.</strong></span> <span class='ocrx_word' id='word_1_264' title='bbox 1036 3759 1083 3816; x_wconf 80' lang='lat' dir='ltr'><strong>xl,</strong></span> <span class='ocrx_word' id='word_1_265' title='bbox 1093 3756 1118 3815; x_wconf 85' lang='lat'><strong>1,</strong></span> <span class='ocrx_word' id='word_1_266' title='bbox 1132 3758 1320 3820; x_wconf 80' lang='lat' dir='ltr'><strong>lmanliusquae</strong></span> <span class='ocrx_word' id='word_1_267' title='bbox 1336 3756 1340 3818; x_wconf 94' lang='grc' dir='ltr'>Ι</span> <span class='ocrx_word' id='word_1_268' title='bbox 1356 3759 1479 3820; x_wconf 84' lang='lat' dir='ltr'><strong>oppidum</strong></span> 
     </span>
     <span class='ocr_line' id='line_1_31' title="bbox 415 3843 1480 3910; baseline 0 -18"><span class='ocrx_word' id='word_1_269' title='bbox 415 3852 441 3892; x_wconf 89' lang='lat' dir='ltr'><strong>et</strong></span> <span class='ocrx_word' id='word_1_270' title='bbox 455 3847 559 3893; x_wconf 87' lang='lat' dir='ltr'><strong>mattius</strong></span> <span class='ocrx_word' id='word_1_271' title='bbox 570 3843 695 3893; x_wconf 84' lang='lat' dir='ltr'><strong>Cluverius</strong></span> <span class='ocrx_word' id='word_1_272' title='bbox 705 3844 796 3908; x_wconf 70' lang='lat' dir='ltr'><strong>(Gryn.</strong></span> <span class='ocrx_word' id='word_1_273' title='bbox 807 3845 964 3908; x_wconf 82' lang='lat' dir='ltr'><strong>Nesattium)</strong></span> <span class='ocrx_word' id='word_1_274' title='bbox 1002 3851 1017 3895; x_wconf 81' lang='lat'><em>8</em></span> <span class='ocrx_word' id='word_1_275' title='bbox 1037 3852 1186 3910; x_wconf 84' lang='lat' dir='ltr'><strong>oppugnant</strong></span> <span class='ocrx_word' id='word_1_276' title='bbox 1199 3843 1253 3907; x_wconf 73' lang='lat' dir='ltr'><strong>My.</strong></span> <span class='ocrx_word' id='word_1_277' title='bbox 1266 3843 1358 3904; x_wconf 82' lang='lat' dir='ltr'><strong>(Gran.</strong></span> <span class='ocrx_word' id='word_1_278' title='bbox 1379 3859 1480 3908; x_wconf 78' lang='lat' dir='ltr'><strong>oppug-</strong></span> 
     </span>
    </p>
   </div>
   <div class='ocr_carea' id='block_1_6' title="bbox 413 3947 1478 4010">
    <p class='ocr_par' dir='ltr' id='par_1_6' title="bbox 413 3947 1478 4010">
     <span class='ocr_line' id='line_1_32' title="bbox 413 3947 1478 4010; baseline 0.002 -15"><span class='ocrx_word' id='word_1_279' title='bbox 413 3950 520 4007; x_wconf 84' lang='lat' dir='ltr'><strong>narunt)</strong></span> <span class='ocrx_word' id='word_1_280' title='bbox 549 3947 757 4010; x_wconf 78' lang='lat' dir='ltr'><strong>2‚llegionibus</strong></span> <span class='ocrx_word' id='word_1_281' title='bbox 776 3951 810 3998; x_wconf 89' lang='lat' dir='ltr'><strong>du</strong></span> <span class='ocrx_word' id='word_1_282' title='bbox 829 3950 901 3999; x_wconf 87' lang='lat' dir='ltr'><strong>novis</strong></span> <span class='ocrx_word' id='word_1_283' title='bbox 936 3950 1092 3998; x_wconf 69' lang='lat' dir='ltr'><strong>tdimissos</strong></span> <span class='ocrx_word' id='word_1_284' title='bbox 1134 3948 1287 3998; x_wconf 71' lang='lat' dir='ltr'><strong>Sinterditr&#39;t</strong></span> <span class='ocrx_word' id='word_1_285' title='bbox 1307 3947 1398 4009; x_wconf 73' lang='lat' dir='ltr'><strong>iasine</strong></span> <span class='ocrx_word' id='word_1_286' title='bbox 1416 3964 1478 3997; x_wconf 82' lang='lat' dir='ltr'><strong>vers.</strong></span> 
     </span>
    </p>
   </div>
   <div class='ocr_carea' id='block_1_7' title="bbox 413 4032 1574 4100">
    <p class='ocr_par' dir='ltr' id='par_1_7' title="bbox 413 4032 1574 4100">
     <span class='ocr_line' id='line_1_33' title="bbox 413 4032 1574 4100; baseline 0 -15"><span class='ocrx_word' id='word_1_287' title='bbox 413 4032 439 4093; x_wconf 84' lang='grc'><strong>3,</strong></span> <span class='ocrx_word' id='word_1_288' title='bbox 459 4039 474 4081; x_wconf 93' lang='grc'><strong>2</strong></span> <span class='ocrx_word' id='word_1_289' title='bbox 493 4041 566 4081; x_wconf 90' lang='lat' dir='ltr'><strong>erunt</strong></span> <span class='ocrx_word' id='word_1_290' title='bbox 601 4039 703 4084; x_wconf 80' lang='lat' dir='ltr'><strong>3n0vs</strong></span> <span class='ocrx_word' id='word_1_291' title='bbox 743 4034 769 4094; x_wconf 85' lang='lat'><strong>4,</strong></span> <span class='ocrx_word' id='word_1_292' title='bbox 788 4041 803 4083; x_wconf 89' lang='grc'><strong>2</strong></span> <span class='ocrx_word' id='word_1_293' title='bbox 823 4037 983 4100; x_wconf 70' lang='lat' dir='ltr'><strong>abscisaque</strong></span> <span class='ocrx_word' id='word_1_294' title='bbox 999 4037 1004 4096; x_wconf 94' lang='grc' dir='ltr'>Ι</span> <span class='ocrx_word' id='word_1_295' title='bbox 1019 4049 1118 4084; x_wconf 81' lang='lat' dir='ltr'><strong>macres</strong></span> <span class='ocrx_word' id='word_1_296' title='bbox 1143 4035 1257 4096; x_wconf 81' lang='lat' dir='ltr'><strong>inpacta</strong></span> <span class='ocrx_word' id='word_1_297' title='bbox 1287 4033 1479 4084; x_wconf 71' lang='lat' dir='ltr'><strong>tlucinoresse</strong></span> <span class='ocrx_word' id='word_1_298' title='bbox 1573 4069 1574 4084; x_wconf 48' lang='lat' dir='ltr'><strong>r</strong></span> 
     </span>
    </p>
   </div>
   <div class='ocr_carea' id='block_1_8' title="bbox 414 4118 1480 4272">
    <p class='ocr_par' dir='ltr' id='par_1_8' title="bbox 414 4118 1480 4272">
     <span class='ocr_line' id='line_1_34' title="bbox 414 4118 1480 4186; baseline 0.003 -19"><span class='ocrx_word' id='word_1_299' title='bbox 414 4119 502 4183; x_wconf 84' lang='lat' dir='ltr'><strong>palam</strong></span> <span class='ocrx_word' id='word_1_300' title='bbox 538 4119 590 4176; x_wconf 81' lang='grc'><strong>5,2</strong></span> <span class='ocrx_word' id='word_1_301' title='bbox 608 4135 805 4185; x_wconf 82' lang='lat' dir='ltr'><strong>puerorumquae</strong></span> <span class='ocrx_word' id='word_1_302' title='bbox 840 4122 889 4175; x_wconf 87' lang='grc'><strong>6.1</strong></span> <span class='ocrx_word' id='word_1_303' title='bbox 913 4124 978 4186; x_wconf 83' lang='lat' dir='ltr'><strong>capti</strong></span> <span class='ocrx_word' id='word_1_304' title='bbox 998 4122 1088 4170; x_wconf 88' lang='lat' dir='ltr'><strong>tumuli</strong></span> <span class='ocrx_word' id='word_1_305' title='bbox 1108 4136 1141 4170; x_wconf 79' lang='lat' dir='ltr'><strong>ex</strong></span> <span class='ocrx_word' id='word_1_306' title='bbox 1160 4119 1214 4184; x_wconf 78' lang='lat' dir='ltr'><strong>Mp.</strong></span> <span class='ocrx_word' id='word_1_307' title='bbox 1239 4118 1332 4185; x_wconf 74' lang='lat' dir='ltr'><strong>(Gryn.</strong></span> <span class='ocrx_word' id='word_1_308' title='bbox 1353 4123 1421 4184; x_wconf 84' lang='lat' dir='ltr'><strong>capti</strong></span> <span class='ocrx_word' id='word_1_309' title='bbox 1439 4129 1480 4170; x_wconf 87' lang='lat' dir='ltr'><strong>tu·</strong></span> 
     </span>
     <span class='ocr_line' id='line_1_35' title="bbox 414 4207 1221 4272; baseline 0 -19"><span class='ocrx_word' id='word_1_310' title='bbox 414 4207 525 4256; x_wconf 88' lang='lat' dir='ltr'><strong>multum</strong></span> <span class='ocrx_word' id='word_1_311' title='bbox 543 4207 586 4270; x_wconf 87' lang='lat' dir='ltr'><strong>ut)</strong></span> <span class='ocrx_word' id='word_1_312' title='bbox 623 4207 682 4268; x_wconf 81' lang='grc'><strong>7,2</strong></span> <span class='ocrx_word' id='word_1_313' title='bbox 711 4216 740 4256; x_wconf 89' lang='lat' dir='ltr'><strong>ut</strong></span> <span class='ocrx_word' id='word_1_314' title='bbox 758 4209 860 4257; x_wconf 85' lang='lat' dir='ltr'><strong>incendi</strong></span> <span class='ocrx_word' id='word_1_315' title='bbox 879 4209 947 4272; x_wconf 90' lang='lat' dir='ltr'><strong>inopi</strong></span> <span class='ocrx_word' id='word_1_316' title='bbox 983 4207 1009 4266; x_wconf 90' lang='lat'><strong>8,</strong></span> <span class='ocrx_word' id='word_1_317' title='bbox 1033 4213 1042 4254; x_wconf 91' lang='lat'><em>1</em></span> <span class='ocrx_word' id='word_1_318' title='bbox 1065 4222 1090 4256; x_wconf 91' lang='lat' dir='ltr'><strong>u.</strong></span> <span class='ocrx_word' id='word_1_319' title='bbox 1111 4208 1221 4270; x_wconf 82' lang='lat' dir='ltr'><strong>cupitum</strong></span> 
     </span>
    </p>
   </div>
   <div class='ocr_carea' id='block_1_9' title="bbox 0 0 1742 5084">
    <p class='ocr_par' dir='ltr' id='par_1_9' title="bbox 0 0 1742 5084">
     <span class='ocr_line' id='line_1_36' title="bbox 0 0 1742 5084; baseline 0 2"><span class='ocrx_word' id='word_1_320' title='bbox 0 0 1742 5084; x_wconf 95' lang='lat' dir='ltr'><strong> </strong></span> 
     </span>
    </p>
   </div>
  </div>
 </body>
</html>
