3475 5084
695 544 829 593 Librorum
848 544 922 593 Livii.
1254 552 1284 603 ll

273 737 460 798 dissensionis,
487 736 610 787 Cocceius
636 738 733 800 Nerva,
756 755 867 803 proavus
886 740 988 800 Nerva,
1018 741 1060 805 qui
1084 749 1174 806 postea
1198 744 1331 807 imperavit

272 831 372 890 Roma,
390 832 520 880 mandavit
535 833 660 893 Augusto,
679 839 708 880 ut
719 833 839 890 mitteret,
859 831 947 895 quide
966 848 1064 882 summa
1081 849 1164 883 rerum
1184 801 1336 885 tractarent.¹

272 924 347 987 Ergo
364 924 456 974 missus
475 932 513 973 est
529 924 657 973 Macares
683 939 739 973 cum
760 924 884 988 Agrippa,
912 926 953 986 qui
982 938 1116 990 utrumque
1143 929 1281 976 exercitum
1304 930 1331 977 in
1385 971 1387 979 Α

274 1031 329 1065 una
340 1024 424 1066 castra
436 1025 583 1081 coegerunt,
602 1026 631 1065 ut
644 1018 680 1066 ait
692 1017 779 1066 Livius
791 1017 835 1065 lib.
846 1016 980 1067 CXXVII.
1022 1019 1218 1083 Intelligendum
1237 1029 1331 1080 autem,

273 1109 359 1172 quod,
380 1110 490 1160 Fonteio
509 1111 588 1159 misso
607 1110 641 1159 ab
661 1111 786 1168 Antonio,
807 1112 938 1170 Augustus
957 1111 1122 1160 Maecenatem
1141 1122 1166 1161 et
1184 1122 1281 1161 ceteros
1300 1114 1332 1161 ad

273 1204 384 1252 eundem
403 1202 489 1252 locum
507 1202 627 1251 emiserit.
668 1201 734 1250 Acro
753 1200 789 1250 cd
805 1200 895 1251 Horat.
916 1200 970 1254 Sat.
990 1200 1011 1263 I,
1031 1204 1056 1261 5,
1075 1203 1119 1253 29.
1155 1204 1250 1254 Eadem
1269 1206 1333 1255 Por·

269 1296 363 1361 physio
381 1294 417 1344 ud
433 1292 531 1343 eandem
549 1292 624 1344 Ιοωηι
642 1294 679 1343 leis
696 1294 772 1343 sabas
791 1294 873 1343 iader:
897 1294 1064 1345 Dissensione
1082 1310 1139 1347 orta
1163 1300 1228 1347 inter
1249 1299 1332 1348 Gaesa-

273 1402 330 1436 rem
352 1380 494 1451 Acinetum
514 1388 713 1451 Antoniumque,
735 1384 858 1435 Cocceius
882 1386 979 1450 Nerva,
1005 1402 1067 1439 avus
1089 1389 1156 1449 eius,
1180 1391 1223 1452 qui
1245 1399 1334 1453 postea

272 1480 367 1529 Roma
385 1481 531 1543 imperavit,
557 1481 629 1543 petiit
647 1496 663 1529 a
681 1478 795 1539 casare,
821 1487 849 1527 ut
869 1480 994 1543 aliquem,
1020 1483 1062 1544 qui
1082 1484 1113 1531 da
1131 1496 1231 1531 summa
1249 1495 1333 1530 rerum
1434 1496 1439 1501 “

274 1580 407 1633 tractaret,
424 1575 537 1623 mitteret
556 1574 728 1623 Tarracinam.
766 1572 800 1620 Et
817 1573 926 1640 primum
945 1572 1080 1633 Maecenas,
1100 1590 1162 1623 mox
1180 1580 1205 1621 et
1220 1574 1335 1637 Agrippa

275 1667 407 1728 congressi
433 1674 504 1727 sunt,
534 1666 612 1729 hique
637 1666 787 1729 pepigerunt
809 1663 884 1714 fidem
913 1665 1171 1728 confirmatissimam,
1198 1674 1222 1714 et
1240 1666 1267 1713 in
1284 1680 1335 1715 una

275 1767 362 1809 castra
380 1758 490 1808 conferri
513 1758 587 1821 signa
605 1758 737 1819 utriusque
756 1757 883 1805 exercitus
902 1758 1038 1806 iusserunt.
1081 1758 1137 1806 Hoc
1157 1766 1182 1806 at
1200 1758 1231 1806 T.
1247 1756 1334 1805 Livius

273 1853 327 1901 lib:
344 1850 477 1900 CXXVII.
497 1850 589 1913 refert,
614 1857 721 1911 excepta
739 1846 872 1913 Capitonis
899 1852 1032 1899 mentione.
1073 1850 1102 1899 In
1122 1849 1196 1899 verbis
1221 1846 1331 1911 quaedam
1407 1831 1409 1843 ’

274 1954 361 2006 matut,
380 1961 406 1993 re
422 1942 507 1993 eadem
525 1942 595 1991 habet
610 1939 748 1991 scholiastes
769 1939 926 2005 Oraquianus.

453 2149 456 2156 Ι
665 2079 707 2128 Ex
724 2079 764 2130 lib.
785 2079 948 2131 CXXXIII.
1263 2114 1268 2119 -
1299 2070 1304 2097 ⁸

351 2176 418 2235 w)
437 2174 523 2223 Livius
543 2172 632 2231 refert,
659 2171 834 2247 Cleopatram,
862 2188 938 2236 quum
962 2172 994 2221 ab
1016 2174 1134 2235 Augusto
1160 2179 1235 2235 capta
1252 2169 1335 2217 indul·

277 2268 382 2331 gentius
400 2268 431 2315 de
450 2266 577 2315 industria
596 2273 754 2324 tractaretur,
785 2267 870 2313 dicere
894 2266 1009 2315 solitam:
1041 2265 1115 2327 ,Non
1133 2260 1334 2326 triumphatori

279 2357 426 2416 Schoiiustes
447 2356 547 2422 Oraquii
563 2355 599 2406 ad
615 2356 706 2409 Horat.
734 2356 780 2407 od.
800 2356 823 2417 I,
851 2357 898 2419 37,
920 2357 966 2407 30.
1007 2356 1103 2406 Eadem
1127 2344 1211 2405 latent
1228 2354 1291 2401 Acro
1316 2361 1338 2401 et
1404 2350 1412 2365 ³

278 2451 425 2517 Porphyris,
444 2450 482 2499 lic
503 2449 599 2501 Gracc:
622 2444 664 2500 Oti
683 2445 916 2517 θριαμβεύσομαι.

678 2575 719 2624 Es
737 2572 777 2622 lid.
799 2572 946 2627 CXXXV.

356 2670 469 2735 52*)1n
488 2659 559 2718 cuiue
578 2668 743 2733 apparitionis
766 2669 815 2727 die,
841 2668 910 2730 quod
929 2667 1066 2733 epiphania
1084 2666 1232 2729 appellatur,
1253 2662 1338 2713 Ceasar

283 2769 417 2829 Augustus
435 2764 461 2812 in
480 2764 644 2827 spectaculis,
667 2763 733 2811 sicut
750 2760 839 2809 Livius
857 2768 952 2818 narrat,
980 2760 1098 2809 Romano
1118 2759 1213 2823 populo
1230 2758 1337 2820 nuntiat,

280 2872 413 2921 regressus
440 2873 456 2906 a
473 2856 606 2905 Britannia
628 2855 724 2917 insula,
750 2859 830 2901 totum
850 2849 938 2902 orbem
957 2863 1080 2903 terrarum
1100 2860 1152 2901 tarn
1175 2852 1243 2900 bello
1262 2864 1337 2913 quam
1406 2870 1420 2885 e

281 2950 402 3001 amicitiis
425 2950 542 2999 Romano
570 2948 674 3012 imperio
703 2948 773 3011 pacis
799 2947 955 2997 abundantis
980 2947 1118 3025 subditum.
1161 2942 1286 3007 Apponius
1313 2941 1338 2989 in

283 3041 409 3093 Canticum
429 3038 736 3104 Canticoram(ed.1iom.
756 3036 844 3106 1843.)
864 3038 932 3099 XII,
947 3056 973 3104 p.
993 3040 1030 3089 23
1036 3037 1058 3088 7.

675 3164 718 3213 Es
735 3163 774 3213 lib.
797 3163 958 3216 CXXXVI

353 3260 398 3337 53)
423 3260 533 3319 Eodem
556 3278 632 3316 anno
659 3260 744 3316 ludos
765 3259 916 3316 saeculares
938 3258 1038 3318 Caesar
1066 3258 1174 3333 ingenti
1196 3263 1339 3331 apparatu

279 3369 362 3436 fecit,
381 3385 454 3442 quos
470 3365 624 3422 centesimo
640 3383 756 3439 quoque
771 3384 846 3421 anno
860 3397 897 3406 —
914 3364 938 3421 is
953 3365 1026 3421 enim
1042 3364 1179 3421 terminus
1193 3361 1288 3419 saeculi
1301 3393 1339 3403 -

281 3477 346 3535 fieri
367 3492 440 3532 mos.
486 3480 605 3531 demean.
626 3479 655 3529 de
674 3479 712 3529 die
730 3489 779 3529 nat.
794 3478 837 3529 17.

691 3607 734 3657 Ea
750 3606 843 3655 incestis
860 3604 934 3655 libris.

357 3701 601 3768 54)Titus1.ivius,
619 3700 771 3762 eloquentia
789 3713 819 3747 ac
828 3699 888 3747 fidei
903 3698 1038 3763 praeclarus
1050 3696 1183 3759 imprimis,
1203 3692 1251 3743 On.
1263 3694 1340 3743 Pom-

281 3800 371 3865 peium
388 3796 465 3845 tantis
482 3796 602 3843 laudibus
619 3793 684 3851 tulit,
709 3801 736 3840 ut
754 3792 940 3854 Pompeianum
962 3805 1019 3839 enm
1042 3792 1174 3851 Augustus
1193 3787 1349 3858 appellaret,
1427 3772 1431 3788 ’

281 3905 369 3955 neque
387 3890 414 3938 id
432 3888 551 3937 amicitiae
568 3901 655 3935 eorum
674 3882 767 3945 offecit,
786 3892 831 3931 cet.
872 3882 951 3935 Tacit.
969 3882 1031 3931 dnn.
1052 3880 1102 3941 IV,
1120 3879 1165 3933 34.

358 3982 402 4048 55)
420 3981 468 4030 Vir
485 3980 581 4043 ingenii
600 3978 686 4041 magni
700 3976 781 4039 magis
797 3990 875 4038 quam
894 3976 961 4025 beni.
993 3974 1086 4024 Seneca
1105 3972 1134 4022 de
1147 3970 1215 4032 iraI,
1226 3971 1261 4022 16
1272 3971 1340 4035 (20).

355 4071 401 4139 56)
419 4073 545 4122 Profiteor
562 4072 649 4121 mirari
667 4084 722 4131 me,
748 4070 777 4119 Τ.
797 4068 912 4128 Livium,
932 4078 1061 4117 auctorem
1085 4066 1290 4128 celeberrimum,
1314 4066 1340 4113 in

282 4166 452 4216 historiarum
471 4179 587 4223 suarum,
615 4179 678 4228 quas
701 4162 792 4225 repetit
814 4160 847 4209 ab
866 4161 964 4221 origine
983 4160 1061 4219 urbis,
1087 4148 1197 4222 quedam
1215 4158 1346 4205 volumine

284 4258 324 4307 eie
350 4272 447 4307 orsum:
478 4256 545 4305 Satis
571 4255 624 4305 iam
648 4254 697 4304 sibi
721 4252 809 4314 gloria
828 4251 975 4317 quaesitum,
1002 4260 1028 4299 et
1045 4251 1157 4315 potuisse
1176 4264 1202 4298 se
1221 4249 1342 4307 desinere,

283 4351 312 4399 ni
325 4350 424 4399 animus
436 4349 534 4410 inquies
545 4356 692 4413 pasceretur
704 4359 788 4409 opere.
817 4343 912 4393 Plinius
921 4345 945 4393 in
954 4345 1055 4408 praefat.
1068 4340 1138 4395 ital.
1149 4340 1212 4391 Hiet
1224 4339 1286 4391 Nat.
1297 4338 1340 4389 16.
