3475 5084
494 602 505 615 Ι
534 539 612 588 Liber
630 538 712 588 XLV.
773 541 819 599 (Α,
840 537 901 587 cnr.
926 538 994 600 167.)
1199 543 1258 599 263

222 721 310 794 Quos
322 722 448 799 Syphax
463 742 514 779 rex
531 732 643 798 captus,
658 722 785 780 accessio
800 721 903 779 Punici
925 721 1000 790 belli,
1021 740 1178 781 concursus
1192 723 1301 797 fecerit,
1325 728 1340 782 l

221 827 362 903 plerique
377 829 568 885 meminimus.
611 829 736 886 Perseus
756 846 807 884 rex
824 837 936 901 captus,
957 827 1110 903 Philippus
1126 838 1154 885 et
1169 828 1300 887 Alexan·

221 935 277 990 der
304 935 359 992 filii
389 935 481 1010 regis,
511 944 594 991 tanta
624 934 759 1001 nomina,
793 933 1000 990 subtrahentur
1031 934 1155 991 civitatis
1188 934 1300 993 oculis?

219 1041 328 1116 Ipsum
354 1042 390 1099 L.
412 1040 548 1108 Paulum,
570 1039 614 1096 bis
637 1038 799 1106 consulem,
821 1037 993 1094 domitorem
1017 1038 1148 1110 Graecia,
1171 1042 1298 1101 omnium
1323 1042 1341 1099 8

220 1146 302 1202 oculi
333 1146 503 1221 conspicere
530 1145 630 1201 urbem
666 1162 751 1201 curru
782 1142 988 1217 ingredientem
1018 1156 1113 1206 avent.
1164 1145 1215 1202 Ad
1244 1147 1300 1203 hoc

218 1249 350 1307 fecimus
379 1249 540 1316 consulem,
570 1260 602 1306 ut
627 1250 734 1306 bellurn
759 1267 810 1324 per
831 1248 1051 1322 quadriennium
1080 1250 1189 1326 ingenti
1212 1252 1298 1329 etiam

218 1354 340 1429 pudore
361 1366 464 1411 nostro
486 1365 608 1411 tractum
630 1356 790 1429 perliceret,
833 1351 888 1411 Cui
915 1356 1018 1412 sortito
1041 1356 1230 1431 provinciam,
1253 1356 1298 1415 cui
1321 1358 1339 1415 9

217 1460 423 1535 proficiscenti
459 1460 697 1535 presagientibus
734 1457 837 1518 animis
874 1460 1025 1518 victoriam
1063 1462 1298 1537 triumphumque

218 1566 454 1635 destinavimus,
480 1567 506 1623 ei
531 1566 634 1622 victori
655 1567 831 1640 triumphum
863 1566 996 1640 negaturi
1017 1586 1111 1623 samue
1132 1578 1160 1625 et
1183 1568 1297 1642 quidem

218 1690 283 1728 non
306 1680 422 1728 tautum
445 1690 518 1739 eom,
547 1671 598 1727 sed
620 1671 690 1728 deos
718 1670 804 1727 etiam
828 1688 882 1727 sno
902 1672 1013 1728 honore
1037 1670 1220 1731 fraudaturi?
1245 1673 1300 1731 Dis
1325 1676 1360 1730 10

219 1796 347 1853 quoque
362 1778 447 1844 enim,
463 1794 521 1833 non
533 1777 626 1833 solum
641 1776 815 1846 hominibus,
830 1775 952 1833 debetur
966 1776 1136 1853 triumphus,
1169 1779 1298 1836 Maiores

217 1882 317 1939 vestri
347 1882 475 1938 omnium
504 1900 674 1957 magnarum
702 1900 798 1938 rerum
830 1890 859 1937 et
888 1881 1030 1957 principia
1057 1884 1154 1941 exorsi
1185 1886 1222 1941 ab
1245 1885 1299 1942 diis

218 1997 309 2055 sunt,
340 1995 369 2043 et
395 1988 480 2043 finem
511 2006 571 2043 cum
597 1998 767 2045 statuerunt.
812 1985 922 2067 Consul
950 1989 1134 2062 proficiscens
1156 2001 1298 2064 praetorve
1327 1986 1357 2040 ll

217 2091 376 2168 paludatis
390 2092 539 2149 lictoribus
554 2092 582 2148 in
598 2092 777 2168 provinciam
799 2101 827 2149 et
842 2091 880 2148 ad
895 2092 1001 2149 bellum
1017 2105 1087 2150 vota
1108 2095 1137 2151 in
1153 2094 1299 2171 Capitolio

217 2208 389 2272 nuncupat;
417 2196 525 2268 victor,
551 2209 718 2273 perpetrato
741 2199 824 2268 dello,
854 2198 956 2254 eodem
978 2199 1007 2255 iu
1031 2196 1176 2274 Capitolio
1198 2202 1298 2259 trium·

218 2306 322 2382 phans
345 2303 383 2359 ad
406 2304 523 2360 eosdem
546 2302 631 2372 deos,
660 2303 765 2377 quibus
788 2312 859 2359 vota
881 2305 1072 2378 nuncupavit,
1096 2307 1199 2364 merita
1220 2307 1297 2363 dona

216 2420 348 2487 portans
369 2408 452 2467 redit.
502 2409 578 2465 Pars
598 2426 657 2465 non
680 2409 798 2465 minima
819 2407 957 2483 triumphi
979 2418 1022 2466 est
1043 2410 1167 2467 victime
1188 2428 1296 2485 praece-
1322 2405 1357 2461 12

217 2517 344 2583 dentes,
365 2524 397 2571 ut
421 2489 576 2587 appareat,
607 2514 651 2571 dis
674 2525 773 2590 grates
795 2525 927 2588 agentem
949 2514 1154 2588 imperatorem
1177 2514 1298 2569 obrem

210 2609 374 2697 vpublicam
411 2620 483 2676 bene
511 2626 624 2691 gestam
655 2618 759 2677 redire.
804 2618 914 2676 Omnes
945 2618 1010 2675 illas
1042 2618 1190 2687 victimas,
1224 2634 1298 2691 quas

218 2724 422 2783 traducendas
443 2723 472 2779 in
494 2721 641 2797 triumpho
663 2724 785 2794 locavit,
815 2723 889 2780 alias
910 2724 968 2781 alio
992 2725 1132 2788 caedenteq
1162 2732 1297 2780 mactate.

219 2827 326 2904 Quid?
352 2828 418 2884 illas
440 2827 541 2902 epulas
562 2838 696 2899 senatus,
719 2846 783 2903 quae
807 2847 861 2886 uec
882 2831 998 2903 privato
1019 2829 1085 2885 loco
1104 2848 1157 2887 nec
1179 2829 1294 2904 publico
1322 2827 1356 2883 1³

219 2934 364 3012 profano,
385 2934 436 2989 sed
458 2934 488 2989 in
505 2931 650 3007 Capitolio
673 2935 796 2991 eduntur
824 2936 931 3006 (utrum
961 2933 1110 2992 hominum
1139 2935 1298 3010 voluptatis

219 3061 318 3100 causa
351 3059 389 3097 an
417 3039 543 3094 'deorum
574 3037 740 3115 honoris?)‚
772 3049 892 3096 auctore
925 3038 987 3097 Ser.
1023 3037 1122 3097 Galba
1155 3040 1299 3096 turbaturi

220 3212 248 3273 7,
273 3218 284 3261 l
310 3226 393 3274 sypax
439 3209 511 3257 efiti
546 3209 599 3270 8,a
614 3210 677 3259 urbe
693 3210 697 3272 Ι
712 3209 810 3259 habent
845 3212 987 3270 ringentia
1023 3188 1161 3260 tuostruni
1173 3211 1247 3261 Frob.
1258 3211 1296 3261 11.

219 3300 247 3359 9,
270 3304 285 3347 2
305 3296 491 3361 proficiscentis
506 3298 511 3357 Ι
526 3296 617 3344 uictori
645 3301 661 3344 8
680 3297 807 3345 etuict-ori
823 3299 827 3337 Ι
843 3297 960 3358 negaturi
980 3296 1097 3358 equidem
1110 3296 1227 3361 M9.Em.
1243 3296 1298 3347 622

221 3393 238 3434 4
254 3400 310 3433 non
322 3394 420 3432 tantum
431 3384 476 3432 sed
494 3380 578 3434 Weiss.
590 3380 679 3448 (Gryn.
691 3382 826 3445 negaturi?
842 3393 868 3431 et
883 3384 984 3445 quidem
1000 3396 1052 3431 non
1062 3384 1177 3433 homines
1188 3393 1296 3443 tantum,

221 3470 425 3537 sed)llraudari
449 3469 636 3526 10,2debetnr
645 3479 729 3518 utrum
740 3470 848 3519 maiores
861 3470 935 3521 Gron.
966 3467 1160 3534 10‚³ucstrosl
1174 3471 1297 3534 principia

222 3570 251 3609 et
268 3557 327 3607 obsi
348 3556 396 3618 (ΙΙ.
416 3556 486 3619 orbi)
505 3557 668 3605 addiscat-et
686 3557 761 3612 linem
782 3543 928 3606 statuerunt
962 3549 1037 3615 11,l
1069 3557 1208 3620 profiscens
1232 3556 1296 3621 prae·

221 3656 290 3695 tero.
312 3643 368 3708 (sic)
411 3649 426 3691 3
445 3650 592 3707 perpetrato
611 3645 702 3692 codem
721 3644 748 3691 in
768 3644 889 3707 capitolio
909 3644 964 3709 My.
986 3642 1051 3705 (Em.
1078 3640 1133 3692 623
1151 3652 1296 3707 perpet-reto

221 3766 265 3809 eo,
284 3748 389 3810 eodem)
413 3747 419 3811 Ι
443 3743 614 3809 triumphalno
633 3748 665 3795 ad
720 3753 735 3795 4
767 3748 857 3795 merita
880 3748 999 3809 bonaque
1023 3728 1060 3809 pr.
1081 3745 1219 3795 transrodit
1236 3762 1296 3811 pors

223 3834 282 3901 My.
297 3834 354 3883 Em.
372 3831 428 3882 623
445 3831 534 3896 (Grpe.
556 3833 646 3881 merita
664 3835 732 3881 dono
752 3834 839 3899 populi
851 3834 960 3883 Romani
979 3832 1097 3882 traducit.
1117 3832 1191 3889 Pars)
1226 3831 1293 3890 121

222 3924 394 3989 praecidentcs
424 3920 491 3968 2ob
501 3909 584 3983 remp.
613 3921 731 3969 somnis
759 3920 944 3969 stradueendo
962 3921 988 3968 in
1007 3920 1135 3983 triumpho
1154 3920 1296 3968 uindicauit

223 4012 291 4060 alias
312 4008 377 4057 alios
396 4008 471 4055 dente
491 4006 593 4054 mactati
612 4006 717 4067 quidem
740 4006 800 4055 illac
825 4007 924 4071 apulae
947 4006 1021 4071 Grpn.
1040 4006 1229 4069 (traducendas,
1248 4019 1296 4053 rae·

224 4100 312 4155 dente,
332 4095 465 4155 mactate),
487 4091 562 4142 Grau.
582 4092 718 4154 (locavit),
752 4092 852 4157 Kreyss.
873 4093 963 4157 (quidl
989 4093 1045 4141 illas
1065 4107 1104 4155 cp.
1131 4090 1205 4156 Grpu.
1237 4090 1295 4139 illas

224 4182 332 4247 quidem
354 4184 405 4243 ap.)
436 4178 477 4227 De
496 4180 607 4227 credente
626 4177 715 4228 dubito.
748 4177 815 4229 Νιιιη
834 4179 981 4228 dividente?
1010 4166 1082 4237 '13‚1
1103 4187 1206 4227 senatus
1226 4176 1295 4241 quod

225 4284 274 4319 nec
302 4275 317 4315 2
329 4266 470 4315 uoluntatis
497 4270 555 4315 bun
567 4265 672 4314 deorum
683 4266 867 4329 hominumque
878 4277 995 4315 auctores
1006 4274 1079 4315 erunt
1089 4264 1133 4312 ulo
1146 4264 1224 4325 galba
1234 4263 1294 4311 Do·

224 4356 288 4419 νίηφ,
303 4360 424 4417 munte
439 4350 506 4401 Orsa
519 4350 610 4415 (Grpn.
621 4366 654 4400 an
665 4352 770 4400 deorum
782 4350 979 4416 hominumque:
995 4360 1085 4401 autore
1096 4350 1183 4399 Servio
1195 4350 1293 4407 Galba)
