3475 5084
754 566 812 608 ἱΙΧ

335 743 409 820 Cap.
433 749 463 814 6,
488 751 522 803 ll
546 765 582 803 eo
604 747 698 822 magis
716 766 762 804 me
783 748 940 805 commovit
961 747 1067 806 codicis
1097 747 1240 822 scriptura
1261 766 1310 803 nu-

250 829 324 885 datis
345 829 471 886 omuibus
487 829 629 903 praesidiis
645 833 845 905 patefactisque
877 831 945 888 bello
958 832 1061 902 facus,
1093 847 1130 888 ex
1153 848 1211 904 qua
1232 827 1310 905 Gry·

247 930 328 969 arans
343 914 434 984 sactis
455 931 575 988 prorsus
603 913 731 980 sustulit,
762 914 838 988 quod
873 913 1006 988 prasidio
1031 924 1109 972 recte
1136 912 1239 970 nudari
1268 913 1311 970 di·

247 1008 369 1064 cuntur,
398 995 530 1070 patefieri
558 996 635 1054 ballo
657 996 707 1053 vix
731 1008 809 1054 recte
829 997 969 1054 dicuntur.
1025 994 1130 1071 ltaque
1150 996 1243 1054 visum
1268 1004 1310 1052 est

246 1079 303 1135 aab
317 1081 409 1152 factis
429 1078 553 1136 alterum
575 1079 665 1136 latere
687 1079 898 1137 substantivum
927 1099 945 1136 a
976 1079 1112 1147 librario,
1144 1097 1230 1153 quum
1253 1080 1310 1136 bu-

246 1173 325 1220 reret
347 1161 447 1218 animo
469 1180 558 1219 sonus
580 1174 610 1220 et
630 1161 727 1220 forma
746 1162 905 1220 litterarum
936 1181 972 1218 ex
1000 1164 1159 1237 potu'cctt's,
1193 1180 1311 1237 corrup·

246 1255 319 1302 tum.
364 1245 402 1302 ld
424 1254 476 1302 ant
497 1245 628 1302 claustras
648 1263 712 1302 esse
735 1245 829 1320 potuit
849 1257 900 1304 aut
914 1245 1010 1321 potius
1026 1248 1126 1319 portis.
1170 1245 1221 1302 Eae
1235 1244 1310 1304 ballo

245 1329 400 1403 patefiunt,
423 1339 457 1384 ut
478 1328 628 1404 irrumpat.

332 1408 409 1486 Cap.
438 1416 483 1479 tl,
508 1416 525 1467 5
559 1411 633 1468 mira
665 1412 743 1486 apud
763 1411 879 1470 Livium
910 1411 1104 1486 inaqualitate
1132 1411 1311 1468 scribebatur

249 1494 287 1550 od
306 1494 426 1550 eandm
447 1495 670 1565 crassitudinum,
698 1513 754 1568 quo
773 1504 887 1552 veterem
908 1513 1028 1562 mumm3
1061 1514 1128 1552 nam
1152 1494 1230 1569 apud
1251 1493 1311 1550 Ta·

248 1577 336 1634 dmm
370 1575 493 1634 ferenda
516 1576 642 1634 fortasse
670 1588 762 1646 essen
795 1596 960 1651 quanquam
989 1577 1067 1654 apud
1099 1596 1163 1634 eum
1196 1594 1310 1650 quoque

246 1661 417 1734 suspicarer
438 1660 538 1718 addito
558 1680 586 1717 m
606 1660 786 1718 notissimam
798 1660 937 1718 orationis
959 1660 1082 1718 formem
1105 1659 1312 1758 restituendum

246 1760 324 1800 ease:
359 1744 402 1800 ad
422 1743 536 1800 taudem
562 1743 770 1801 crassitudinem
794 1763 894 1818 quam,
926 1743 961 1800 de
985 1763 1043 1818 qua
1065 1743 1125 1802 dixi
1154 1753 1220 1817 pust
1241 1741 1313 1800 alios

247 1827 377 1882 breviter
399 1826 438 1883 ad
461 1824 522 1883 Cic.
536 1827 559 1883 F
562 1827 600 1887 in.
619 1827 646 1898 1,
661 1832 706 1894 tu,
720 1829 758 1884 32
773 1837 801 1884 at
822 1831 868 1895 15,
881 1829 929 1884 49.
964 1825 1032 1898 (Gr.
1048 1828 1111 1884 Lat.
1127 1829 1144 1900 ξ
1159 1828 1216 1882 323
1229 1844 1256 1882 n.
1273 1821 1312 1900 Ι.)

332 1907 504 1984 Cap.18,3
526 1927 645 1984 prorsus
666 1928 760 1983 neque
772 1910 850 1984 apud
863 1909 975 1966 Livium
997 1929 1089 1984 nequa
1112 1908 1191 1984 apud
1212 1927 1313 1983 quem-

246 2010 337 2066 quam
369 2004 438 2048 ante
459 1993 597 2049 Tacitum
628 1991 797 2067 scriptorem
830 1991 899 2049 ferri
931 2003 1045 2067 poterat
1077 1998 1125 2061 (ac
1155 1992 1206 2048 vix
1236 1990 1313 2065 apud

246 2093 428 2148 quemquam
451 2086 556 2150 praeter
575 2075 669 2151 ipsum
693 2076 837 2145 Tacitum,
858 2075 914 2132 nisi
936 2075 1014 2150 quod
1035 2076 1070 2132 de
1092 2074 1188 2132 Plinio
1201 2075 1313 2130 Maiore

246 2177 306 2214 non
329 2157 460 2230 affirmo)
481 2159 544 2215 hoec
558 2159 639 2216 verbi
650 2159 832 2227 substantivi,
854 2159 1036 2216 coniunctivo
1049 2158 1146 2226 modo,
1167 2156 1312 2218 comalio

245 2242 340 2298 verbo
365 2251 392 2297 et
412 2241 557 2316 particula
578 2242 705 2317 copulati
717 2241 850 2299 omissio:
871 2261 909 2298 cn
931 2275 964 2284 -
990 2244 1124 2314 aapustioe
1145 2248 1313 2313 aucupemur

247 2333 275 2380 et
296 2326 327 2380 t'u
347 2343 430 2398 oequa
452 2326 513 2382 loca
529 2328 724 2398 peruenissent.
778 2323 898 2382 Tacitus
923 2325 1036 2399 quidem
1070 2325 1146 2380 hauc
1176 2321 1311 2379 duritiam

245 2407 380 2464 studiose
400 2417 537 2476 sectatur,
559 2419 591 2465 ut
612 2407 806 2465 Historiarum
828 2407 902 2464 libro
923 2408 978 2478 IV,
1000 2408 1049 2480 qui
1070 2424 1146 2464 nunc
1167 2406 1261 2480 ipsum
1283 2404 1312 2462 in

247 2490 385 2547 manibus
404 2504 466 2559 est,
488 2508 514 2548 c.
543 2492 594 2548 132
629 2491 887 2562 urediutcpratum
916 2489 1013 2546 bellum
1034 2498 1059 2546 ct
1084 2498 1123 2546 tot
1143 2496 1313 2545 armatorum

245 2574 337 2629 millio
358 2603 399 2629 .-
427 2573 541 2630 Itole'om
570 2577 748 2648 irrupissent,
782 2591 806 2628 c.
834 2576 869 2630 tt
893 2573 984 2641 med,
1016 2591 1039 2630 c.
1064 2573 1102 2628 st
1136 2582 1203 2628 ante
1236 2568 1310 2626 med.

245 2656 354 2731 Itaque
388 2656 516 2725 restitui,
553 2658 631 2730 quod
657 2655 822 2725 exciderat,
853 2664 948 2712 essent.
1005 2657 1035 2729 (ξ
1062 2659 1073 2712 l
1104 2664 1181 2710 recte
1203 2653 1312 2710 Forch·

244 2739 381 2796 hammer
402 2758 440 2795 ex
463 2739 539 2814 quod
558 2741 622 2795 aliie
642 2742 686 2795 uir
706 2737 800 2796 effecit
822 2738 897 2812 quod
911 2739 975 2795 tulis
988 2741 1040 2806 uir,
1062 2739 1118 2794 hoc
1140 2747 1192 2802 est,
1214 2754 1233 2793 a
1255 2754 1312 2810 quo

247 2840 305 2878 non
317 2822 418 2897 segnis
435 2822 502 2878 belli
520 2822 733 2879 administratio
755 2822 916 2896 exspectari
937 2832 1043 2896 posset.
1077 2820 1164 2894 Quod
1179 2818 1313 2878 Hortalus

245 2906 319 2962 abias
339 2908 387 2962 uir
408 2906 522 2980 posuit,
553 2905 644 2961 voluit
672 2905 733 2960 sine
761 2904 848 2962 dubio
876 2905 998 2978 alioquin
1018 2903 1155 2978 intelligi;
1189 2903 1241 2959 sed
1272 2901 1313 2958 ita

243 2989 318 3045 alios
342 3007 440 3062 neque
461 2987 540 3062 apud
565 2987 679 3046 Livium
707 3005 801 3061 neque
827 2989 883 3044 hac
914 2997 999 3044 aetote
1030 2986 1137 3044 dictum
1160 2985 1313 3060 reperitur;

243 3091 298 3128 uec
320 3071 365 3128 ita
387 3070 514 3128 Paulum
535 3070 637 3128 Livias
659 3069 803 3141 laudavit,
834 3080 866 3126 ut
892 3071 1054 3145 superiores
1082 3068 1214 3126 consules
1234 3066 1312 3123 viros

243 3154 337 3212 fuisse
364 3165 495 3228 negaret.
551 3153 667 3210 Kochio
698 3155 780 3224 aptus
812 3153 937 3228 placuit,
970 3172 1058 3227 quarn
1084 3153 1225 3208 uirtutem
1254 3151 1313 3206 Ro·

243 3255 353 3294 manus
385 3237 546 3311 imperator
577 3237 607 3292 in
639 3254 671 3292 se
698 3234 812 3292 laudari
841 3237 960 3292 miratus
992 3246 1081 3302 esset;
1112 3251 1206 3307 neque
1239 3230 1313 3287 enim

243 3339 376 3395 gnaram
402 3330 431 3376 et
452 3318 557 3376 fortem
580 3319 750 3375 industriam
764 3319 795 3375 id
814 3320 935 3375 verbum
957 3317 1107 3391 significat.
1156 3311 1315 3389 Seyffertus

244 3423 281 3461 ex
303 3405 372 3460 aliie
397 3401 469 3460 facit
486 3402 634 3476 probatus,
657 3420 714 3457 non
738 3419 808 3457 sane
832 3401 990 3457 litterarum
1014 3397 1227 3455 similitudinem
1251 3414 1312 3452 sec·
1373 3453 1376 3467 ,

243 3496 327 3555 tans,
364 3486 470 3543 vellem
494 3496 592 3540 tamen
615 3484 780 3558 quaesisset,
804 3483 981 3540 dicereturne
1006 3482 1056 3539 illa
1077 3491 1161 3538 aetate
1183 3478 1314 3536 absolute

237 3571 383 3644 probatus
404 3572 463 3638 uir3
486 3587 554 3624 nam
577 3567 633 3624 hoc
655 3585 691 3623 ex
713 3585 748 3624 eo
770 3585 828 3622 non
850 3565 988 3640 sequitur,
1011 3565 1089 3643 quod
1105 3562 1206 3621 Cicero
1224 3565 1313 3618 utatis

241 3655 337 3728 spatio
366 3653 505 3728 probatos
536 3650 698 3706 nominavit
730 3658 759 3705 et
789 3649 907 3705 homiues
945 3656 1079 3723 spectatos
1116 3655 1141 3703 ct
1171 3646 1314 3721 probatos.

241 3736 343 3810 Quam
368 3733 551 3810 praeetitisaet
571 3733 644 3792 bene
665 3732 782 3788 invento
807 3732 872 3804 uti.)

330 3817 406 3893 Cap.
430 3820 481 3886 22,
508 3821 553 3873 15.
597 3815 654 3888 Qui
675 3815 806 3872 homines
834 3814 971 3888 loquaces
1000 3811 1084 3886 quasi
1112 3811 1264 3868 consolans
1288 3819 1316 3867 et

242 3901 401 3959 materiam
425 3899 596 3974 loquacitati
618 3895 780 3953 defuturam
810 3913 920 3971 negans
954 3913 1105 3951 eumenum
1132 3898 1200 3950 satis
1227 3897 1315 3967 ipsam

237 3983 370 4059 protere
391 3984 487 4039 urbem
509 3981 593 4046 dicit,
626 3999 684 4036 non
717 3990 795 4036 recte
816 3979 901 4053 quasi
929 3977 1023 4035 fructu
1054 3975 1205 4033 fabulandi
1226 3977 1315 4033 inter-

242 4067 345 4125 dicens
376 4065 523 4139 adiungit:
561 4065 751 4138 loquacitatem
784 4081 862 4117 suom
895 4064 1041 4130 conticescit,
1075 4061 1126 4117 sed
1154 4061 1313 4118 rectissime

241 4152 325 4208 iubet
346 4169 385 4206 ea
405 4147 549 4216 materia,
581 4164 667 4220 quam
689 4144 760 4202 satis
782 4144 909 4219 amplam
929 4145 997 4201 urbs
1018 4144 1163 4218 praebeat,
1184 4143 1315 4219 loquaci·

241 4243 334 4291 tatem
372 4230 525 4291 contineri.
584 4229 689 4302 Itaque
717 4246 754 4285 ex
787 4227 862 4283 urbis
891 4224 946 4286 ieci
973 4227 1055 4292 urba·
1090 4229 1124 4283 iis
1162 4225 1313 4301 (sermoni-

242 4317 310 4387 bus)
335 4324 393 4373 cet.
