3475 5084
566 532 646 583 asser
662 534 734 584 xm.
771 535 819 598 (n.
839 532 901 584 cnr.
924 534 996 598 ns.)
1240 541 1274 596 nt

207 735 214 744 ·
252 727 307 788 ast,
328 717 433 776 vitium
454 717 486 774 in
508 720 638 794 auspicio
661 720 768 792 fnisse,
790 739 845 778 nec
864 720 895 777 id
915 720 1062 779 consulem
1082 719 1243 796 ignorasse.
1286 717 1320 777 (i.
1347 722 1382 777 ¹5

252 822 402 893 Valerius,
423 823 524 879 audita
545 825 563 858 *
575 825 593 860 ⁵

338 1133 432 1190 Periti
451 1134 622 1210 religionum
645 1136 774 1212 iurisque
795 1138 919 1213 publici,
952 1137 1068 1212 quando
1097 1137 1154 1192 duo
1182 1137 1321 1194 ordinarii

250 1227 388 1293 consules
410 1238 472 1296 eius
495 1240 573 1310 anni,
596 1242 670 1298 alter
681 1243 794 1312 morbo,
815 1243 889 1299 alter
910 1241 988 1299 ferro
1003 1213 1146 1316 periisset,
1167 1239 1319 1299 suffectum

251 1340 402 1399 consulem
424 1347 573 1420 negabant
593 1353 672 1403 recte
695 1346 814 1403 comitia
834 1348 943 1404 habere
964 1364 1060 1422 posse.
1081 1347 1099 1382 ¹
1115 1347 1133 1380 *

252 1641 384 1699 deduxit.

337 1746 389 1804 Cis
416 1750 603 1825 Apenninum
634 1751 739 1810 Garuli
778 1762 807 1810 et
831 1752 965 1829 Lapicini
995 1761 1023 1809 et
1055 1753 1211 1820 Hercates,
1239 1760 1320 1807 trans
1364 1751 1403 1822 19

251 1853 439 1927 Apenninum
474 1855 620 1912 Briniates
651 1855 786 1927 fuerant,
815 1856 893 1912 iutra
924 1857 1079 1914 Audenam
1111 1874 1235 1915 amnem.
1283 1857 1318 1912 P.
1335 1858 1500 1907 eim-effl-

251 1956 369 2012 Mucius
410 1976 475 2014 cum
514 1960 565 2030 iis,
608 1963 657 2034 qui
685 1961 799 2017 Lunam
831 1961 974 2035 Pisasque
1013 1960 1181 2036 depopulati
1227 1971 1318 2026 erant,
1331 1926 1506 2055 ἃςᾞοξέδ

252 2060 360 2117 bellum
382 2064 488 2137 gessit,
519 2067 712 2141 omnibusque
735 2065 765 2120 in
785 2064 927 2122 dicionem
949 2065 1074 2123 redactis
1096 2083 1180 2122 arma
1201 2064 1318 2120 ademit.
1333 2063 1501 2123 Scaevolald·

252 2163 301 2220 Ob
329 2183 380 2222 eas
408 2185 454 2223 res
476 2167 506 2224 in
529 2168 630 2228 Gallia
653 2170 866 2244 Liguribusque
894 2181 991 2246 gestas
1020 2170 1142 2226 duorum
1173 2169 1322 2226 consulum
1347 2170 1364 2224 2

252 2269 342 2325 ductu
369 2272 559 2346 auspicioque
579 2285 698 2332 senatus
720 2276 751 2332 in
782 2275 908 2331 triduum
938 2275 1165 2351 supplicationes
1193 2247 1513 2382 decrevitffssffiss)

252 2383 281 2429 et
300 2374 360 2430 XL
385 2375 488 2432 hostiis
509 2379 667 2436 sacrificari
688 2381 781 2440 iussit.
829 2382 868 2437 Et
890 2381 1028 2437 tumultus
1051 2379 1165 2454 quidem
1189 2377 1322 2436 Gallicus
1346 2392 1363 2446 3

254 2487 285 2535 et
305 2478 492 2552 Ligustinus,
525 2483 575 2556 qui
608 2485 749 2560 principio
782 2485 843 2541 eius
876 2484 943 2540 anni
965 2496 1084 2540 exortus
1111 2483 1221 2549 luerat,
1253 2484 1325 2540 haut

254 2602 364 2658 magno
389 2597 496 2643 conatu
521 2588 602 2645 brevi
624 2608 781 2664 oppressos
802 2597 880 2656 erat;
913 2589 981 2659 belli
1004 2587 1184 2646 Macedonici
1206 2587 1323 2643 subibat
1345 2595 1363 2650 4

253 2688 314 2745 iam
337 2707 418 2758 cura,
454 2691 592 2749 miscente
615 2696 725 2751 Perseo
746 2695 821 2750 inter
842 2694 1000 2750 Dardanos
1021 2695 1240 2765 Bastarnasque
1262 2709 1324 2747 cer·

255 2795 383 2863 tamina3
406 2805 445 2879 ct
464 2795 568 2870 legati,
601 2799 650 2870 qui
673 2800 753 2856 missi
782 2800 820 2855 ad
841 2815 888 2855 res
910 2797 1046 2854 visendas
1067 2797 1097 2853 in
1120 2796 1324 2855 Macedoniam

256 2909 356 2967 erant,
388 2899 447 2956 iam
469 2913 648 2959 reverterant
669 2906 794 2961 Romam
819 2902 1130 2974 renuntiaverantque,
1166 2902 1273 2959 bellum
1295 2901 1325 2958 iu

255 3003 413 3060 Dardania
438 3024 511 3063 esse.
569 3008 662 3066 Simul
684 3020 824 3066 venerant
846 3017 875 3064 et
898 3007 936 3063 ab
958 3024 1027 3080 rege
1050 3007 1159 3064 Perseo
1182 3015 1324 3073 oratores,
1347 3007 1364 3061 5

256 3107 308 3180 qui
332 3121 505 3182 purgarent,
536 3131 590 3170 nec
617 3116 726 3191 accitos
753 3115 790 3171 ab
818 3133 853 3170 eo
882 3113 1042 3169 Bastarnas
1064 3129 1117 3169 nec
1139 3122 1257 3168 auctore
1289 3127 1324 3164 eo

257 3212 419 3286 quidquam
441 3213 547 3276 facere.
609 3218 735 3277 Senatus
762 3235 816 3272 nec
849 3217 983 3274 liberavit
1014 3216 1076 3271 eius
1105 3213 1197 3288 culpa
1226 3231 1325 3287 regem
1348 3215 1365 3270 6

256 3336 354 3391 neque
377 3320 488 3393 arguit3
524 3324 634 3379 moneri
661 3342 727 3380 eum
756 3322 956 3378 tantummodo
978 3320 1078 3391 iussit,
1111 3328 1142 3374 ut
1164 3318 1251 3374 etiam
1273 3318 1326 3375 ad·

257 3441 316 3497 qne
339 3423 426 3480 etiam
449 3436 581 3496 curaret,
614 3436 646 3483 ut
666 3435 799 3483 sanctum
827 3426 936 3481 habere
963 3424 1077 3493 foedus,
1110 3423 1189 3497 quod
1211 3421 1238 3478 ei
1260 3439 1324 3478 cum

257 3656 293 3709 15
310 3655 440 3705 Intercidit
449 3657 573 3720 quaternio
585 3666 686 3720 paunus
695 3655 793 3715 codieb,
812 3654 978 3720 exceptosolio
988 3671 1034 3702 uno
1054 3655 1128 3716 (nunc
1140 3655 1223 3714 nono),
1242 3655 1267 3702 in
1280 3670 1327 3717 quo

256 3753 292 3792 est
309 3760 357 3792 vor
374 3744 482 3791 deduxit
497 3752 521 3791 et
537 3759 591 3806 cap.
608 3741 650 3792 19.
675 3743 857 3806 Fraqmentum,
878 3740 944 3806 quod
960 3740 1131 3804 interponitur,
1150 3756 1163 3787 e
1180 3739 1250 3788 Livii
1266 3738 1327 3788 libro

259 3828 335 3878 XLI
349 3831 381 3877 ab
400 3830 456 3877 urbe
480 3828 577 3878 condita
601 3829 661 3877 citat
678 3829 820 3878 Priscianus
843 3828 883 3877 lib.
905 3825 997 3876 XVII
1009 3843 1034 3889 p.
1054 3824 1128 3875 1050
1146 3825 1177 3874 P.
1197 3835 1221 3874 et
1237 3823 1327 3881 1097.·

254 3915 389 3978 posteriore
407 3914 459 3963 loco
477 3932 522 3964 oin.
542 3925 618 3963 rectc.
662 3914 736 3975 XIX,
755 3914 780 3972 l,
802 3920 812 3963 l
839 3915 876 3962 cis
899 3928 1026 3976 apennum
1042 3919 1046 3971 Ι
1061 3913 1183 3974 hergates
1226 3918 1240 3959 2
1260 3912 1327 3960 inter

257 3996 387 4066 addenem
437 4016 505 4066 Creu.
537 4017 751 4081 Interpunctioncm
769 4017 861 4066 mamni
876 4015 932 4064 Em.
953 4015 1022 4076 5023
1053 4024 1117 4064 erat:
1135 4014 1245 4063 fuerant.
1284 4013 1328 4062 ln·

257 4129 299 4170 ter
316 4122 411 4182 (intra)
429 4122 499 4170 And.
521 4123 526 4181 1
547 4121 580 4170 cl.
601 4121 700 4170 mucius
719 4117 802 4184 Sipoa.
823 4117 913 4183 (Grya.
936 4116 979 4178 Q.)
1016 4117 1041 4178 2,
1062 4123 1073 4166 1
1094 4091 1260 4178 ligurelbnsq.
1310 4123 1325 4164 2

258 4207 442 4270 replicationes
469 4206 493 4258 3.
512 4213 646 4268 amagnus
665 4215 772 4255 conatus
799 4204 826 4263 4,
848 4211 859 4254 l
881 4205 1003 4254 subibant
1037 4211 1167 4267 2perseeo
1182 4205 1187 4267 Ι
1202 4204 1326 4252 barbaros

257 4311 445 4372 bastarnasqne
470 4315 485 4356 4
503 4282 669 4358 insdardania
685 4307 735 4366 6,1
757 4322 789 4356 ne
806 4306 932 4373 liberare}
944 4309 1018 4372 culpe
1046 4304 1237 4356 ababeretloc.
1248 4302 1324 4354 Groa.
