3475 5084
450 586 488 641 44
867 580 999 632 Periocha

407 779 496 846 paucis
517 780 644 844 equitibus
661 780 805 830 iurantibus
818 781 953 831 liberatum
973 788 1025 843 est3
1044 786 1240 843 castrorumque,
1261 794 1319 843 quas
1331 776 1460 844 Carthagi-

407 874 509 925 nienses
529 874 646 924 omnibus
658 873 738 937 copiis
748 873 783 923 ab
800 876 862 925 urbe
874 876 969 940 pariter
984 874 1078 937 egressi
1091 873 1281 938 oppugnabant,
1300 874 1460 924 liberatorum

407 967 428 1017 is
446 969 499 1032 ipse
512 969 664 1034 praecipuam
678 967 784 1030 gloriam
800 967 865 1016 tulit.
899 966 1024 1017 Pratarea
1042 982 1120 1032 quum
1137 968 1169 1015 ab
1182 968 1253 1016 irrita
1271 968 1460 1030 oppugnatione

408 1059 571 1124 Carthaginis
601 1060 691 1110 consul
716 1057 791 1126 (alter
817 1062 884 1111 enim
904 1060 1011 1110 Romam
1038 1062 1071 1109 ad
1101 1060 1204 1109 comitia
1227 1056 1302 1127 ierat)
1327 1062 1460 1109 exereitum

408 1154 512 1203 duceret
529 1154 650 1204 adversus
668 1154 868 1214 Hasdrubalem,
896 1153 939 1216 qui
964 1168 1022 1203 cum
1040 1155 1126 1219 ampla
1144 1169 1220 1203 mann
1239 1154 1332 1203 saltum
1350 1154 1460 1218 iniquum

405 1247 542 1306 insederat,
570 1249 652 1298 suasit
669 1250 751 1313 primo
770 1248 877 1307 consuli,
896 1261 928 1296 ns
947 1254 997 1297 tam
1016 1248 1103 1312 iniquo
1122 1249 1180 1297 loco
1199 1246 1361 1309 confligeret3
1386 1248 1462 1297 dctus

408 1341 499 1389 deinde
530 1342 711 1405 complurium,
751 1343 806 1406 qui·
828 1351 855 1391 et
882 1341 1023 1406 prudentiae
1058 1348 1083 1389 et
1113 1340 1200 1389 uirtuti
1229 1340 1283 1389 eius
1310 1340 1462 1399 inridebant,

407 1434 541 1484 sententiis
559 1435 655 1499 etipse
673 1435 764 1483 saltum
784 1435 912 1496 ingressus
931 1442 976 1484 est.
1015 1433 1108 1495 Quum,
1127 1434 1193 1483 sicut
1210 1434 1374 1497 praedixerat,
1395 1432 1462 1484 fusus

407 1524 561 1590 fugatusque
589 1536 657 1577 esset
682 1528 816 1578 Romanus
840 1529 966 1579 exereitus
994 1537 1020 1579 st
1047 1529 1103 1577 dues
1123 1510 1241 1576 cohortes
1268 1526 1301 1575 ab
1327 1526 1403 1576 hoste
1421 1527 1464 1576 ob·

407 1620 561 1679 siderentur,
581 1636 639 1670 oum
657 1622 746 1685 paucis
765 1621 878 1683 equitum
897 1622 984 1671 turmis
1002 1622 1029 1671 iu
1048 1620 1139 1671 saltum
1156 1634 1272 1669 reuersus
1289 1620 1409 1669 liberarit
1426 1636 1465 1671 eas

407 1721 433 1762 et
451 1714 592 1763 incolumes
610 1715 720 1764 reduxit.
758 1713 841 1776 Quam
860 1716 977 1765 virtutem
998 1716 1051 1764 eius
1066 1722 1092 1763 et
1106 1713 1179 1777 Cato,
1198 1714 1237 1762 vir
1255 1714 1420 1778 promptioris
1435 1713 1465 1763 ad

407 1808 604 1872 vituperandum
622 1807 725 1870 linguae,
744 1807 771 1855 in
789 1812 879 1856 senatu
898 1806 935 1855 sic
952 1814 1100 1870 prosecutus
1119 1816 1166 1869 est,
1186 1815 1214 1856 nt
1232 1807 1330 1856 diceret
1346 1806 1465 1871 reliquos,

408 1901 450 1963 qui
469 1902 495 1948 in
508 1899 599 1950 Africa
617 1899 763 1958 militarent,
781 1900 885 1949 umbras
903 1900 1017 1960 volitare,
1037 1900 1180 1964 Scipionem
1199 1901 1291 1962 rigere,
1313 1906 1340 1948 et
1357 1900 1465 1964 populus

405 1994 538 2042 Romanos
550 2007 582 2041 eo
595 1990 680 2041 farore
696 1993 853 2057 complexus,
873 2000 901 2041 ut
914 1992 1023 2043 comitiis
1035 1993 1150 2057 plurimae
1163 2008 1219 2041 eum
1233 1992 1315 2041 tribas
1335 1991 1466 2041 consulem

407 2085 558 2145 scriberent,
583 2100 660 2149 quum
685 2085 734 2135 hoc
758 2099 804 2150 per
825 2091 926 2134 atatem
951 2098 1002 2133 non
1026 2086 1123 2136 liceret.
1160 2084 1244 2145 Quum
1268 2084 1297 2134 L.
1319 2082 1467 2134 Scribonius

407 2184 438 2226 tr.
462 2177 498 2241 pl.
524 2179 683 2240 rogationem
709 2178 911 2242 promulgasset,
942 2186 971 2227 ut
991 2178 1121 2239 Lusitani,
1152 2180 1194 2243 qui
1220 2178 1246 2226 iu
1270 2177 1349 2226 fidem
1373 2176 1467 2241 populo

407 2270 525 2320 Romano
553 2271 631 2320 dediti
665 2271 697 2320 ab
725 2269 779 2321 Sor.
806 2271 890 2321 Galba
915 2273 942 2321 iu
966 2270 1078 2321 Galliam
1103 2271 1242 2329 venissent,
1272 2269 1299 2317 in
1325 2270 1468 2319 libertatem

407 2362 606 2427 restituerentur,
625 2364 662 2413 M.
682 2362 747 2413 Cato
765 2364 887 2413 acerrime
907 2366 995 2414 suasit.
1032 2364 1124 2414 Exstat
1142 2364 1224 2413 oratio
1242 2370 1267 2411 et
1286 2363 1313 2411 in
1332 2365 1468 2414 annalibus

406 2455 485 2520 ipsius
503 2456 611 2507 inclusa.
650 2455 682 2518 Q.
693 2457 799 2507 Fulvius
818 2450 936 2506 Nobilior
954 2457 984 2516 ei,
1004 2472 1070 2522 sape
1088 2458 1121 2505 ab
1141 2471 1170 2506 eo
1189 2457 1214 2505 iu
1229 2466 1320 2505 senatu
1332 2457 1468 2519 laceratus,

407 2550 539 2614 respondit
563 2565 609 2613 pro
629 2552 724 2609 Galba3
757 2551 812 2614 ipse
837 2564 939 2615 quoqne
958 2547 1051 2610 Galba,
1075 2564 1151 2614 quum
1175 2564 1202 2598 se
1225 2550 1341 2599 damnari
1365 2551 1469 2607 rideret,

408 2642 557 2705 complexus
575 2643 639 2692 duos
657 2643 724 2693 filios
741 2650 907 2707 praetextatos
927 2650 951 2692 et
971 2643 1077 2708 Sulpicii
1096 2640 1166 2692 Galli
1183 2642 1276 2705 fllium,
1305 2642 1380 2691 euius
1403 2649 1471 2691 tutor

408 2741 475 2794 erat,
505 2736 542 2783 ita
572 2736 752 2787 miserabiliter
776 2751 822 2801 pro
846 2750 874 2785 se
902 2736 1001 2785 locutus
1026 2744 1078 2795 est,
1107 2746 1136 2784 nt
1161 2736 1260 2797 rogatio
1284 2736 1469 2800 antiquaretur.

407 2828 518 2878 Exstant
537 2836 588 2878 tres
607 2832 736 2879 orationes
754 2830 817 2888 eius,
837 2829 893 2878 dnus
911 2830 1033 2879 adversus
1044 2829 1171 2878 Libonem
1190 2836 1221 2878 tr.
1240 2828 1276 2892 pl.
1296 2830 1471 2890 rogationem·

408 2936 458 2985 que
477 2922 531 2970 eius
549 2921 643 2971 habitae
661 2922 693 2971 de
711 2922 853 2984 Lusitanis,
873 2937 924 2970 una
944 2930 1032 2972 contra
1049 2922 1079 2971 L.
1099 2919 1245 2971 Cornelium
1265 2910 1426 2983 Cethegum,
1445 2922 1470 2970 in

408 3030 459 3080 qua
471 3016 610 3065 Lusitanos
627 3028 706 3079 prope
718 3029 746 3063 se
762 3022 845 3063 castra
862 3015 987 3066 habentes
1006 3028 1083 3065 coesos
1101 3013 1203 3075 fatetur,
1223 3015 1290 3077 quod
1310 3026 1471 3080 compertum

407 3108 538 3168 habuerit,
563 3122 628 3172 equo
657 3116 733 3171 atque
757 3107 859 3156 homine
888 3122 934 3157 sno
957 3108 1007 3157 ritu
1030 3109 1178 3167 immolat-is,
1204 3122 1256 3171 per
1268 3108 1382 3171 speciem
1401 3109 1471 3173 pacis

408 3201 502 3250 adoriri
520 3202 658 3250 exereitum
677 3215 750 3249 suurn
769 3202 796 3248 in
814 3202 899 3249 animo
918 3201 1047 3251 habuisse.
1086 3201 1228 3251 Andriscus
1242 3200 1355 3263 quidam,
1374 3200 1472 3249 ultima

408 3294 483 3345 sortis
501 3294 592 3355 homo,
615 3293 703 3343 Persei
720 3295 788 3357 regis
806 3308 833 3343 se
851 3293 931 3343 filium
949 3293 1034 3345 ferens
1052 3302 1078 3363 et
1095 3301 1193 3342 mutato
1212 3294 1315 3341 nomine
1333 3293 1471 3358 Philippus

407 3397 520 3448 vocatus,
542 3400 619 3450 quum
639 3386 671 3434 ab
691 3386 753 3435 urbe
771 3388 868 3452 Roma,
888 3403 938 3452 quo
950 3374 1026 3436 illum'
1043 3386 1188 3436 Demetrius
1207 3385 1286 3449 Syrias
1304 3401 1351 3435 rex
1370 3388 1404 3436 ob
1423 3387 1472 3437 hoc

408 3482 490 3544 ipsum
514 3480 674 3529 mendacium
694 3481 812 3544 miserat,
843 3481 909 3531 clam
928 3482 1097 3546 profugisset,
1128 3479 1214 3529 multis
1239 3480 1272 3528 ad
1296 3478 1391 3529 salsam
1417 3480 1471 3529 eius

407 3572 522 3623 fabulam
547 3573 616 3621 velut
640 3573 673 3620 ad
698 3587 782 3636 reram
807 3576 971 3637 coeuntibus,
1005 3580 1137 3623 contracto
1165 3572 1277 3621 exercitu
1302 3580 1387 3623 totam
1415 3574 1471 3623 Ma·

408 3666 544 3723 cedoniam
572 3673 617 3713 aut
640 3665 772 3715 voluntate
794 3666 958 3716 incolentium
987 3673 1031 3714 aut
1056 3666 1132 3715 armis
1161 3666 1303 3729 occuparit
1342 3666 1472 3716 Fabulam

409 3765 494 3807 antem
515 3758 592 3806 talem
611 3758 732 3809 finxerat:
759 3774 793 3808 ex
815 3760 906 3825 pellice
930 3773 957 3809 se
983 3767 1008 3808 et
1025 3757 1120 3807 Perseo
1142 3773 1203 3822 rege
1222 3768 1318 3818 ortum,
1348 3759 1472 3808 traditum

408 3850 567 3907 educandum
590 3848 703 3902 Cretensi
722 3854 822 3903 cuidam
848 3866 917 3914 essa,
945 3859 973 3900 ut
998 3852 1024 3901 in
1049 3852 1109 3901 belli
1135 3866 1223 3910 casus,
1251 3852 1319 3916 quod
1342 3851 1390 3900 ille
1414 3867 1472 3901 cum

408 3942 532 3991 Romanis
544 3952 652 4009 gereret,
673 3946 777 4010 aliquod
794 3945 864 3994 velut
877 3958 961 3993 semen
973 3943 1056 4009 stirpis
1069 3944 1145 4007 regies
1159 3952 1279 3994 exstaret.
1312 3945 1471 4009 Adramyttii

408 4050 435 4085 se
453 4036 587 4087 educatum
607 4052 689 4101 usque
712 4040 744 4088 ad
769 4038 948 4088 duodecimum
971 4038 1052 4087 atatis
1076 4033 1188 4097 annum,
1209 4045 1306 4103 patrem
1332 4052 1392 4087 eum
1417 4054 1472 4089 esse

408 4130 566 4189 credentem,
603 4146 619 4179 a
647 4146 697 4195 qno
723 4132 886 4191 educaretur,
916 4131 1033 4193 ignarum
1060 4132 1161 4195 generis
1186 4130 1265 4181 fuisse
1292 4130 1346 4191 sui;
1377 4132 1472 4182 affecto

408 4224 500 4271 deinde
518 4238 563 4283 eo,
589 4238 667 4288 quum
690 4239 770 4289 prope
797 4226 830 4273 ad
854 4225 971 4273 ultimum
996 4225 1071 4274 finem
1095 4226 1152 4275 vita
1177 4231 1256 4288 esset,
1282 4225 1412 4276 detectam
1436 4226 1471 4275 ibi

409 4316 512 4362 tandem
537 4315 662 4377 originem
680 4332 751 4367 suam
780 4317 903 4380 salsaque
928 4318 1002 4367 matri
1024 4317 1140 4368 libellum
1168 4319 1255 4367 datum
1280 4318 1356 4381 signo
1383 4319 1470 4369 Persei

408 4407 633 4473 regis'signatum,
653 4423 728 4471 quem
748 4410 797 4459 sibi
815 4411 934 4471 traderet,
954 4424 1032 4473 quum
1050 4412 1083 4461 ad
1101 4411 1223 4478 puberem
1236 4420 1340 4461 aetatem
1352 4413 1471 4471 uenisset,
