3475 5084
517 529 575 584 210
689 568 693 573 .
776 521 853 573 Liber
871 522 953 573 va.
1000 522 1044 586 (Δ.
1065 536 1089 571 ιι.
1110 536 1131 571 c.
1152 520 1223 584 586.)

476 711 584 769 tionem
604 710 728 768 traducti
752 719 964 786 exposuerunt3
992 718 1190 784 renovatoque
1212 709 1320 779 lustitia,
1343 726 1408 765 cum
1429 706 1507 763 consul

475 814 627 887 edixisset,
662 825 693 873 ut
713 834 814 873 omnes
837 816 913 874 sedes
934 834 1024 873 secrae
1045 816 1241 891 operirentur,
1273 834 1326 890 pro
1355 832 1386 871 se
1410 813 1508 887 quisque

435 922 450 973 7
476 941 512 979 ex
536 922 669 979 contione
690 923 728 979 ed
749 922 858 998 grades
881 922 1008 998 agendas
1029 921 1088 978 iere
1107 921 1160 991 dis,
1182 921 1349 996 ingentique
1365 920 1448 977 turbe
1466 938 1509 975 nou

474 1030 602 1087 virorum
626 1029 723 1099 modo,
747 1028 906 1086 sedetiam
930 1025 1102 1084 feminarum
1131 1024 1262 1083 conferte
1287 1035 1344 1083 toto
1367 1026 1437 1082 urbe
1456 1026 1508 1081 deo·

433 1131 535 1193 Smin
573 1135 778 1192 immortalium
811 1134 928 1210 temple.
987 1132 1126 1203 Senatus,
1162 1142 1316 1190 revocatus
1348 1132 1378 1187 in
1411 1132 1510 1201 curiam,

472 1241 697 1316 supplicationes
718 1241 756 1297 ob
777 1258 838 1297 rem
861 1239 976 1315 egregie
1004 1250 1115 1315 gestem
1148 1240 1185 1295 ab
1208 1240 1244 1297 L.
1267 1237 1391 1296 AEmilio
1414 1238 1511 1295 consule

472 1346 502 1404 in
527 1347 654 1421 quinque
685 1347 746 1403 dies
778 1347 856 1433 circe
890 1346 987 1403 omnia
1021 1345 1184 1421 pulvinaria
1211 1344 1337 1401 decrevit
1371 1343 1511 1416 hostiisque

432 1448 449 1502 9
473 1454 631 1511 maioribus
662 1452 819 1509 sacrificari
840 1452 932 1509 iussit.
989 1452 1106 1521 Neres,
1138 1470 1201 1526 quae
1234 1450 1264 1507 in
1285 1449 1388 1507 Tiberi
1420 1460 1511 1523 parete

472 1556 674 1631 instructaeque
695 1558 828 1624 stabunt,
851 1567 891 1627 ot,
913 1558 938 1614 si
958 1576 1005 1615 res
1026 1567 1166 1633 posceret,
1189 1557 1219 1613 in
1240 1554 1444 1613 Macedoniam
1463 1554 1511 1609 ruit

413 1662 449 1713 lb
473 1673 616 1733 tuerentur,
648 1663 767 1720 subduci
800 1674 828 1719 et
853 1664 883 1719 in
912 1663 1064 1719 navalibus
1085 1663 1243 1732 conlocari3
1276 1661 1373 1737 socios
1402 1660 1511 1727 navales,

474 1768 544 1825 dato
566 1788 662 1825 annuo
684 1768 837 1843 stipendio,
859 1769 963 1825 dimitti
985 1779 1013 1825 et
1035 1788 1098 1825 curn
1122 1769 1167 1825 his
1189 1787 1306 1837 omnes,
1332 1766 1383 1841 qui
1407 1766 1435 1821 in
1457 1784 1511 1821 con·

413 1871 447 1924 ll
472 1872 541 1930 sulis
571 1876 662 1932 verba
691 1874 875 1943 iuraverant3
903 1883 931 1931 et
961 1876 1039 1949 quod
1070 1876 1189 1933 militum
1213 1872 1364 1949 Corcyrae,
1384 1870 1511 1939 Brundisi

473 1980 510 2035 sd
532 1999 612 2036 mare
644 1998 777 2054 superum
808 1989 858 2037 aut
885 1981 914 2037 in
950 2000 1020 2057 egro
1043 1980 1173 2039 Larinati
1203 1990 1278 2037 esset
1307 1974 1455 2057 (omnibus
1478 1978 1511 2035 his

472 2084 543 2141 locis
566 2085 721 2160 dispositus
745 2086 888 2167 exercitus
909 2085 1012 2157 fuerat,
1035 2106 1099 2144 curn
1119 2105 1192 2161 quo,
1215 2086 1239 2141 si
1261 2104 1308 2141 res
1332 2094 1470 2160 posceret,
1487 2081 1510 2139 C.

472 2190 600 2247 Licinius
622 2192 739 2265 collegae
760 2190 848 2248 ferret
872 2194 985 2267 opem),
1015 2194 1069 2250 hos
1092 2210 1191 2249 omues
1216 2191 1319 2247 milites
1342 2190 1445 2247 dimitti
1464 2189 1507 2263 ple·

416 2292 449 2346 12
474 2297 541 2356 cuit.
592 2296 770 2371 Supplicetio
791 2317 845 2372 pro
874 2299 1006 2355 contione
1033 2297 1140 2373 populo
1169 2297 1277 2354 indicta
1304 2305 1361 2365 est,
1395 2314 1432 2352 ex
1462 2306 1506 2351 eet

474 2403 548 2459 diem
572 2402 687 2459 Vides
709 2402 851 2460 Octobres
880 2423 944 2461 cum
968 2424 1002 2461 eo
1026 2404 1071 2461 die
1092 2404 1121 2461 in
1144 2403 1269 2477 quinque
1292 2400 1364 2458 dies.

558 2509 606 2566 Ex
627 2509 743 2584 Illyrico
765 2510 823 2565 duo
845 2510 943 2584 legati,
967 2509 1000 2567 C.
1023 2509 1150 2567 Licinius
1171 2509 1272 2583 Nerva
1303 2516 1332 2563 et
1354 2508 1390 2564 P.
1412 2504 1508 2570 Decius,

474 2614 650 2682 nuntiarunt,
672 2616 829 2672 exercitum
851 2615 1014 2691 Illyriorum
1036 2634 1156 2683 caesum,
1179 2613 1316 2672 Gentium
1339 2632 1437 2689 regem
1457 2629 1509 2684 cep-

432 2714 450 2770 2
474 2730 544 2787 tum,
576 2718 606 2773 iu
629 2719 741 2775 dicione
762 2720 862 2795 populi
886 2722 1010 2779 Romani
1033 2718 1089 2798 [et]
1112 2720 1258 2795 Illyricum
1281 2738 1354 2779 esse.
1410 2718 1454 2776 Ob
1472 2733 1510 2771 eas

473 2806 520 2878 res
541 2833 638 2897 gestes
661 2825 747 2881 ductu
771 2827 957 2901 auspicioque
978 2828 1013 2886 L.
1027 2826 1114 2884 Anici
1134 2825 1264 2901 praetoris
1286 2836 1406 2882 senatus
1426 2825 1453 2880 iu
1472 2821 1510 2877 tri·

474 2927 561 2984 duum
583 2929 807 3003 supplicationes
836 2933 976 3001 decrevit3
1014 2951 1054 2989 eae
1086 2932 1186 2988 edictae
1217 2951 1236 2988 e
1265 2931 1384 2987 consule
1412 2928 1510 2987 suntin

473 3044 540 3090 ante
562 3034 631 3090 diem
652 3046 786 3109 quartum
810 3050 838 3093 et
859 3039 973 3095 tertium
997 3048 1025 3094 et
1045 3038 1137 3112 pridie
1156 3038 1221 3094 idus
1240 3036 1434 3097 Novembres.

432 3136 451 3192 3
556 3141 715 3198 Tradidere
727 3143 853 3217 quidem,
876 3144 986 3218 legatos
998 3143 1137 3213 Rhodios,
1159 3142 1286 3199 nondum
1299 3141 1441 3210 dimissos,
1459 3148 1509 3213 post

471 3247 621 3305 victoriam
636 3248 795 3306 nuntiatam
811 3250 890 3306 velut
905 3251 941 3307 ad
960 3250 1113 3306 ludibrium
1129 3247 1240 3305 stolidae
1251 3248 1393 3322 superbire
1403 3247 1432 3302 in
1443 3261 1508 3301 sent·

472 3519 496 3578 6,
517 3526 532 3567 2
552 3533 609 3567 cum
629 3519 745 3567 consules
785 3525 800 3567 3
828 3520 901 3567 sedes
920 3530 984 3565 aorae
1030 3522 1045 3563 4
1073 3516 1217 3577 edegrotiss
1242 3517 1246 3577 Ι
1270 3515 1306 3562 ire
1338 3512 1412 3563 (iren.
1462 3510 1505 3568 Η

472 3597 604 3670 conpertu'
621 3606 683 3654 urbe
726 3604 757 3661 8,
785 3612 799 3653 2
831 3605 936 3667 egregio
983 3608 997 3651 ³
1022 3604 1090 3651 omni
1115 3604 1119 3665 1
1144 3603 1275 3675 hostisque
1320 3602 1455 3649 tiussitur
1489 3594 1505 3649 9,

472 3693 637 3741 2iustebunt
657 3693 661 3754 l
682 3693 703 3742 si
727 3707 766 3739 res
793 3700 881 3755 posset
908 3689 1023 3739 resistere
1047 3691 1072 3737 in
1092 3688 1146 3753 My.
1165 3688 1220 3737 Em.
1241 3685 1296 3737 592
1320 3687 1438 3751 (poscere
1455 3684 1505 3731 vido

472 3779 550 3843 retur)
569 3788 591 3828 ct
615 3778 712 3828 Vahlen.
750 3776 840 3843 (Gryn.
861 3779 881 3827 si
901 3792 945 3825 rex
963 3784 1050 3840 posset
1066 3777 1190 3834 resistere,
1211 3776 1237 3823 in
1257 3777 1301 3836 -J
1338 3752 1399 3822 eid
1418 3770 1506 3821 nauibus

471 3866 513 3924 10,
535 3872 546 3915 1
568 3867 667 3915 naualis
687 3868 760 3915 datos
807 3864 853 3924 11,Ι
877 3868 888 3911 l
913 3864 1043 3911 brundisio
1091 3868 1106 3911 3
1134 3870 1287 3926 poposcerot
1331 3860 1373 3919 12,
1401 3866 1411 3908 l
1437 3852 1505 3922 populi

474 3951 548 4003 Gron.
566 3956 570 4014 Ι
586 3968 618 4001 ex
636 3963 695 4002 ente
713 3954 746 4000 ud
765 3966 789 4001 ιι.
809 3953 866 3999 idus
885 3951 960 3999 octob
982 3947 1065 4014 Sz'yon.
1102 3949 1151 4007 111,
1171 3949 1195 4007 1,
1215 3954 1229 3996 3
1249 3956 1274 3996 et
1294 3945 1455 4010 ηοεαυὶτΜῃ,
1472 3943 1505 3990 iun

470 4056 571 4106 Dukcro
588 4066 726 4121 suspectum.
767 4055 791 4114 2,
818 4055 936 4103 strideo
979 4049 1504 4118 3'suplicetionesldecreuiturletinaedictu

470 4143 525 4210 My.
537 4145 576 4207 (et
595 4145 679 4192 statim
698 4144 786 4191 edietae
803 4140 856 4190 Iac.
873 4139 946 4191 Gron.
962 4139 1036 4206 Grpe.
1047 4142 1166 4199 decrevit,
1185 4149 1214 4187 ut
1231 4139 1341 4200 Latinae)
1361 4144 1377 4186 4
1396 4146 1451 4187 aute
1465 4142 1503 4180 nu*

461 4256 495 4319 ‘et
514 4246 636 4308 ·11n·(sic)
655 4255 681 4295 et
697 4227 734 4309 pi.
754 4246 788 4295 iu.
805 4246 864 4294 nob.
885 4245 1009 4294 tradidere
1028 4246 1104 4309 (diem
1119 4242 1180 4295 odd.
1196 4242 1293 4307 Sipon.)
1331 4242 1356 4301 3,
1378 4248 1392 4289 2
1412 4239 1503 4288 nondun

469 4334 560 4383 misem
578 4332 661 4382 Drok.
