3475 5084
524 513 601 563 mae
617 511 700 562 xnv.
751 512 797 576 (s.
819 510 879 561 csr.
902 512 972 575 rar.)
1174 514 1227 571 231

226 720 283 776 spes
304 701 445 757 bonorum
460 699 702 774 praemiorumque
717 700 755 755 ab
775 708 887 768 senatu,
909 716 974 773 quae
994 698 1044 755 vix
1065 697 1148 755 selva
1168 696 1275 771 pictate

226 806 247 862 ei
265 805 429 879 contingere
449 814 592 878 poterant.
634 806 728 863 Erant
748 804 822 861 enim
848 804 966 879 quidam
982 806 1179 862 Romanorum
1202 822 1274 877 quo·

225 930 274 985 que
288 929 346 967 non
365 910 434 967 boni
451 921 593 982 auctores,
615 911 665 986 qui
682 928 734 986 spe
751 910 936 985 cupiditatem
953 910 1013 967 eius
1030 909 1177 967 elicerent:
1199 908 1274 967 Eam
1298 916 1315 969 5

223 1016 379 1092 opinionem
408 1015 444 1072 de
475 1018 578 1074 Attalo
609 1027 638 1074 et
668 1017 798 1075 Eumene
823 1018 927 1074 Romae
955 1034 1033 1081 esse,
1060 1024 1209 1089 tamquam
1239 1015 1275 1073 de

222 1124 305 1181 altero
328 1122 470 1180 &manis
491 1132 570 1179 certo
597 1121 705 1190 amico,
732 1119 824 1177 altero
853 1140 908 1179 nec
935 1121 1076 1179 Romanis
1101 1139 1154 1177 noc
1174 1120 1274 1178 Persei
1348 1156 1349 1165 η

222 1230 272 1285 fido
292 1228 384 1289 socio.
431 1229 535 1302 Itaque
556 1229 607 1285 vix
627 1226 714 1285 statui
743 1244 844 1301 posse,
866 1236 971 1297 utrum,
993 1246 1057 1301 quae
1078 1245 1132 1301 pro
1154 1244 1201 1295 se,
1227 1244 1274 1296 an,
1297 1226 1315 1281 6

223 1352 278 1408 quse
292 1344 396 1391 contra
409 1333 528 1391 bata-em
544 1335 685 1409 petituros
704 1342 788 1403 esset,
810 1333 847 1389 ab
869 1341 971 1390 senatu
986 1332 1078 1407 magis
1092 1330 1276 1406 inpetrabilia

221 1438 322 1508 forent3
355 1439 430 1497 adeo
449 1418 613 1497 ‘universos
630 1438 742 1497 'omnia
775 1446 803 1496 et
832 1438 899 1495 huic
925 1438 1051 1495 tribuere
1080 1446 1108 1495 et
1135 1437 1177 1493 illi
1205 1454 1275 1493 vero

221 1563 329 1620 negare.
375 1546 486 1603 Eorum
507 1546 670 1628 hominum,
687 1553 734 1602 ut
755 1563 801 1601 res
825 1544 939 1615 docuit,
971 1544 1089 1602 Attalus
1111 1551 1188 1612 erat,
1217 1542 1275 1617 qui,
1299 1546 1314 1598 7

222 1662 355 1723 quantum
378 1668 446 1728 spes
468 1652 685 1727 spopondisset,
715 1662 867 1727 cuperent,
887 1651 918 1707 ni
940 1651 1022 1708 unius
1045 1650 1130 1708 amici
1149 1648 1275 1725 prudens

222 1757 334 1814 monitio
367 1757 457 1815 veluti
488 1756 586 1815 frenos
618 1756 715 1813 animo
737 1758 812 1826 eius,
851 1757 985 1832 gestienti
1016 1756 1148 1813 secundis
1179 1755 1275 1825 rebus,

220 1859 397 1935 inposuisset.
451 1846 578 1921 Stratius
592 1881 656 1920 cum
677 1882 713 1921 eo
734 1861 788 1921 fuit
809 1863 946 1934 medicus,
967 1863 1004 1919 ud
1024 1863 1054 1919 id
1069 1862 1162 1935 ipsum
1186 1877 1276 1917 anon
1299 1860 1316 1915 8

222 1985 317 2024 securo
334 1968 466 2024 Eumene
479 1967 604 2024 Romam
620 1968 732 2039 missus,
753 1968 919 2044 speculator
932 1986 1038 2039 rerum,
1062 1985 1125 2041 quae
1147 1986 1165 2023 a
1186 1965 1276 2023 fratre

221 2083 385 2147 agerentur,
419 2072 603 2147 monitorque
628 2074 718 2144 fidus,
750 2076 774 2132 si
804 2074 904 2131 decedi
930 2074 986 2131 fide
1014 2073 1141 2133 vidisset.
1184 2073 1216 2130 Is
1238 2071 1275 2129 ad
1298 2073 1315 2127 9

221 2187 373 2254 occupatas
394 2178 453 2235 iam
476 2196 561 2235 aures
583 2178 825 2255 sollicitatumque
845 2180 904 2238 iam
920 2181 1046 2238 animum
1061 2198 1124 2237 curn
1140 2179 1275 2248 venisset,

221 2284 371 2358 adgressus
400 2284 577 2359 tempestivis
604 2286 785 2343 sermonibus
811 2304 871 2341 rem
894 2304 985 2361 prope
1005 2285 1172 2360 prolapsam
1194 2284 1276 2340 resti-

220 2390 284 2460 tuit,
313 2390 381 2447 aliis
402 2390 461 2447 alia
483 2407 574 2463 regna
600 2392 725 2448 crevisse
747 2391 843 2460 rebus,
864 2390 1000 2459 dicend03
1031 2406 1150 2463 regnum
1177 2404 1276 2445 eorum
1301 2392 1337 2447 to

220 2513 333 2565 novum,
355 2495 442 2553 nullis
463 2496 582 2554 vetustis
605 2496 757 2554 fundatum
773 2496 886 2572 opibus,
907 2496 1037 2554 fraterna
1058 2503 1136 2552 stare
1157 2511 1275 2550 concor·

219 2600 276 2669 dis,
309 2601 391 2675 quod
413 2620 487 2659 uuus
514 2622 620 2660 nomen
648 2603 758 2677 regium
786 2611 816 2659 et
842 2602 1018 2678 precipuum
1041 2600 1143 2675 capitis
1165 2598 1275 2675 insigne

218 2714 303 2777 gerat,
322 2724 429 2764 omues
450 2706 555 2765 fratres
574 2719 706 2784 regnent,
749 2708 882 2767 Attalum
904 2726 984 2776 vero,
1008 2706 1058 2781 qui
1081 2714 1166 2762 aetate
1186 2722 1275 2779 prox·
1300 2709 1332 2763 ll

218 2809 285 2867 imus
308 2812 366 2882 sit,
405 2813 469 2887 quis
490 2833 549 2872 uon
570 2835 623 2891 pro
653 2834 721 2891 rege
749 2814 878 2873 habeat?
909 2833 1002 2890 neque
1025 2831 1059 2869 eo
1082 2812 1185 2880 solum,
1208 2810 1276 2885 quia

218 2923 309 2973 tantas
332 2930 490 2992 praesentes
509 2920 570 2977 eius
593 2940 663 2997 opes
684 2930 799 2991 cernat,
824 2922 875 2979 sed
899 2920 977 2996 quod
997 2918 1077 2977 haud
1099 2918 1276 2993 ambiguum,

217 3024 383 3098 propediem
404 3034 591 3101 regnaturum
613 3046 695 3096 eum,
722 3028 887 3085 infirmitate
909 3036 1050 3099 aetateque
1072 3025 1210 3083 Eumenis
1230 3024 1275 3093 sit,

217 3129 322 3187 nullam
354 3130 472 3206 stirpem
506 3130 627 3188 liberum
661 3133 794 3190 habentis
834 3133 967 3206 (necdum
1005 3131 1080 3188 euim
1116 3138 1277 3205 agnoverat

218 3254 293 3306 eum,
328 3236 378 3311 qui
409 3246 512 3312 postca
543 3235 700 3314 regnavit).
743 3238 820 3310 Quid
846 3238 976 3294 adtinere
1007 3236 1064 3292 vim
1095 3234 1208 3293 adferre
1234 3234 1276 3291 rei
1301 3237 1337 3293 12

254 3390 447 3397 --.——-.--...

216 3519 240 3580 4,
258 3529 273 3572 3
293 3524 350 3572 eius
374 3521 497 3573 Crevsrias
549 3522 574 3581 5,
591 3529 606 3571 2
626 3534 693 3572 esset
712 3533 842 3586 tamquam
862 3531 992 3587 tamquam
1013 3522 1058 3586 (H.
1079 3504 1222 3587 temquam)
1260 3528 1275 3571 3

219 3610 289 3675 Gryo.
308 3609 381 3659 Persi
417 3610 441 3669 6,
464 3616 474 3658 l
495 3620 580 3673 posset
598 3619 733 3674 utrumque
749 3626 796 3673 pro
836 3611 996 3660 atribueret
1013 3609 1056 3658 ille
1107 3610 1131 3669 7,
1156 3616 1165 3658 1
1187 3616 1215 3657 ut
1233 3624 1277 3658 rex

218 3697 301 3777 tspei
322 3697 500 3759 spopondisset
524 3694 530 3759 Ι
553 3712 585 3744 ne
602 3699 677 3747 nnius
722 3700 863 3747 amunitio
883 3699 887 3759 Ι
908 3712 982 3747 renos
1001 3698 1090 3747 animis
1115 3700 1119 3759 Ι
1144 3696 1204 3746 Post
1222 3696 1276 3745 eins

216 3799 316 3861 cpolim
334 3808 369 3848 est
385 3799 405 3848 3
422 3809 466 3849 aut
482 3800 499 3848 4
517 3798 655 3850 litterarum.
713 3802 739 3861 8,
760 3808 773 3851 t
793 3816 956 3852 securomene
975 3802 1067 3851 missus
1117 3801 1277 3850 3monitus·

217 3899 262 3947 que
285 3888 291 3950 1
317 3887 419 3936 decedit
465 3886 490 3946 9,
510 3892 525 3935 3
544 3888 703 3951 tempestiuis
726 3889 882 3952 temporibus
913 3887 987 3939 Groc.
1016 3890 1020 3951 Ι
1047 3889 1193 3952 prolapsam
1222 3902 1276 3936 rec-

217 3973 273 4022 tiuit
290 3973 340 4022 alis
358 3975 411 4023 alia
455 3973 498 4033 10,
523 3980 532 4022 1
559 3990 645 4023 eorum
669 3976 767 4024 nullum
785 3991 881 4025 nouum
900 3976 984 4025 nullus
1002 3976 1110 4025 uetustis
1149 3981 1164 4023 3
1185 3974 1275 4038 capitis

217 4086 242 4124 et
265 4078 340 4140 signa
405 4076 453 4138 11,
482 4084 493 4127 l
519 4080 577 4141 quia
600 4060 687 4127 attatei·
706 4080 836 4143 proximus
857 4082 953 4143 siquis
974 4078 1029 4144 My.
1049 4080 1117 4144 (qui)
1135 4088 1157 4127 et
1175 4076 1274 4142 Kreyss.

218 4162 307 4228 (Gryn.
329 4165 390 4228 quia
408 4172 482 4220 atate
503 4166 648 4229 proximus,
673 4168 743 4230 quis)
779 4172 794 4216 3
815 4166 883 4217 Nom
902 4169 1025 4217 cernant?
1060 4174 1076 4215 t
1103 4165 1276 4214 infirmitatem

216 4256 365 4315 etatemque
386 4252 391 4313 1
413 4265 532 4301 eumenes
551 4265 606 4301 esse
625 4250 679 4316 Mq.
699 4252 790 4317 (Gryn.
806 4255 929 4303 Eumenis
948 4255 1024 4317 esset)
1062 4252 1131 4313 121
1152 4252 1277 4300 adtineret

220 4337 291 4387 Groo.
411 4335 415 4343 ’
