3475 5084
466 543 505 599 ts
741 540 819 589 arser
836 541 908 592 xm.
947 541 993 603 (s.
1013 555 1039 590 ιι.
1059 557 1081 590 0.
1103 539 1177 603 aso.)

423 721 508 797 parvi
529 723 660 780 beneficii
686 724 850 782 inescamur
877 739 906 785 et
923 727 1102 784 servolorum
1124 723 1233 781 minimi
1249 723 1333 797 pretii
1349 723 1491 798 recipien-

424 827 528 883 dorum
564 847 617 901 spe
645 839 775 885 nostram
810 832 940 905 ipsorum
973 831 1135 887 libertatem
1166 828 1265 884 subrui
1295 839 1325 885 et
1353 829 1491 902 temptari

384 931 401 986 t
424 932 560 1005 patimur.
603 932 676 1006 Quis
697 937 772 992 enim
801 955 859 992 non
882 936 977 1004 videt,
1006 936 1083 992 viam
1111 935 1199 1009 regite
1222 933 1369 990 societatis
1390 933 1491 1005 quaeri,

425 1054 484 1109 qua
506 1038 668 1094 Romanum
690 1039 804 1109 faedus,
827 1060 885 1114 quo
903 1051 1004 1097 nostra
1019 1041 1117 1096 omnia
1133 1040 1323 1105 continentur,
1347 1035 1491 1093 violetur?

424 1141 489 1197 Nisi
514 1142 570 1197 hoc
591 1142 709 1199 dubium
738 1145 823 1200 alicui
845 1155 904 1212 cst,
935 1145 1099 1201 bellandum
1123 1144 1263 1202 Romanis
1291 1161 1356 1200 cum
1381 1144 1491 1199 Perseo
1574 1211 1575 1220 ἵ

424 1263 488 1302 esse
502 1258 539 1302 et.
555 1248 633 1320 quod
650 1249 719 1305 vivo
731 1250 868 1322 Philippo
884 1259 1077 1322 expectatum,
1095 1262 1188 1306 morte
1202 1248 1263 1305 eius
1274 1227 1491 1321 interpellatum

365 1351 400 1404 10
424 1361 476 1412 est,
497 1351 526 1406 id
549 1363 758 1424 postmortem
782 1354 910 1426 Philippi
932 1352 1068 1410 futurum.
1105 1355 1199 1422 Duos,
1223 1362 1255 1408 ut
1277 1351 1366 1418 scitis,
1388 1352 1492 1409 habuit

423 1454 498 1510 filios
521 1457 683 1530 Philippus,
706 1458 886 1514 Demetrium
909 1469 939 1514 et
960 1460 1079 1515 Persea.
1126 1459 1243 1517 Genera
1265 1469 1408 1524 materno,
1433 1457 1492 1512 vir·

423 1570 500 1627 tute,
525 1560 656 1633 ingenio,
687 1560 789 1618 favore
821 1564 1014 1619 Macedonum
1046 1564 1132 1638 longe
1158 1561 1290 1637 praestitit
1312 1561 1491 1620 Demetrius.

365 1664 397 1718 ll
424 1661 482 1721 Sed
506 1664 575 1736 quia
597 1664 625 1719 in
652 1665 800 1721 Romanos
823 1669 880 1724 odii
899 1672 1177 1742 regnum¹posuerat
1198 1665 1358 1741 preamium,
1381 1666 1491 1722 Deme·
1569 1719 1572 1726 .

424 1767 510 1824 trium
535 1769 614 1824 nullo
637 1769 695 1825 alio
717 1771 836 1828 crimine
852 1791 940 1845 quem
964 1775 1105 1830 Romanae
1124 1771 1257 1827 aoricitiae
1271 1769 1348 1824 initae
1370 1770 1493 1839 occidit3

423 1872 550 1937 Persea,
584 1889 670 1945 quem
701 1874 765 1929 belli
793 1892 853 1931 cum
881 1878 990 1951 popolo
1020 1879 1153 1933 Romano
1183 1876 1263 1950 prius
1292 1891 1375 1948 poene
1402 1893 1491 1948 quam

364 1976 400 2030 12
423 1975 505 2048 regni
526 1977 660 2032 heredem
683 1977 810 2035 futurum
833 1982 958 2051 sciebat,
979 1975 1077 2056 regem
1100 1981 1177 2038 fecit.
1223 1981 1328 2052 ltaque
1349 1979 1423 2052 quid
1445 1980 1492 2035 hic

423 2090 490 2152 post
512 2094 633 2138 mortem
657 2085 748 2156 patris
769 2086 829 2159 egit
849 2087 928 2143 aliud
946 2105 1032 2161 quum
1047 2085 1151 2142 bellum
1168 2083 1304 2158 paravit?
1327 2084 1493 2141 Bastarnas
1575 2113 1576 2122 ¹

423 2184 546 2257 primum
577 2187 613 2242 etl
643 2200 782 2246 terrorem
814 2193 941 2247 omnium
974 2194 1002 2247 io
1027 2191 1208 2247 Dardaniam
1239 2189 1363 2245 inmisit:
1395 2189 1493 2263 quisi
1575 2165 1576 2242 l

424 2287 521 2343 sedem
544 2307 608 2345 earn
632 2291 799 2360 tenuissent,
819 2296 971 2368 graviores
993 2313 1044 2352 eos
1059 2296 1175 2352 accolas
1190 2294 1307 2352 Graecia
1328 2294 1494 2365 habuisset,

365 2394 400 2450 ts
424 2411 511 2465 quam
543 2396 619 2451 Asia
646 2395 750 2453 Gallos
778 2399 914 2457 habebat.
964 2401 1011 2457 Ea
1038 2419 1090 2475 spe
1121 2399 1272 2474 depulsus,
1302 2418 1360 2454 non
1392 2409 1493 2455 tamen

425 2498 492 2554 belli
509 2500 629 2555 consilia
642 2502 753 2571 onusit3
776 2504 874 2573 immo,
894 2505 917 2560 si
930 2523 997 2560 vere
1011 2506 1145 2561 volumus
1157 2504 1261 2570 dicere,
1273 2503 1329 2560 iam
1342 2503 1496 2560 inchoavit

426 2602 542 2659 bellum.
593 2605 750 2681 Dolopiam
778 2610 867 2665 armis
889 2609 1003 2682 subegit
1026 2628 1077 2665 nec
1100 2621 1294 2683 provocantes
1318 2609 1354 2664 de
1377 2621 1496 2665 contro·

425 2709 528 2763 versiis
552 2710 589 2764 ad
612 2710 850 2784 disceptationem
874 2713 973 2786 populi
990 2714 1113 2770 Romani
1136 2713 1255 2770 audivit.
1292 2714 1375 2781 Inde,
1398 2724 1497 2769 trans·

425 2829 542 2884 gressus
566 2813 684 2881 OEtam,
711 2826 743 2870 ut
764 2829 882 2890 repente
903 2817 932 2872 in
954 2818 1050 2873 medio
1073 2817 1209 2874 umbilico
1231 2816 1355 2874 Graeciae
1377 2817 1497 2891 conspi-

367 2914 402 2968 14
425 2929 547 2980 curetur,
574 2918 704 2993 Delphos
727 2921 861 2977 escendit.
906 2922 978 2977 Haec
1000 2924 1150 2995 usust-patio
1172 2922 1282 2979 itineris
1303 2922 1412 2978 insoliti
1436 2940 1497 2994 quo

425 3021 509 3076 vobis
530 3034 662 3094 spectare
683 3024 817 3080 videtur?
846 3026 1030 3082 Thessaliam
1054 3027 1158 3083 deinde
1179 3027 1357 3103 peragravit.
1406 3027 1497 3098 Quod

427 3125 490 3181 sine
511 3127 597 3182 ullius
619 3147 728 3193 eorrrm,
751 3147 824 3202 quos
852 3131 963 3196 oderat,
984 3149 1073 3198 noxa,
1095 3131 1151 3186 hoc
1164 3131 1256 3204 magis
1268 3131 1496 3205 temptationem

366 3226 402 3280 15
425 3243 533 3290 metuo.
586 3232 659 3288 Inde
685 3233 797 3290 litteras
820 3235 858 3289 ad
886 3253 940 3290 nos
969 3253 1032 3291 cum
1062 3233 1189 3290 mutueris
1216 3236 1313 3307 specie
1343 3236 1438 3305 misit,
1468 3245 1498 3293 et

426 3457 619 3523 tinoescamnrl
660 3463 739 3525 praetii
750 3463 924 3524 recipiendum
960 3467 1109 3523 stemptare
1148 3436 1323 3518 9‚20mniem
1355 3463 1497 3512 staturam
1576 3451 1577 3466 ³

425 3544 494 3600 10‚2
513 3547 816 3609 philippnmdctrinmet
850 3547 1061 3610 aptastititsupro
1071 3547 1181 3608 scriptos
1227 3547 1268 3606 11,
1296 3550 1449 3598 ldemetrio
1481 3556 1496 3598 3

425 3646 499 3694 quem
516 3633 611 3694 populo
630 3648 736 3680 romano
755 3633 825 3695 prins
843 3647 923 3696 paenae
943 3632 997 3696 My.
1016 3642 1070 3695 post
1084 3632 1174 3682 [iuben.
1196 3633 1285 3697 (quem
1297 3634 1359 3682 belli
1370 3636 1397 3682 in
1408 3652 1435 3698 p.
1447 3637 1497 3696 R.;

428 3715 504 3780 Gryn.
525 3732 599 3780 quem
618 3735 642 3781 p.
662 3720 693 3768 R„
714 3719 897 3780 priuspoenae)
942 3718 984 3775 12,
1007 3719 1141 3782 aparebit
1177 3719 1240 3768 ain
1259 3737 1304 3769 ons.
1344 3719 1495 3784 asademl

425 3820 513 3880 grecia
544 3821 671 3869 thabeat
695 3821 778 3872 Weiss.
816 3822 858 3881 13,
882 3828 892 3869 l
914 3793 1068 3884 debepnlsus
1085 3821 1089 3881 Ι
1106 3830 1157 3868 tam
1191 3823 1496 3883 tconsiliomisitlim-

425 3897 506 3970 mouri
524 3923 528 3981 Ι
547 3921 622 3987 Grpn.
642 3939 702 3972 vera
730 3930 746 3971 3
765 3925 910 3996 dolopiams
928 3924 1005 3972 armis
1021 3924 1025 3984 1
1042 3937 1090 3969 nec
1105 3924 1246 3985 prouinciis
1266 3925 1298 3973 de
1318 3928 1497 3974 controuersia

425 4010 458 4056 ad
476 4009 686 4071 disceptationem
705 4026 742 4072 pr.
762 4012 861 4058 audiuit
883 4009 958 4058 Gran.
986 4007 1078 4072 (Gryn.
1092 4033 1093 4037 =
1106 4023 1155 4057 nec
1172 4011 1312 4072 provinciis
1337 4013 1370 4059 de
1389 4023 1495 4060 contro·

425 4115 504 4160 versis
525 4140 555 4149 -
575 4113 604 4162 Ρ.
616 4114 647 4162 R.
666 4114 757 4174 adivit)
796 4090 1022 4171 ttranssgressus
1071 4112 1199 4171 bgraecia
1237 4112 1351 4178 stahyn.
1373 4116 1496 4164 ascendit

425 4213 473 4274 14,
497 4220 505 4262 1
534 4231 585 4278 qno
604 4217 643 4265 uis
662 4225 777 4279 spectare
818 4221 832 4261 t
852 4213 984 4261 tessaliam
1027 4219 1042 4260 ³
1063 4212 1174 4263 Rodlla'ue
1190 4216 1290 4266 adierat
1309 4217 1314 4278 l
1336 4219 1417 4266 noxia
1435 4217 1496 4267 Da·

424 4300 495 4349 iterus
519 4301 561 4361 15,
584 4308 594 4351 l
616 4303 676 4350 mist
695 4299 747 4362 (N.
769 4300 877 4360 mittiti)
