3475 5084
912 549 1001 592 lell

435 734 556 790 aberant
583 751 635 790 nec
656 751 706 790 eos
734 731 842 789 codicis
872 731 995 806 vestigia
1023 731 1236 799 demonstrant,
1271 731 1324 789 sed
1354 729 1490 788 Chaones

435 814 584 892 (chamum
606 833 658 891 pro
682 815 831 886 theanum).
893 813 1052 872 Confirmat
1077 814 1323 886 emendationem,
1355 815 1435 888 quod
1461 814 1491 871 in

336 966 339 972 ,
433 901 490 958 fine
520 898 693 956 narrationis
722 898 759 955 de
785 896 898 956 Claudii
931 899 1016 955 rebus
1048 897 1182 955 scribitur
1209 916 1234 954 c.
1258 898 1308 965 ts,
1331 901 1348 955 6
1372 898 1491 954 mais

437 981 629 1058 Chaonumque
649 991 674 1039 et
694 984 721 1038 si
739 983 789 1056 qui
813 982 863 1038 als't'
883 980 1007 1055 Epirota
1036 989 1115 1038 erant
1138 980 1296 1055 presidiis,
1326 979 1382 1038 nisi
1411 981 1491 1056 quod

434 1065 474 1123 ibi
496 1066 560 1141 ipsa
580 1064 722 1141 particula
747 1083 799 1140 que
824 1062 903 1139 (nam
933 1072 1026 1138 pue-et
1052 1063 1096 1120 ibi*
1113 1064 1206 1120 miuus
1229 1074 1328 1139 aptum
1350 1065 1405 1137 est)
1427 1063 1491 1121 ior-

435 1159 512 1206 tasse
531 1148 673 1226 signifieat
694 1149 923 1222 Thesprotorum
949 1165 1053 1204 nomen
1087 1147 1235 1204 excidisse.
1290 1145 1349 1206 Sed
1370 1148 1426 1205 hoc
1446 1147 1491 1204 in-

433 1243 551 1300 certum,
574 1231 694 1288 alterum
719 1225 869 1298 certum.¹)
928 1280 931 1287 .
1237 1277 1239 1284 χ

517 1309 585 1376 lelb-
607 1309 717 1390 XMV,
740 1318 779 1380 -5,
809 1318 825 1370 4
856 1311 975 1389 Grynei
1007 1331 1088 1370 error
1119 1313 1204 1369 etism
1232 1312 1432 1388 Kreyssigiurn
1451 1323 1494 1370 et
1579 1365 1580 1374 ,

433 1398 582 1455 Henzium
614 1397 720 1459 traxit,
752 1406 784 1454 ut
815 1406 844 1452 et
875 1415 893 1454 a
924 1397 966 1453 rei
987 1396 1130 1454 intellectu
1153 1407 1182 1453 et
1203 1415 1221 1452 e
1246 1396 1354 1458 codiee¹
1368 1398 1491 1453 aberra·
1579 1385 1580 1404 ¹

432 1492 505 1538 rent.
553 1481 666 1538 Delixls
686 1477 764 1537 infre
783 1480 898 1536 duobus
918 1478 1012 1555 longis
1037 1479 1180 1536 asseribus
1201 1489 1231 1536 et
1250 1479 1325 1536 inter
1344 1497 1378 1536 ee
1409 1479 1491 1555 tigno

434 1572 599 1621 bansverso
620 1564 724 1620 iunctis
746 1565 786 1634 (in
805 1581 851 1620 eos
876 1571 1030 1620 mansuesco
1050 1563 1213 1620 incumbente
1234 1565 1322 1636 tipus,
1352 1571 1385 1619 ut
1410 1573 1491 1620 reete

433 1665 497 1704 cum
519 1647 618 1704 codice
631 1646 803 1719 Bekkerus),
824 1647 908 1702 abeo
929 1645 1003 1715 loco,
1026 1647 1101 1703 unde
1121 1664 1172 1721 per
1195 1645 1324 1720 proclive
1344 1659 1490 1721 sumptum
1563 1661 1566 1668 ⁴

433 1729 581 1808 fastigium
604 1739 675 1797 eret,
698 1731 728 1787 in
749 1741 945 1786 transversum
968 1729 1039 1785 illud
1059 1730 1168 1804 tignum
1191 1729 1412 1805 porrigebantur
1432 1747 1491 1786 non

433 1831 545 1870 asseres
573 1815 680 1887 (neque
708 1813 782 1870 enirn
812 1830 940 1879 meres,
975 1813 1031 1870 boc
1057 1823 1101 1869 est
1121 1810 1257 1885 Stanpeu,
1289 1812 1370 1869 iuxta
1403 1813 1491 1887 positi

432 1907 547 1971 pontem
572 1895 700 1954 efficiunt
720 1914 814 1970 neque
835 1914 887 1971 per
898 1912 948 1952 eos
958 1895 1090 1952 incedere
1109 1895 1278 1971 elephantus
1299 1897 1417 1974 potest),
1438 1896 1491 1953 sed

432 1978 539 2036 tabulae
559 1979 620 2036 sive
642 1997 739 2049 asses,
772 1998 824 2055 per
854 1996 929 2052 quos
958 1978 1102 2052 elephanti
1136 1977 1316 2050 incederent,
1350 1979 1387 2035 ad
1414 1979 1490 2036 banc

430 2060 572 2119 formam:

434 2587 467 2636 ut
486 2597 524 2636 cu
538 2578 595 2635 sint
617 2597 738 2646 asseres,
760 2577 898 2654 btignum
922 2590 1127 2650 transversum,
1149 2596 1178 2636 ec
1190 2577 1297 2635 tabulae
1318 2577 1380 2634 sive
1400 2593 1490 2646 asses,

435 2672 551 2737 pontem
575 2661 747 2730 efficientes,
768 2662 893 2719 tricenos
914 2662 1001 2736 pedes
1023 2662 1110 2736 longi.
1164 2661 1270 2720 Rarius
1292 2660 1380 2735 paulo
1397 2677 1490 2718 uoca-

432 2744 530 2801 bulum
563 2763 640 2802 asses
667 2745 729 2802 sive
756 2763 822 2802 aces
850 2745 939 2811 (unde
965 2756 1064 2820 natum
1099 2753 1142 2801 est
1163 2743 1315 2808 Gallorum
1337 2744 1392 2816 etis)
1414 2762 1432 2800 a
1456 2742 1491 2800 li·

432 2828 529 2885 brario
556 2837 719 2885 truncatum
751 2838 809 2895 est,
838 2837 870 2883 ut
910 2839 1070 2885 remaneret
1096 2837 1206 2884 tantum
1239 2846 1280 2884 as.
1342 2825 1401 2886 Sed
1425 2826 1493 2902 ipsa

432 2909 571 2968 orationis
599 2910 695 2968 forma
716 2911 873 2967 admonere
893 2911 1032 2978 debebat,
1062 2910 1273 2967 substantivum
1295 2909 1341 2966 hic
1362 2910 1491 2967 subesse.

431 2995 510 3052 Nam
532 2994 557 3050 si
579 3012 691 3051 asseres
712 2994 758 3050 hic
778 2993 880 3050 iterum
904 2993 1144 3067 significarentur,
1174 2993 1335 3050 necessario
1362 2992 1492 3050 scriben-

431 3077 499 3136 dum
522 3087 599 3135 erat:
621 3080 650 3133 in
672 3096 717 3134 eos
736 3077 788 3133 alii
806 3095 921 3133 asseres.
963 3076 1023 3134 Sed
1045 3087 1183 3152 praterea
1208 3077 1237 3134 in
1259 3077 1332 3133 duos
1353 3075 1419 3132 illos
1441 3075 1492 3132 de·

432 3162 506 3219 fixos
538 3177 650 3218 asseres
680 3170 875 3217 transversum
907 3159 1071 3217 incumbere
1092 3161 1201 3236 tignum
1223 3169 1351 3236 poterat;
1383 3158 1413 3214 in
1444 3177 1492 3215 as·

432 3262 510 3302 seres
534 3244 680 3319 quomodo
702 3260 814 3300 asseres
834 3243 944 3317 iniungi
965 3243 1118 3319 potuerint,
1139 3261 1223 3300 nemo
1242 3242 1328 3300 facile
1342 3236 1491 3317 dixerit.⁹)

458 3509 484 3576 '³
502 3508 661 3630 illuit?
681 3511 1370 3648 ”tteutalbitanusdttzttttltttllt
1386 3513 1494 3631 {ata

503 3650 614 3713 oeumm)
636 3666 739 3716 prorsus
764 3651 854 3701 vitiose
874 3651 980 3710 dicitur;
1008 3653 1075 3715 apud
1098 3651 1196 3701 Livium
1221 3653 1246 3700 iu
1272 3599 1418 3701 uariatione
1436 3667 1492 3701 om·

503 3721 565 3768 nino
583 3735 635 3768 non
653 3723 763 3785 ponitur.
811 3719 875 3785 Cap.
896 3726 942 3776 22,
965 3727 975 3770 l
1001 3735 1034 3772 ex
1051 3720 1164 3788 aprscolis
1189 3721 1334 3772 iaciendum
1359 3731 1414 3770 erat
1438 3721 1495 3788 apri

502 3787 612 3847 AEtolici
630 3805 683 3838 nou
698 3788 786 3842 AEtolt'.
833 3792 907 3854 Ager
925 3789 1026 3840 AEtolus
1051 3793 1077 3842 in
1100 3807 1176 3856 prosa
1203 3793 1319 3842 oratione
1338 3806 1389 3840 non
1410 3792 1493 3854 magis

503 3860 596 3909 dicitur
619 3873 695 3923 quam
716 3861 796 3910 ltalus
816 3871 861 3911 eut
880 3860 971 3910 Gallus
990 3875 1034 3911 aut
1052 3863 1197 3914 Britannus.
1234 3862 1301 3912 Miro
1320 3877 1404 3911 errore
1425 3861 1492 3912 Gro-

503 3930 593 3978 novius
618 3929 722 3989 XLIV,
741 3936 789 3989 ³2,
807 3936 822 3980 4
841 3929 900 3980 bello
918 3929 1005 3996 Illyrio
1031 3940 1057 3981 et
1085 3931 1173 3990 XLV,
1193 3937 1240 3990 43,
1262 3937 1275 3980 5
1300 3929 1383 3997 Illyrii
1398 3931 1494 3998 arpenti

504 3998 607 4062 scripsit
625 4010 714 4049 contra
733 4001 847 4050 codicem
866 4001 1033 4066 probavitque
1047 4001 1284 4063 Drakenborchins3
1303 4001 1405 4065 Illyrios
1423 4004 1491 4052 enim

505 4083 567 4128 esse,
587 4084 637 4118 uon
656 4070 781 4135 Illyricos.

376 4133 379 4141 '
462 4133 488 4201 ¹)
508 4140 547 4189 De
573 4155 595 4189 c.
624 4146 684 4196 at
712 4156 790 4191 naum
813 4141 898 4216 dicpm
916 4140 1039 4204 breviter,
1069 4155 1199 4205 uunquam
1229 4141 1346 4205 supinum
1373 4143 1435 4206 poni
1465 4144 1492 4191 in

504 4209 671 4272 significando
690 4211 804 4269 consilio,
823 4212 890 4274 quod
910 4209 1053 4268 differatur,
1080 4219 1105 4260 et
1123 4213 1157 4260 rei
1175 4209 1267 4260 futura
1294 4212 1491 4276 exspectatione,

504 4280 589 4341 itaque
605 4279 724 4328 Latinum
744 4295 795 4329 non
814 4293 870 4329 esse
889 4281 948 4329 abeo
966 4280 1122 4344 inposterum
1141 4279 1202 4330 diem
1220 4281 1327 4346 irpfestt'us
1345 4299 1492 4340 concursum,

505 4357 533 4398 ut
550 4349 595 4399 sit:
612 4363 645 4398 eo
665 4350 760 4409 animo,
779 4358 807 4398 ut
822 4354 924 4413 postero
942 4351 983 4398 dic
1000 4348 1115 4400 infestius
1134 4365 1293 4402 concurram.
