3475 5084
516 522 596 571 nina
613 519 711 570 xmv.
750 520 798 583 (s.
819 517 880 570 our.
904 521 977 583 iso.)
1182 525 1234 581 tot
1273 502 1281 519 ''

234 704 356 763 custodiis
376 706 507 777 firmatis,
528 723 565 763 ne
589 708 667 781 quod
690 706 853 781 praesidium
876 724 912 763 ex
935 704 1110 762 Macedonia
1130 702 1283 761 intromitti
1339 770 1342 783 Ι

233 818 331 883 posset,
352 809 489 885 quoniam
512 810 557 867 vis
578 822 680 884 aperta
700 830 759 868 non
780 810 984 885 processisset,
1015 809 1152 881 operibus
1176 810 1283 865 moenia

232 932 396 989 oppugnare.
437 916 511 974 Haeo
539 916 709 990 parantibus
730 916 790 985 bis,
812 916 844 973 X
864 915 939 990 regii
951 914 1063 985 lambi,
1094 914 1133 971 ab
1154 915 1282 973 Thessa·
1306 917 1323 973 6

231 1020 314 1077 lonico
334 1038 398 1077 cum
428 1020 545 1078 delectis
569 1020 723 1081 Gallorum
751 1021 942 1078 auxiliaribus
965 1000 1059 1089 midi,
1081 1036 1146 1075 cum
1168 1019 1197 1075 in
1219 1019 1282 1076 salo

231 1135 327 1182 nautes
347 1126 473 1183 hostium
494 1141 586 1183 naves
607 1126 842 1200 conspexissent,
863 1126 919 1200 ipsi
942 1126 1067 1183 obscura
1088 1133 1190 1195 nocte,
1215 1125 1283 1181 cim·

230 1229 286 1303 plici
305 1230 414 1300 ordine,
437 1250 524 1305 quam
539 1239 674 1305 poterant
685 1231 818 1306 proxime
827 1231 895 1289 litus
910 1240 1048 1300 tenentes,
1069 1230 1215 1287 intrarunt
1235 1250 1283 1289 ur·

230 1337 294 1393 bem.
334 1335 432 1398 Huius
453 1336 523 1393 novi
552 1334 679 1409 praesidii
698 1335 780 1393 fama
801 1335 941 1393 absistere
962 1336 1179 1409 oppugnatione
1200 1334 1323 1392 simul?

229 1442 368 1498 &manos
397 1457 555 1516 regemque
585 1441 689 1515 coegit.
742 1438 935 1499 OErcumveoti
967 1440 1211 1514 promontorium,
1247 1440 1286 1497 ad

230 1545 355 1602 Toronen
377 1546 500 1603 classem
523 1546 705 1619 appulerunt.
746 1545 822 1603 Eam
852 1564 968 1620 qnoque
990 1564 1160 1621 oppugnare
1181 1545 1284 1615 adorti,
1308 1542 1326 1598 8

230 1650 270 1707 ubi
290 1651 389 1709 valida
410 1649 526 1707 delendi
541 1670 629 1708 mann
651 1650 926 1722 animadverterunt,
946 1650 1033 1708 inrito
1049 1650 1162 1723 incepto
1178 1650 1284 1706 Deme·

229 1754 339 1812 triadem
362 1764 472 1829 petunt.
515 1756 649 1814 ibicum
677 1756 943 1829 adpropinquantes
970 1756 1081 1827 repleta
1109 1754 1216 1811 moenia
1239 1774 1285 1811 ar·

230 1862 303 1917 mutis
323 1862 474 1931 vidissent,
496 1860 676 1933 praetervecti
697 1860 735 1917 ad
750 1860 851 1919 Iolcon
867 1862 989 1919 classem
1008 1860 1188 1934 appulerunt,
1210 1859 1286 1930 iude,

230 1982 292 2039 agro
311 1974 440 2037 vastato,
462 1966 679 2023 Demetriadem
702 1983 819 2040 qnoque
841 1964 1016 2041 adgressuri.

301 2071 385 2127 luter
404 2072 466 2129 baeo
494 2080 524 2127 at
553 2071 668 2141 consul,
694 2090 732 2127 ne
758 2071 854 2146 segnis
882 2070 994 2127 sederet
1022 2078 1134 2127 tantum
1158 2071 1187 2127 in
1215 2088 1286 2145 agro
1332 2058 1370 2130 ld

230 2174 348 2248 hostico,
379 2176 421 2232 Μ.
442 2175 588 2249 Popilium
619 2193 684 2233 cum
706 2176 737 2232 V
767 2175 883 2233 milibus
911 2175 1032 2231 militum
1060 2174 1098 2232 ad
1121 2175 1288 2233 Moliboeam

230 2282 319 2337 urbem
335 2280 562 2355 oppugnandam
578 2280 673 2338 mittit.
718 2280 782 2339 Sita
796 2289 839 2338 est
860 2280 890 2337 in
911 2278 1057 2338 radicibus
1076 2278 1159 2337 Ossae
1174 2281 1288 2352 montis,
1310 2277 1328 2333 2

231 2402 284 2461 qua¹
300 2392 385 2459 parte
405 2385 437 2441 in
451 2384 634 2442 Thessaliam
656 2386 760 2459 vergit,
781 2392 945 2458 opportune
964 2384 1106 2441 inminens
1127 2402 1214 2458 super
1228 2386 1288 2442 De·

231 2490 403 2547 metriadem.
450 2488 568 2546 Primus
599 2489 740 2546 adventus
768 2489 894 2546 hostium
924 2488 1046 2562 perculit
1077 2488 1187 2545 incolas
1217 2489 1289 2559 loci3
1312 2487 1329 2542 3

230 2594 348 2653 collectis
381 2593 485 2651 deinde
514 2611 548 2649 ee
573 2593 747 2668 necopinato
773 2612 885 2669 pavore
907 2592 1026 2664 aniuiis,
1057 2592 1221 2650 discurrunt
1242 2614 1288 2651 ar·

231 2699 294 2755 mati
315 2700 353 2756 ad
376 2708 478 2774 portas
502 2698 664 2768 aomoenia,
687 2715 745 2772 qna
767 2698 894 2774 suspecti
917 2697 1012 2754 aditus
1035 2707 1126 2768 erant,
1145 2716 1294 2773 spemque.

231 2804 370 2879 extemplo
392 2804 563 2873 inciderunt,
585 2787 651 2877 capi
672 2802 767 2876 primo
788 2801 898 2877 impetu
920 2820 1015 2877 posse.
1058 2802 1180 2862 Obsidio
1202 2802 1291 2878 igitur
1312 2805 1329 2859 4

231 2910 402 2981 parabatur,
436 2918 465 2966 et
486 2925 577 2982 opera
599 2908 639 2963 ad
659 2908 905 2982 oppugnationem
928 2908 990 2965 fieri
1012 2920 1117 2984 coepta.
1164 2909 1290 2965 Perseus

231 3028 289 3069 oum
312 3013 452 3085 audisset,
477 3012 563 3070 simtu
584 3012 751 3070 Meliboeam
776 3031 795 3069 a
816 3012 943 3070 consulis
966 3014 1093 3070 exercitu
1117 3013 1290 3088 oppugnari,

231 3116 309 3191 dmul
335 3119 459 3176 classem
491 3117 565 3176 loloi
591 3127 685 3189 stara,
717 3117 794 3174 unde
820 3117 1038 3175 Demetriadem
1075 3117 1291 3191 adgrederetur,

231 3219 448 3297 Euphranorem
472 3217 617 3297 quendam
645 3240 683 3280 ex
705 3223 826 3279 ducibus
849 3240 915 3280 cum
938 3222 1057 3280 delectis
1078 3222 1192 3279 duobus
1216 3220 1290 3278 mili·

231 3326 279 3383 bus
300 3328 469 3387 Meliboeam
491 3329 587 3387 mittit.
630 3329 734 3386 Eidem
755 3328 947 3403 imperatum,
982 3336 1029 3397 ut,
1062 3327 1087 3383 si
1114 3345 1133 3383 a
1153 3326 1291 3384 Meliboea
1315 3325 1331 3377 5
1433 3369 1437 3375 .

233 3532 458 3541 -Ἢ

232 3646 254 3708 5,
271 3654 286 3697 2
304 3649 417 3699 firmauit
432 3649 437 3712 Ι
451 3648 590 3697 intromisti
632 3625 783 3727 Bmdtania
826 3646 855 3708 6,
878 3652 889 3696 l
910 3647 1064 3697 tessalonioa
1104 3633 1293 3697 tintraruuint

233 3747 278 3809 m
295 3750 463 3801 circumuenti
479 3750 684 3815 promunturium
693 3765 724 3799 ac
737 3757 844 3799 toronen
860 3750 950 3815 (Grpe.
962 3746 1105 3813 Toronetn)
1131 3750 1156 3810 8,
1170 3756 1181 3800 l
1193 3751 1293 3815 adpug-

232 3849 288 3885 nare
316 3838 392 3897 xm,
408 3837 433 3896 1,
452 3843 463 3886 l
483 3838 533 3886 iter
552 3837 611 3899 (aut
626 3838 690 3899 iter)
708 3835 956 3900 haolagrohoam.
969 3836 1092 3901 popilium
1121 3837 1292 3887 tmoalibeam

231 3921 255 3983 2,
273 3930 287 3973 2
306 3926 438 3975 tessaliarn
449 3920 454 3986 Ι
465 3930 616 3987 opportunae
640 3922 798 3983 nunciata
807 3923 962 3987 necopinato
974 3920 1025 3971 Ed.
1043 3921 1142 3973 Vaccus.
1181 3928 1197 3972 3
1216 3938 1293 3988 qnam

233 4028 400 4090 tprimoimo
428 4028 526 4091 impetu
560 4024 591 4086 4,
617 4031 628 4074 1
656 4008 775 4075 obaiotoir
812 4022 930 4090 2‘opera
953 4024 1173 4088 oppugnationem
1199 4024 1254 4089 Mp.
1272 4036 1295 4077 et

240 4109 329 4162 Vahlen
346 4114 438 4179 (Geyer.
458 4125 536 4177 opera
553 4112 787 4177 oppugnationum)
823 4117 838 4160 3
858 4112 1015 4161 moatiboeam
1050 4112 1129 4160 tloei
1148 4122 1215 4161 stara
1233 4113 1294 4161 inde

234 4196 334 4251 naun.
354 4202 442 4266 (σφι.
462 4199 526 4250 Iolci
545 4206 576 4248 st.
596 4208 626 4248 ut
643 4198 713 4262 inda)
750 4194 1014 4263 neupramoremlex
1032 4197 1140 4248 ducibus
1158 4212 1190 4247 ex
1208 4197 1294 4249 delec-
1396 4198 1398 4201 ’

234 4286 378 4353 asenneus
395 4302 521 4352 mitiusue
539 4302 632 4351 osam
667 4301 692 4363 o,
714 4308 725 4351 1
746 4301 816 4353 uem
831 4302 836 4364 ι
851 4300 978 4351 marsuae

258 4398 331 4437 mum
344 4409 372 4438 ax
385 4408 427 4437 reo.
442 4398 551 4447 Madvigii.
580 4398 628 4438 VII.
996 4396 997 4399 ’
1063 4397 1092 4440 ll
1111 4422 1112 4427 =
