3475 5084
488 512 544 569 164
743 508 823 559 Liber
839 506 937 559 XLIV.
967 507 1014 572 (Δ.
1034 522 1060 558 u.
1080 522 1103 558 o.
1120 508 1193 571 585.)

399 695 418 752 9
440 710 506 751 oum
526 709 587 767 pex
608 690 885 752 inter'Msoedouns
908 694 1117 768 ansnosque
1138 702 1229 763 osset,
1264 692 1321 751 sibi
1348 692 1477 750 amicitiam

440 815 504 857 eum
529 814 599 872 rege
620 798 730 855 Perseo
753 810 895 874 omptem3
932 816 997 855 eum
1021 817 1053 857 se
1073 798 1197 867 invitos,
1226 798 1308 861 nullo¹
1337 797 1395 854 eius
1414 796 1438 853 iu
1455 816 1479 853 se

439 903 552 972 merito,
576 900 713 975 quonium
736 902 777 959 itu
798 903 940 961 Romanis
962 903 1058 961 visum
1080 903 1167 961 sitin
1190 902 1359 959 societatem
1383 919 1411 959 se
1429 901 1478 959 belli

381 1012 416 1067 to
439 1008 564 1074 trahere,
585 1005 782 1081 interrupisse.
841 1008 974 1067 Tertium
1002 1027 1034 1066 se
1061 1026 1168 1067 unnum
1197 1007 1288 1065 muita
1311 1007 1373 1064 eius
1393 1008 1479 1065 incon·

440 1112 527 1171 mode
548 1110 617 1169 belii
637 1111 761 1182 sentire,
783 1112 857 1169 muri
878 1092 1051 1183 internldem
1075 1114 1192 1187 inopom
1215 1110 1340 1169 insulam
1363 1113 1426 1169 miss
1439 1156 1444 1168 .
1457 1155 1480 1167 ..

379 1224 412 1278 tt
441 1258 472 1277 ..
489 1212 696 1293 .(1·)itimisinu
713 1257 721 1273 .
737 1257 744 1271 .
760 1256 767 1273 .
784 1216 900 1275 uolendi
921 1217 1020 1294 itaque
1034 1217 1253 1276 commeatibus.
1286 1215 1361 1275 Cum
1376 1217 1403 1274 id
1423 1216 1481 1273 ultm

437 1319 500 1397 peti
527 1338 587 1377 nou
614 1328 749 1394 possent,
783 1319 897 1397 legatos
927 1322 1001 1381 ulios
1031 1324 1068 1380 ed
1102 1325 1212 1381 Perses
1239 1322 1268 1381 in
1299 1322 1481 1380 Macedonian

438 1425 560 1495 misisse,
582 1423 632 1499 qui
654 1422 681 1481 ei
704 1424 916 1496 denuntiarent,
938 1427 1060 1487 Rhodiis
1082 1428 1206 1503 placere,
1227 1444 1331 1502 paoem
1347 1446 1409 1484 oum
1430 1444 1483 1482 oon·

436 1548 547 1607 ponere
577 1548 641 1587 oum
664 1529 822 1600 Romanis,
858 1548 893 1589 se
910 1533 1036 1590 Romam
1063 1532 1164 1590 eedem
1196 1533 1359 1591 nuntiatum
1390 1532 1483 1589 missos.

378 1634 415 1691 12
437 1638 497 1693 Per
518 1653 592 1710 quos
613 1633 756 1703 stetisset,
784 1653 843 1709 quo
864 1636 959 1693 minus
981 1636 1048 1694 beili
1070 1638 1134 1695 finis
1158 1639 1256 1709 fieret,
1289 1638 1427 1697 adversus
1446 1652 1483 1691 eos

378 1741 414 1798 ts
438 1740 508 1815 quid
528 1740 584 1797 sibi
604 1738 768 1797 iaciendum
791 1751 882 1811 esset,
911 1742 1043 1799 Rhodios
1070 1744 1305 1801 consideraturos
1329 1760 1401 1803 esso.
1451 1740 1485 1797 Ne

435 1862 512 1902 nuuc
533 1844 650 1919 quidem
670 1844 733 1901 hmo
753 1843 816 1901 sine
830 1845 1029 1921 indignatione
1040 1846 1097 1923 legi
1122 1849 1253 1905 audirive
1274 1866 1372 1924 posse,
1394 1856 1484 1905 uertun

435 1951 542 2008 hubeo.
584 1949 658 2005 Inde
679 1948 840 2007 existimari
861 1958 967 2025 potest,
990 1952 1040 2026 qui
1061 1951 1179 2009 habitus
1195 1953 1359 2010 animorum
1382 1952 1485 2011 andien-
1537 2002 1538 2009 ,

436 2056 513 2114 tibus
534 2072 570 2111 eu
591 2054 723 2129 putribus
743 2052 841 2115 fuerit.

354 2154 394 2225 15
477 2226 482 2238 ¹
519 2157 673 2230 Claudius,
706 2160 778 2217 nihil
803 2176 992 2235 responsum,
1025 2144 1208 2229 auctorest,
1241 2168 1353 2220 tentum
1385 2168 1487 2219 senatus

435 2264 597 2324 consultum
618 2263 780 2334 recitatum,
803 2282 863 2339 quo
879 2262 972 2323 Cures
994 2272 1023 2322 et
1044 2265 1152 2341 Lycios
1175 2266 1282 2323 liberos
1304 2286 1369 2323 esse
1390 2267 1487 2323 iuberet

436 2370 562 2445 populus
583 2372 735 2429 Romanus
762 2369 931 2445 litterasque
962 2370 1109 2446 extemplo
1134 2370 1171 2427 ud
1200 2378 1356 2445 utrumque
1376 2379 1487 2447 gentem.

396 2477 414 2533 2
436 2486 467 2533 nt
487 2476 574 2533 eoiret
594 2475 770 2545 iudicatum,
803 2475 892 2543 mitti;
928 2494 986 2549 qua
1009 2475 1109 2533 andita
1130 2494 1176 2545 re,
1198 2474 1356 2550 principem
1380 2474 1488 2550 legatio·

435 2582 490 2652 nis,
512 2582 593 2640 euius
615 2580 893 2656 magniloquentiam
915 2581 967 2639 vix
984 2578 1066 2637 ouria
1088 2579 1176 2653 paulo
1198 2575 1273 2636 ente'
1287 2590 1414 2655 ceperat,
1436 2597 1488 2636 oor·

395 2686 536 2745 sruieee.
579 2685 641 2743 Alii
664 2704 835 2761 responsum
864 2703 929 2743 esse
950 2685 1084 2755 tradunt,
1119 2685 1258 2760 populum
1283 2684 1447 2743 Bouianum
1467 2692 1489 2739 et

434 2789 577 2865 principio
598 2789 659 2847 eine
681 2790 748 2849 beili
769 2790 845 2847 hund
869 2790 953 2847 venis
974 2791 1141 2848 auctoribus
1162 2799 1341 2865 compertum
1354 2790 1489 2855 habuisse,

434 2894 566 2955 Rhodios
588 2912 653 2951 eum
665 2896 774 2959 Perseo
786 2912 855 2969 rege
865 2895 1007 2952 adversus
1028 2913 1088 2951 rem
1112 2893 1257 2969 publicum
1280 2912 1363 2952 suem
1386 2894 1488 2953 occulte

394 3005 412 3059 t
435 2999 556 3059 oonsilio
576 2999 673 3071 inisse,
695 3009 733 3071 et,
754 3003 781 3057 ei
799 3000 830 3058 id
852 3008 919 3058 ente
941 3000 1060 3057 dubium
1084 2998 1201 3069 fuisset,
1223 2998 1385 3081 legatorum
1410 2999 1489 3076 poulo

431 3225 457 3284 9,
480 3229 491 3273 l
517 3224 567 3274 eibi
585 3200 659 3272 mooe
676 3219 815 3271 nmioitienn
844 3219 915 3279 10‚u
934 3236 986 3285 sqq.
1006 3220 1069 3269 muri
1086 3220 1188 3269 iuterim
1206 3220 1307 3271 incluso
1325 3220 1439 3283 inopium
1457 3222 1488 3268 in·

430 3312 626 3379 sulumt'mopem
645 3310 706 3360 miss
729 3306 768 3356 Ab
790 3307 896 3370 inopem
920 3307 984 3356 miss
1011 3306 1095 3371 incipit
1117 3306 1276 3355 inuenerem
1291 3307 1392 3371 papium
1406 3305 1489 3371 prion's

422 3397 474 3463 fol.
494 3397 557 3456 1153
574 3396 596 3445 ie
612 3405 657 3445 uut
673 3410 757 3444 erasus
774 3402 818 3443 unt
835 3390 954 3442 maculam
973 3391 1116 3458 euterpeudo
1140 3390 1229 3442 deletus
1247 3401 1292 3451 set,
1318 3402 1345 3443 ut
1363 3392 1446 3443 littere
1463 3400 1490 3441 tot

422 3486 494 3550 fers,
523 3491 579 3547 quot
593 3489 685 3546 punctu
699 3480 785 3544 posui,
809 3478 857 3544 ἀφ’
873 3488 1002 3544 nequedum
1027 3478 1110 3529 littera
1133 3494 1223 3543 rpure
1240 3487 1331 3527 tuntum
1349 3478 1398 3545 leqi
1410 3486 1488 3545 potest.

430 3570 455 3620 A
472 3569 574 3619 uolendi
596 3567 680 3631 incipit
700 3565 779 3616 oltet‘o
800 3566 902 3631 popina.
943 3566 1017 3631 Gryn.
1037 3566 1141 3616 sentire:
1166 3564 1230 3613 meri
1250 3565 1391 3615 intercluso
1408 3566 1488 3629 inopis

428 3657 539 3707 insulem
569 3639 665 3718 premi,
696 3652 798 3702 emissis
829 3652 961 3701 maritimis
991 3652 1161 3715 vectigalibus
1195 3659 1272 3716 etque
1302 3653 1486 3701 commeatibus.

428 3742 485 3810 Ipse
502 3739 610 3791 ioriolor
627 3736 712 3805 (poulo
729 3737 801 3788 atim
817 3746 889 3802 atque
906 3736 962 3788 Em.
980 3738 1061 3803 568):
1087 3740 1189 3805 inopem
1207 3739 1318 3787 insulem
1337 3754 1392 3788 esee
1409 3753 1489 3797 suunt
1538 3740 1540 3759 '

428 3829 562 3879 maritimis
571 3827 657 3875 vivero
666 3825 807 3875 incolentes
816 3826 1011 3875 commeatibus.
1041 3825 1198 3890 iteqnecum
1209 3852 1249 3874 -.
1278 3823 1435 3874 Aliioliter·
1451 3822 1487 3881 11.
1539 3864 1540 3869 ,

428 3916 522 3981 sparti
540 3914 638 3964 srodie
665 3912 929 3961 tromuniseromem
960 3912 1002 3973 12,
1015 3918 1026 3962 l
1039 3913 1204 3976 qnoetetiseet
1229 3911 1373 3975 equissibi
1389 3912 1394 3973 Ι
1408 3911 1488 3960 rodios
1538 3942 1540 3983 I

427 4018 494 4078 13,1
516 4032 572 4068 esse
591 4031 659 4065 nuno
677 4015 779 4081 quidem
815 4016 976 4065 sundireine
1004 3997 1098 4079 aquis
1113 4016 1216 4065 habitus
1251 4014 1312 4075 XV,
1322 4014 1373 4073 1,s
1391 4023 1486 4077 gentem
1539 4048 1540 4065 t

427 4106 505 4158 eoiret
526 4105 669 4155 iudicatum
690 4101 745 4167 My.
768 4100 824 4151 Em.
843 4099 902 4151 569
926 4103 968 4165 (ut
993 4102 1041 4152 iam
1061 4100 1145 4168 sipon.
1173 4102 1247 4167 Gryn,
1273 4110 1374 4165 gentem
1399 4100 1488 4149 scirent

425 4194 495 4257 iud.)
529 4192 556 4250 2,
576 4198 591 4241 2
610 4188 831 4253 magniloquentia
848 4189 894 4237 uix
913 4189 1011 4237 onmem
1056 4188 1159 4270 3,1iet
1191 4187 1218 4247 4,
1242 4193 1253 4237 t
1281 4186 1372 4251 inisset
1389 4187 1412 4235 id
1433 4192 1487 4233 unte

427 4297 433 4362 Ι
446 4296 590 4359 legatorum
608 4292 710 4343 noeulte
726 4292 836 4363 consilto
851 4290 942 4341 inisset
958 4290 1035 4355 peulo
