3475 5084
552 528 631 579 Liber
647 528 732 578 XLII.
769 528 816 592 (Δ.
837 527 898 578 (lhr.
921 528 991 591 171.)
1227 530 1262 587 81

236 710 368 767 laetatum
384 721 549 785 appareret,
570 714 714 788 recepisti,
736 714 785 787 qui
806 712 934 771 omnium
952 712 1117 789 lllyriorum
1138 710 1308 769 fidissimum

237 817 377 873 Romano
399 816 510 873 nomini
531 818 663 891 regulum
683 818 861 874 occiderant.
905 819 965 875 Per
986 816 1170 874 Thessaliam
1192 822 1222 871 et
1241 816 1308 871 Ma·
1330 819 1352 873 11
1450 856 1451 861 κ

236 919 360 976 bensem
384 938 487 994 agrum
510 939 574 979 cnm
598 921 725 978 exercitu
755 930 857 977 contra
886 920 980 979 foedus
1002 915 1135 997 Delphos
1156 920 1217 989 isti3
1248 919 1309 994 By·

235 1024 345 1081 samiis
366 1025 436 1081 item
459 1036 561 1083 contra
582 1026 677 1084 foedus
700 1026 803 1083 misisti
825 1025 948 1083 auxilia,
990 1025 1064 1084 Cum
1080 1025 1201 1095 Boeotis,
1223 1022 1309 1081 sociis

236 1129 358 1199 nostris,
380 1138 521 1187 secretam
545 1132 596 1188 tibi
614 1106 868 1206 ipsi-societatem,
892 1150 979 1205 quam
1014 1150 1072 1188 non
1099 1130 1222 1200 licebat,
1247 1127 1310 1185 iure

235 1233 364 1290 iurando
388 1234 534 1309 pepigisti.
581 1238 740 1293 Thebanos
760 1235 883 1310 legatos,
906 1237 1099 1299 Euersam,et
1120 1232 1309 1301 Callicritum,
1333 1242 1348 1295 7

235 1340 390 1395 venientes
408 1340 447 1396 ad
469 1358 539 1409 nos,
571 1359 700 1414 quaerere
720 1340 816 1410 malo,
849 1340 914 1413 quis
936 1332 1128 1407 interfecerit,
1151 1356 1238 1411 quum
1262 1356 1309 1394 er·

234 1462 339 1518 guere-
389 1445 426 1501 In
446 1444 562 1501 AEtolia
583 1445 688 1501 bellum
709 1445 876 1501 intestinum
900 1455 929 1501 et
958 1446 1049 1501 caedes
1071 1442 1232 1519 principum
1257 1462 1310 1517 per

235 1565 325 1620 qnos,
347 1547 403 1603 nisi
424 1565 478 1621 per
498 1557 574 1618 tuos,
595 1547 681 1606 factas
702 1548 795 1605 videri
816 1548 958 1623 possunt?
1001 1549 1132 1623 Dolopes
1155 1567 1173 1604 a
1195 1546 1308 1620 teipso

234 1652 367 1709 evastati
388 1660 465 1713 sunt.
497 1654 644 1710 Eumenes
665 1673 727 1725 rex,
749 1654 786 1710 ab
801 1654 899 1710 Roma
920 1672 984 1711 cum
1003 1653 1033 1709 in
1053 1670 1174 1727 regnum
1194 1652 1310 1721 rediret,
1333 1652 1350 1709 8

234 1776 334 1832 prope
355 1766 388 1815 nt
409 1757 538 1815 victuma
558 1758 682 1833 Delphis
702 1760 731 1816 in
753 1767 869 1817 sacrato
891 1758 956 1815 loco
978 1766 1046 1815 ante
1067 1777 1133 1815 aras
1157 1765 1310 1829 mactatus,

235 1881 328 1937 quem
352 1862 508 1932 insimulet,
527 1863 607 1937 piget
621 1862 739 1921 referre.
772 1865 845 1937 Qnae
863 1864 970 1937 hospes
988 1863 1180 1920 Brundisinus
1196 1863 1310 1920 occulta
1333 1863 1350 1919 9

234 1968 377 2025 facinora
397 1968 514 2037 indicet,
536 1976 645 2023 certum
667 1969 763 2025 habeo
787 1977 816 2025 et
836 1968 946 2042 scripta
966 1967 1019 2024 tibi
1041 1968 1139 2025 omnia
1161 1968 1198 2024 ab
1213 1968 1311 2024 Roma

235 2091 305 2130 esse
333 2081 362 2129 et
389 2072 502 2147 legatos
532 2073 713 2129 renuntiasse
744 2080 820 2129 tuos.
871 2073 943 2129 Haec
972 2090 1009 2129 ne
1031 2073 1193 2130 dicerentur
1214 2092 1233 2130 a
1254 2092 1310 2145 me,
1336 2074 1372 2129 10

235 2195 297 2233 uno
325 2176 417 2232 modo
444 2176 539 2232 vitare
566 2176 701 2251 potuisti,
728 2196 787 2235 non
816 2179 987 2252 quaerendo,
1017 2196 1104 2252 quam
1127 2179 1165 2235 ob
1190 2196 1309 2235 causam

234 2280 387 2338 exercitus
407 2281 438 2337 in
460 2281 665 2337 Macedoniam
687 2282 878 2341 traicerentur
898 2293 949 2340 aut
971 2283 1107 2358 praesidia
1121 2282 1151 2338 in
1165 2282 1309 2339 sociorum

235 2388 329 2444 urbes
351 2385 539 2445 mitteremus.
584 2386 731 2457 Quaerenti
753 2388 805 2445 tibi
826 2388 978 2463 superbius
1000 2389 1199 2460 tacuissemus,
1222 2406 1310 2462 quam

235 2511 313 2548 vera
334 2490 546 2565 respondimus.
579 2490 723 2564 Equidem
739 2511 793 2567 pro
817 2502 1057 2566 paternonostro
1072 2494 1199 2568 hospitio
1221 2492 1309 2550 faveo
1335 2496 1368 2551 11

236 2597 370 2655 orationi
386 2606 444 2652 tuas
461 2604 490 2652 et
507 2605 586 2669 opto,
606 2605 639 2651 ut
656 2597 784 2671 aliquam
801 2598 872 2655 mihi
887 2600 1036 2657 materiem
1048 2598 1179 2673 praebeas
1191 2598 1311 2671 agenda

236 2711 298 2760 tnae
319 2710 392 2776 aput
414 2710 546 2758 senatum
568 2706 691 2757 causae.“

325 2807 379 2864 Ad
400 2825 436 2863 ea
458 2825 526 2863 rex:
550 2806 685 2875 ,Bonam
707 2824 835 2877 causam,
857 2808 883 2864 si
905 2816 975 2882 aput
989 2807 1098 2865 iudices
1120 2824 1220 2880 aequos
1242 2825 1312 2881 age·
1352 2801 1393 2875 41

239 2922 342 2983 retur,
367 2918 439 2985 aput
467 2912 584 2968 eosdem
611 2917 640 2967 et
666 2924 850 2970 accusatores
872 2921 900 2969 et
927 2912 1035 2969 iudices
1058 2930 1155 2987 agam.
1199 2912 1311 2969 Eorum
1334 2916 1351 2971 2

240 3026 355 3087 autem,
377 3035 442 3090 quae
465 3016 580 3074 obiecta
601 3025 669 3073 suut
690 3016 774 3087 mihi,
804 3018 910 3091 partim
934 3034 969 3073 ea
991 3024 1066 3087 sunt,
1089 3016 1193 3089 quibus
1214 3016 1312 3073 nescio

241 3142 282 3180 an
298 3121 421 3197 gloriari
435 3123 567 3191 debeam,
588 3120 792 3199 partimque
812 3120 900 3179 fateri
920 3140 973 3178 non
996 3121 1174 3191 erubescam,
1197 3119 1313 3193 partim,

242 3246 313 3303 qnae
335 3228 426 3284 verbo
447 3226 562 3284 obiecta
582 3227 673 3283 verbo
695 3244 803 3301 negare
824 3229 893 3283 satis
914 3226 960 3283 sit.
1005 3224 1083 3298 Quid
1105 3224 1196 3293 enim,
1226 3223 1252 3279 si
1272 3223 1313 3279 le·
1337 3233 1354 3289 3

242 3333 333 3408 gibus
353 3331 457 3388 vestris
477 3332 566 3389 hodie
585 3349 653 3388 reus
674 3328 744 3400 sim,
774 3339 825 3387 aut
851 3330 940 3388 index
961 3327 1152 3387 Brundisinus
1181 3335 1233 3384 aut
1252 3328 1314 3385 Eu·

244 3534 261 3576 3
274 3526 319 3590 qni
333 3534 362 3574 ut
374 3525 488 3573 omnium
517 3524 696 3573 tromunumii
705 3524 822 3584 regulum
833 3525 976 3573 occiderat.
994 3523 1019 3581 6,
1031 3530 1045 3571 2
1058 3523 1172 3586 byzantia
1202 3528 1217 3571 3
1230 3521 1314 3573 loedns

244 3613 358 3677 delphos
376 3611 468 3659 misisti
483 3612 488 3673 Ι
504 3611 596 3659 boetiis
616 3612 693 3659 sociis
711 3612 859 3660 sucinostris
921 3608 946 3669 7,
967 3616 978 3659 1
1010 3624 1097 3659 ernam
1116 3617 1141 3658 et
1158 3610 1314 3658 ealcioritum

244 3701 293 3763 csr.
314 3696 450 3756 cd'c.13,
474 3694 497 3747 7.
558 3702 609 3745 2⁸
626 3711 673 3746 nos
693 3695 747 3760 My.
767 3696 824 3746 Em.
840 3696 897 3747 532
913 3694 1006 3762 (Gryn.
1027 3713 1042 3745 a
1062 3696 1149 3758 nobis)
1185 3700 1200 3743 3
1220 3696 1247 3743 iu
1265 3702 1314 3744 asto

245 3784 406 3847 4dolopers
458 3783 519 3843 8,2
545 3798 602 3831 oras
659 3782 725 3842 9,s
755 3790 781 3829 et
797 3783 897 3844 legatos
916 3784 1077 3832 renuntiasse
1095 3792 1121 3830 et
1139 3783 1238 3845 legatos
1257 3790 1315 3833 tuos

244 3873 302 3921 haec
323 3869 413 3935 (Gryn.
433 3876 459 3917 et
476 3870 527 3931 leg.
547 3877 606 3917 tuos
624 3868 794 3930 renuntiasse)
860 3869 904 3929 10,
923 3875 938 3918 2
957 3872 1042 3919 uidere
1060 3870 1166 3934 potuisti
1212 3874 1227 3915 3
1253 3874 1316 3931 aput

246 3956 371 4021 praesidia
405 3954 476 4014 11,1
497 3954 558 4003 Post
569 3962 676 4018 paterno
694 3963 782 4003 nostro
799 3956 904 4019 spatium
922 3966 957 4005 est
974 3972 1074 4005 vacuum
1094 3953 1216 4016 adfinem
1234 3972 1316 4003 versus

246 4042 282 4093 15
301 4050 347 4091 out
363 4039 400 4089 16
414 4040 545 4089 litterarum
563 4041 614 4089 sine
631 4057 721 4089 rasura
739 4039 855 4089 damnove
874 4041 979 4103 clartoe5
996 4042 1118 4106 proximus
1135 4058 1216 4090 versus
1233 4041 1318 4105 incipit

247 4146 267 4178 a
292 4127 383 4176 maiori
403 4126 483 4175 littera
499 4128 525 4175 in
543 4144 599 4176 voce
615 4128 729 4190 hospitio
774 4134 789 4176 2
816 4128 913 4190 aliquid
943 4130 947 4189 Ι
978 4126 1053 4193 Grya.
1071 4128 1205 4175 materiem
1228 4126 1316 4183 (Hertz

247 4215 350 4277 aliquid
368 4213 431 4262 mihi
448 4213 572 4276 materiae)
624 4212 741 4273 xus-1,
763 4214 835 4263 llex
865 4220 978 4277 tegant
1007 4213 1032 4273 2,
1052 4212 1155 4263 elateri
1169 4212 1318 4268 erubescam

249 4306 267 4349 4
281 4315 380 4362 negare
397 4299 431 4347 sit
442 4298 566 4348 Heornias
585 4298 656 4361 (Em.
668 4298 735 4362 533)

275 4396 354 4436 mum
368 4403 451 4455 exsec.
466 4394 575 4442 usuvtgtt
604 4394 653 4434 v11.
1105 4395 1120 4439 6
