3475 5084
469 519 507 574 ⁶2
734 515 813 564 mo
831 513 914 564 xnu.
952 513 1000 578 (A.
1020 527 1045 563 u.
1065 527 1087 564 ο.
1109 516 1183 578 ser.)

427 717 534 770 cause,
570 708 599 756 et
631 697 735 756 fecisse
767 706 797 756 et
827 696 957 755 facturos
990 715 1068 766 esse3
1106 698 1151 756 ius
1185 697 1290 774 gratia
1320 715 1380 754 non
1412 698 1490 754 dare.

387 817 404 873 8
427 807 552 878 Agrum,
574 821 633 878 qua
653 805 793 878 cuiusque
813 803 866 873 sit,
892 803 1034 877 possideri
1054 803 1145 873 velie,
1177 822 1230 860 nec
1250 821 1344 860 novos
1365 812 1491 860 statuere

386 911 508 980 Minos,
540 910 591 966 sed
611 921 725 966 veteres
747 910 904 966 observare
932 908 963 964 in
986 909 1083 966 animo
1105 909 1223 966 habere.
1271 907 1491 982 Carthaginien·

428 1015 508 1072 sibus
529 1014 612 1072 victis
634 1032 666 1070 se
687 1024 715 1072 et
736 1016 837 1071 urbem
860 1023 890 1070 et
911 1032 998 1088 egros
1020 1013 1213 1083 concessisse,
1234 1031 1293 1068 nen
1317 1024 1349 1069 ut
1369 1013 1399 1069 in
1421 1031 1492 1087 pace

371 1129 406 1183 ιο
429 1120 573 1193 eriperent
603 1138 657 1194 per
683 1120 834 1189 iniuriam,
866 1136 932 1192 quae
958 1118 1020 1175 iure
1043 1119 1109 1176 belli
1133 1137 1192 1175 non
1214 1117 1399 1176 ademissent.
1447 1119 1493 1174 lta

428 1225 545 1298 regulus
567 1218 880 1299 Carthaginiensesque
902 1224 1021 1280 dimissi,
1068 1225 1192 1281 Munere
1214 1243 1251 1280 ex
1271 1224 1404 1280 instituto
1426 1223 1494 1280 dats

429 1330 569 1404 utrisque,
590 1329 706 1404 aliaque
726 1329 883 1403 hospitalia
905 1328 1025 1386 comiter
1045 1341 1227 1386 conservata.

346 1435 387 1506 25
514 1435 577 1494 Sub
611 1435 686 1491 idem
720 1443 834 1508 tempus
861 1432 915 1493 Cn.
944 1433 1084 1492 Servilius
1113 1433 1229 1508 Caepio,
1261 1435 1322 1508 Ap.
1357 1431 1494 1489 Claudius

430 1539 538 1611 Cento,
569 1541 606 1600 Τ.
630 1539 744 1596 Annius
767 1540 895 1609 Luscus,
920 1539 1008 1614 legati
1031 1539 1136 1596 adres
1159 1539 1330 1613 repetendas
1352 1537 1381 1595 in
1397 1538 1494 1594 Mace·

390 1646 549 1710 2d0niam
570 1645 850 1718 renuntiandamque
875 1644 1030 1700 amicitiam
1055 1645 1116 1719 regi
1140 1644 1228 1715 missi,
1249 1643 1412 1711 redierunt;
1448 1642 1496 1716 qui
1554 1643 1555 1664 ³

429 1751 488 1808 iam
510 1768 565 1807 sua
585 1760 690 1824 sponte
709 1747 846 1806 infestum
868 1749 969 1806 Persei
997 1760 1128 1806 senatum
1157 1750 1274 1824 insuper
1295 1748 1496 1817 accenderunt

390 1855 530 1920 arelatis
551 1854 672 1924 ordine,
707 1873 770 1928 quae
792 1855 931 1912 vidissent
963 1872 1084 1928 quaeque
1110 1855 1272 1912 audissent:
1328 1853 1446 1910 Vidisse
1467 1871 1497 1910 se

431 1979 484 2035 per
505 1977 605 2016 omnes
627 1960 713 2016 urbes
735 1960 928 2017 Macedonum
951 1978 1065 2016 summa
1087 1960 1116 2016 vi
1138 1959 1235 2034 parari
1258 1958 1375 2019 bellum.
1425 1956 1497 2016 Cum

432 2066 469 2122 ad
491 2083 587 2139 regem
610 2065 817 2139 pervenissent,
851 2084 904 2139 per
926 2065 1031 2122 multos
1058 2064 1119 2120 dies
1146 2064 1334 2121 conveniendi
1363 2064 1425 2120 eius
1446 2082 1497 2138 pe·
1555 2093 1556 2114 t

433 2179 566 2227 testatem
586 2189 646 2226 non
667 2168 792 2238 factam
813 2179 979 2244 postremo,
1001 2189 1066 2228 cum
1086 2170 1241 2245 desperato
1262 2170 1319 2226 iam
1343 2168 1498 2242 conloquio

432 2274 555 2350 profecti
577 2285 682 2345 essent,
703 2284 764 2331 tum
787 2276 902 2332 demum
926 2293 957 2332 se
979 2294 1016 2332 ex
1038 2275 1139 2332 itinere
1160 2285 1313 2332 revocatos
1326 2285 1355 2330 et
1374 2275 1412 2330 ad
1436 2293 1498 2330 euru

392 2387 410 2439 4
433 2380 614 2437 introductos
636 2398 708 2438 esse.
755 2381 822 2439 Sure
843 2380 984 2438 orationis
1005 2399 1148 2438 summam
1171 2379 1274 2437 fuisse:
1303 2380 1413 2437 Foedus
1436 2398 1499 2436 cum

433 2487 570 2560 Philippo
592 2485 680 2542 ictum
702 2502 784 2556 esse,
816 2504 880 2542 cum
914 2486 978 2561 ipso
1008 2505 1043 2542 eo
1071 2496 1281 2560 postmortem
1305 2485 1398 2559 patris
1416 2503 1500 2542 reno·

432 2603 548 2661 vatum,
571 2590 601 2647 in
623 2608 681 2663 quo
703 2591 810 2648 diserte
831 2591 979 2665 prohiberi
1000 2610 1065 2648 eum
1086 2603 1170 2648 extra
1191 2593 1262 2648 fines
1284 2609 1367 2648 arma
1390 2588 1501 2662 efferre,

393 2702 410 2754 5
433 2695 580 2771 prohiberi
612 2696 707 2752 socios
739 2696 839 2771 populi
871 2697 997 2753 Romani
1027 2696 1172 2754 lacessere
1203 2696 1289 2755 bello.
1357 2696 1503 2771 Exposita

434 2800 538 2856 deinde
561 2800 599 2857 ab
621 2819 653 2858 se
678 2801 786 2869 ordine,
809 2819 874 2875 quse
896 2801 951 2876 ipsi
975 2820 1067 2876 nuper
1086 2802 1116 2857 in
1138 2811 1239 2858 senatu
1258 2802 1407 2858 Eumenen
1433 2819 1503 2858 vera

394 2911 412 2966 6
435 2905 534 2962 omnia
555 2915 585 2962 et
604 2919 744 2981 conperta
764 2905 936 2964 referentem
954 2907 1112 2968 audissent.
1145 2906 1344 2966 Samothracae
1362 2917 1503 2980 praeterea

435 3011 614 3085 permultos
635 3011 696 3067 dies
721 3011 864 3068 occultum
887 3012 1036 3068 consilium
1049 3031 1113 3070 cum
1129 3011 1322 3087 legationibus
1344 3012 1502 3070 civitatium

396 3123 411 3176 7
436 3117 517 3174 Asiae
549 3134 645 3190 regem
669 3117 813 3176 habuisse.
872 3119 932 3174 Pro
966 3117 1011 3174 his
1044 3117 1155 3174 iniuriis
1187 3117 1338 3187 satisfieri,
1370 3130 1503 3175 senatum

435 3240 525 3278 tecum
547 3240 680 3289 censere,
710 3222 849 3296 reddique
879 3222 934 3278 sibi
964 3240 1010 3279 res
1032 3222 1176 3297 sociisque
1198 3222 1272 3291 suis,
1306 3240 1381 3296 quas
1403 3235 1505 3280 contra

397 3327 481 3387 iiius
502 3325 620 3384 foederis
649 3328 765 3384 habeat.
823 3329 933 3402 Regem
963 3327 1001 3383 ed
1029 3346 1065 3383 ea
1093 3327 1186 3402 primo
1212 3345 1365 3384 accensum
1395 3329 1442 3384 ira
1463 3329 1501 3385 in·

435 3431 591 3488 clementer
612 3433 757 3504 locutum,
794 3433 949 3490 avaritiam
970 3433 1194 3508 superbiamque
1214 3433 1356 3490 Romanis
1378 3434 1505 3491 obicien-

436 3665 462 3728 8,
476 3671 486 3713 l
500 3675 641 3714 statuerent
665 3666 821 3714 tobseruari
831 3664 1060 3727 Gron.(Em..519)
1083 3665 1137 3724 9‚s
1161 3663 1235 3731 Gryn.
1257 3665 1330 3715 urbes
1346 3664 1351 3729 Ι
1367 3667 1505 3715 concisione

437 3757 453 3800 3
472 3753 617 3815 iniuriumq.
630 3748 636 3815 Ι
650 3751 812 3800 admisissent
848 3752 890 3809 10,
912 3759 926 3800 2
946 3753 1195 3815 cartaginiensesque
1236 3752 1334 3802 3Intcr
1352 3761 1506 3801 conseruata

438 3847 460 3887 et
477 3840 525 3887 suh
544 3855 646 3888 vacuum
661 3839 766 3902 epatium
783 3836 962 3888 ert9ve110
986 3836 1116 3888 litterarum
1139 3839 1189 3888 siae
1216 3856 1306 3888 rasura
1349 3839 1439 3899 XXV,
1482 3839 1506 3898 1,

438 3930 454 3972 8
480 3925 548 3986 regis
592 3924 626 3985 2,
655 3931 664 3973 t
693 3926 752 3987 quia
770 3925 821 3973 iam
854 3931 882 3973 ,2
902 3924 1125 3990 infestustGryn.
1147 3925 1219 3975 Persi
1266 3927 1397 3976 henderit
1442 3926 1506 3986 3‚2

439 4012 530 4060 summi
549 4012 575 4060 ui
610 4017 750 4060 euocatos
785 4009 811 4070 4,
831 4015 847 4058 2
865 4012 944 4059 ictum
963 4026 991 4060 se
1010 4027 1067 4060 cum
1086 4011 1140 4076 Me.
1159 4011 1215 4064 Em.
1234 4011 1286 4062 519
1305 4011 1396 4078 (Gryu.
1418 4013 1507 4074 ictum,

439 4117 510 4178 eum)
529 4121 578 4165 tet
597 4123 612 4162 4
629 4115 766 4178 prohibere
785 4118 897 4178 (utroque
918 4113 982 4177 Ioco)
1004 4114 1029 4174 6,
1053 4121 1064 4164 l
1084 4114 1225 4166 samotrace
1252 4115 1276 4174 7,
1299 4121 1310 4163 l
1333 4093 1505 4182 satisieiieri}

440 4221 575 4268 tcenaeri
618 4218 767 4266 thabebet
808 4217 869 4277 8,2
895 4219 1032 4267 auaritiam
1052 4232 1178 4282 superque
1194 4219 1198 4281 Ι
1215 4219 1367 4268 obicientem
1386 4194 1508 4284 frequen·

439 4311 492 4352 tem
510 4306 578 4368 quod
596 4303 652 4370 My.
670 4304 727 4354 Em.
746 4303 804 4354 520
821 4304 913 4370 (Grpe.
933 4306 1098 4356 obiicientem
1117 4304 1277 4369 frequenter:
1296 4304 1376 4369 quod)
