3475 5084
451 505 489 560 24
722 500 801 550 Liber
818 497 889 550 XLI.
927 500 976 561 (Δ.
997 513 1022 550 tt.
1043 513 1065 549 c.
1088 497 1162 560 580.)

407 684 502 759 primo
525 685 562 740 ab
584 686 682 742 Rome
707 685 820 758 maguis
849 683 949 760 pretiis
976 693 1096 759 paratos
1126 681 1304 756 gladiatores
1327 695 1485 742 accersere

407 787 511 845 solitus
533 796 605 855 erat,
628 788 687 844 iam
709 807 762 846 suc
784 790 802 823 *
817 791 834 825 ⁵

304 1206 344 1276 21
369 1214 386 1268 2
492 1202 589 1277 Scipio
617 1204 692 1261 inter
718 1206 895 1281 peregrinos.
927 1207 970 1265 M.
987 1206 1080 1263 Atilio
1102 1203 1219 1279 praetori
1240 1197 1482 1277 provinciaSar·

237 1311 375 1358 amasso
408 1307 487 1364 diiiia
523 1309 697 1377 obvenerat3
743 1311 796 1366 sed
832 1329 898 1368 oum
937 1310 1050 1385 legione
1082 1327 1175 1375 nova,
1214 1324 1302 1379 quam
1340 1302 1480 1359 eonsules

207 1378 649 1510 (ggffitmioconscripserant,
671 1413 700 1467 V
723 1415 837 1471 milibus
859 1415 998 1490 peditum,
1021 1411 1097 1471 CCC
1113 1411 1257 1485 equitibus
1275 1409 1305 1466 iu
1323 1407 1482 1464 Corsicam

225 1517 333 1574 Albino,
350 1516 382 1576 Q
407 1517 504 1572 iussus
526 1527 569 1574 est
590 1517 722 1574 transire.
759 1519 838 1575 Dum
860 1521 886 1576 is
908 1520 948 1576 ibi
971 1519 1076 1576 bellum
1099 1525 1223 1591 gereret,
1247 1512 1383 1572 Cornelio
1406 1531 1481 1586 pro-

224 1586 312 1634 Mucio
321 1586 390 1635 Scai—
581 1621 588 1636 .
675 1622 682 1634 .
819 1625 827 1638 .
915 1625 922 1638 .
1112 1621 1119 1634 .
1142 1620 1149 1633 .
1427 1617 1457 1629 ··

230 1655 291 1704 701,
300 1655 383 1714 00⁸³.)
407 1634 541 1696 rogatum
579 1641 750 1696 imperium,
786 1636 828 1680 uti
862 1634 1005 1699 optineret
1034 1621 1209 1682 Sardiniam.
1264 1616 1319 1676 Cn.
1349 1616 1481 1674 Servilio

369 1732 387 1785 3
409 1723 539 1798 Caepioni
562 1725 592 1780 in
614 1727 788 1800 Hispaniam
819 1731 983 1786 ulteriorem
1015 1737 1044 1782 et
1072 1726 1108 1782 P.
1133 1724 1223 1782 Furio
1245 1722 1331 1780 Philo
1353 1722 1383 1778 in
1406 1722 1481 1778 cite·

407 1829 512 1886 riorem
535 1829 591 1886 tria
614 1831 692 1886 milia
715 1832 842 1905 peditum
865 1835 1081 1897 Romanorum,
1104 1829 1215 1902 equites
1237 1825 1289 1884 CL
1313 1837 1342 1882 et
1363 1826 1480 1884 socium

408 1933 506 1990 Latini
536 1934 660 1990 nominis
686 1936 718 1998 ,V
748 1935 827 1992 milia
857 1937 1001 2010 peditum,
1043 1931 1119 1991 CCC
1148 1933 1275 2006 equites,
1309 1931 1410 1989 Sicilia
1440 1932 1479 1988 L.

368 2044 387 2096 4
410 2036 533 2095 Claudio
561 2039 624 2094 siue
651 2041 852 2115 supplemento
882 2042 1006 2098 decreta.
1061 2039 1145 2094 Duas
1176 2047 1318 2111 praeteres
1345 2036 1481 2110 legiones

409 2142 542 2198 consules
560 2143 686 2200 scribere
709 2144 780 2200 iussi
801 2163 873 2210 cuin¹
892 2146 968 2202 iusto
988 2162 1108 2200 numero
1126 2141 1254 2217 peditum
1278 2141 1481 2214 equitumque,

371 2251 387 2304 5
411 2257 441 2301 et
462 2246 494 2302 X
516 2247 596 2302 milia
618 2249 746 2320 peditum
768 2249 855 2306 sociis
877 2249 1021 2323 imperare
1046 2258 1074 2304 et
1096 2246 1151 2304 DC
1176 2247 1296 2320 equites.
1343 2244 1480 2302 Dilectus

409 2349 576 2407 consulibus
598 2370 633 2408 eo
655 2352 800 2410 difficilior
815 2365 887 2424 erat,
910 2353 988 2426 quod
1004 2351 1177 2427 pestilentia,
1199 2369 1264 2424 quse
1278 2349 1375 2424 priore
1397 2369 1479 2406 anuo

408 2455 438 2511 in
462 2456 551 2510 boves
572 2456 730 2530 ingruerat,
753 2477 787 2514 eo
810 2467 939 2514 verterat
958 2457 987 2512 in
1010 2458 1158 2513 hominum
1181 2456 1309 2512 morbos.
1352 2453 1410 2526 Qui
1432 2455 1480 2510 iu-

410 2560 551 2629 ciderant,
572 2562 650 2618 haud
671 2561 757 2618 facile
779 2564 932 2637 septimum
954 2562 1030 2618 diem
1061 2562 1254 2636 superabunt3
1284 2559 1334 2632 qui
1355 2577 1479 2634 supera·

410 2678 529 2735 verant,
560 2667 736 2740 longinquo,
768 2667 894 2722 maxime
928 2678 1091 2739 quartanae,
1121 2664 1335 2738 inplicabantur
1364 2666 1480 2722 morbo.

371 2771 389 2825 6
412 2770 539 2828 Servitia
560 2771 687 2826 maxime
708 2771 919 2837 moriebantur;
949 2789 1047 2826 eorum
1077 2779 1190 2844 strages
1212 2789 1266 2844 per
1287 2788 1388 2826 omnes
1412 2771 1480 2828 vias

410 2875 619 2947 insepultorum
647 2885 718 2932 erat
766 2876 814 2932 Ne
840 2874 996 2932 liberorum
1027 2875 1142 2948 quidem
1172 2874 1320 2932 funeribus
1348 2875 1480 2932 Libitina

373 2980 388 3031 7
412 2978 583 3038 sufficiebat.
627 2977 796 3050 Cadavera,
816 2979 926 3036 intecta
948 2998 966 3036 a
986 2980 1106 3037 canibus
1128 2999 1163 3036 ec
1184 2979 1362 3049 volturibus,
1393 2981 1480 3038 tabes

409 3165 542 3225 xxi,1,i
566 3164 734 3223 Quaterni‘oui's
757 3163 919 3228 sextlsoli'um
942 3165 1056 3228 priorum,
1081 3181 1142 3212 nuuc
1165 3145 1326 3224 undecimum,
1351 3165 1438 3229 incipit
1462 3184 1479 3216 α

410 3254 487 3300 verbis
505 3254 548 3316 pio
566 3255 633 3300 inter
650 3252 807 3314 peregrinos.
844 3251 933 3313 Agitur
951 3249 981 3298 da
999 3251 1175 3314 mapictrati'lruc
1193 3267 1217 3298 a.
1238 3249 1290 3299 174
1308 3268 1332 3299 a.
1356 3249 1413 3299 cir.
1452 3252 1478 3312 2,

411 3344 426 3386 3
445 3338 497 3387 Aut
513 3337 602 3386 excidit
618 3347 668 3386 tota
686 3338 803 3385 sociorum
821 3335 898 3384 Atilio
917 3335 1026 3384 datomm
1053 3336 1136 3384 mentio
1155 3345 1198 3384 aut
1213 3336 1293 3400 potius
1311 3335 1347 3384 ad
1364 3353 1405 3385 eos
1420 3353 1479 3400 pei*

410 3423 485 3472 tinent
501 3423 527 3472 1ιί
543 3424 635 3471 numeri
654 3423 828 3485 impiumque
846 3421 946 3470 Licinn:
972 3422 1191 3485 conscripserant,
1218 3432 1243 3470 et
1267 3423 1364 3471 socium
1389 3423 1479 3472 Latini

410 3510 522 3558 nominis
540 3510 566 3556 V
585 3510 638 3557 mil.
658 3517 699 3556 oet.
752 3507 777 3562 3,
797 3512 812 3555 2
832 3508 931 3570 cepioni
954 3508 958 3569 Ι
980 3508 1077 3570 philoni
1097 3509 1212 3558 citeriore
1259 3509 1414 3570 spadicam
1433 3524 1478 3558 ro·

410 3625 543 3660 manorum
563 3611 677 3673 peditum
696 3611 794 3672 equites
845 3617 860 3656 4
881 3610 948 3658 lucio
965 3610 1048 3669 eladio
1068 3587 1141 3659 suine
1187 3609 1213 3668 4,
1233 3611 1248 3658 2
1270 3623 1326 3658 cum
1344 3620 1479 3673 suspectum

410 3711 524 3766 Dukero,
550 3713 614 3761 alir's.
638 3715 642 3772 l
662 3727 768 3761 numero
792 3726 806 3759 e
830 3713 944 3776 peditum
990 3712 1015 3771 5,
1034 3720 1049 3762 ³
1069 3714 1198 3775 ingrueret
1213 3711 1217 3772 Ι
1234 3721 1345 3760 uerteret
1362 3711 1448 3777 Sipon.
1472 3709 1476 3778 Ι

409 3799 505 3847 honum
533 3799 663 3860 morbosq.
688 3799 832 3847 inciderent
869 3803 883 3845 5
913 3796 1478 3862 inpli..banturlncodicisfolioundecimo,

409 3885 477 3933 cuius
499 3901 559 3946 pore
581 3883 687 3932 adversa
711 3882 797 3932 desinit
823 3882 846 3942 7,
866 3883 885 3932 2
910 3884 935 3932 in
953 3885 1126 3945 absufmebat,
1145 3901 1233 3933 aversa
1251 3884 1293 3943 12,
1312 3883 1331 3934 3
1348 3885 1373 3933 in
1391 3901 1478 3949 super,

409 3970 457 4018 i'iiio
473 3979 543 4032 parte
561 3969 646 4033 aliqua
664 3970 753 4018 chance
776 3987 859 4030 exesa,
887 3967 972 4018 desunt
995 3971 1019 4018 in
1041 3971 1115 4018 tribus
1138 3971 1242 4019 versibus
1265 3971 1324 4032 (non
1346 3971 1478 4036 coutinuis)

409 4053 493 4104 litteris
511 4056 571 4104 bino
585 4064 629 4104 out
639 4064 719 4114 arno,
734 4056 758 4103 in
771 4054 877 4104 aduersu
887 4064 957 4118 purte
969 4064 1085 4114 eruamus,
1105 4057 1129 4105 in
1141 4073 1228 4105 aversa
1238 4056 1330 4119 primia.
1358 4055 1477 4118 Litteras,

409 4157 568 4222 precederent,
585 4157 679 4222 punctu
697 4158 786 4207 notavi.
803 4158 929 4224 lmorbos
965 4157 1016 4222 6,l
1033 4159 1114 4209 omnis
1141 4135 1377 4222 tneqlquiliuidem
1415 4159 1440 4219 7,
1464 4165 1474 4208 1

408 4246 543 4294 cadaue.,
560 4246 565 4308 Ι
580 4244 728 4293 uolneribus
