3475 5084
497 510 576 562 Liber
593 510 691 561 XLIV.
729 511 778 573 (A.
798 509 859 561 cnr.
882 510 955 574 168.)
1161 516 1217 572 173

209 696 318 769 abege,
339 695 387 753 vir
406 696 548 771 egregins,
570 695 749 770 aeqneeuixe
768 698 895 771 parabit,
917 714 952 755 ae
973 696 998 757 sl
1020 697 1083 771 ipse
1103 696 1133 754 id
1155 694 1261 754 bellurn

209 811 327 875 gesturus
352 810 438 858 esset.
486 801 564 870 Vos,
598 820 663 875 quae
691 802 836 877 scripsero
865 800 978 859 senatui
1003 809 1055 858 aut
1078 802 1171 872 vobis,
1203 803 1221 838 ⁴*
1242 803 1260 839 '⁸'
1283 799 1301 853 6

208 923 326 961 rumores
348 906 520 964 credulitate
540 916 641 964 vestra
662 904 757 976 alatis,
780 925 902 981 qnorum
919 917 1117 965 auctoruemo
1139 905 1260 965 extabit.

208 1011 274 1067 Nam
295 1028 374 1067 nune
401 1010 534 1085 quidem,
570 1010 649 1085 quod
678 1011 767 1085 vulgo
795 1012 874 1083 lieri,
911 1012 967 1069 hoc
998 1010 1142 1087 praecipue
1175 1008 1261 1080 bello,
1285 1010 1300 1063 7

201 1100 404 1187 ‘animadvertu
439 1134 525 1172 neruo
547 1124 606 1173 tarn
628 1114 716 1173 famas
737 1125 920 1190 contemptor
942 1123 995 1182 est,
1027 1115 1107 1173 cuius
1129 1132 1187 1172 non
1211 1116 1261 1171 de·

208 1219 301 1277 bilitari
323 1220 438 1278 animus
459 1219 561 1295 possit.
609 1222 644 1278 In
669 1208 803 1278 ornnibns
832 1219 945 1277 circulis
975 1218 1071 1293 adque
1099 1219 1203 1290 etiarn,
1237 1220 1301 1277 si8

208 1323 243 1380 dis
262 1325 367 1399 placet,
389 1326 419 1382 in
441 1325 583 1383 conviviis
604 1335 680 1396 sunt,
704 1326 752 1401 qui
774 1326 919 1383 exercitus
940 1326 970 1382 in
982 1325 1185 1385 Macedoniam
1209 1326 1261 1383 du·

208 1440 276 1499 canu
298 1430 352 1487 ubi
373 1440 470 1489 casua
491 1430 617 1489 locanda
637 1431 712 1501 sint,
741 1431 852 1501 sciant,
875 1448 939 1505 quae
960 1430 1026 1487 loca
1047 1430 1188 1505 presidiis
1212 1448 1260 1487 oe·
1319 1426 1324 1436 “

208 1535 339 1607 eupanda,
363 1536 482 1610 quando
504 1545 555 1592 aut
570 1554 629 1610 quo
640 1536 716 1593 saltu
732 1535 870 1593 intranda
880 1534 1065 1607 Macedonia,
1087 1534 1136 1593 ubi
1156 1535 1261 1613 horrea

208 1641 341 1711 ponenda,
376 1660 436 1716 qna
457 1650 550 1711 tarra,
583 1641 657 1697 mari
680 1641 879 1697 subvehantur
914 1650 1108 1711 commeatus,
1144 1640 1261 1715 quando

208 1760 261 1799 curn
291 1746 377 1803 hoste
407 1764 512 1803 manus
542 1745 744 1816 conserendae,
778 1745 896 1819 qnando
929 1746 1044 1819 quiesse
1080 1746 1118 1802 sit
1149 1745 1260 1803 melius.

208 1848 268 1918 Neo,
289 1851 360 1925 quid
381 1850 546 1909 faciendum
569 1850 616 1920 sit,
639 1850 726 1908 modo
748 1859 892 1920 statuunt,
914 1850 982 1920 sed,
1008 1850 1147 1925 quidquid
1169 1851 1262 1921 aliter,
1285 1846 1302 1902 9

210 1969 283 2025 quarn
303 1955 361 2030 ipsi
383 1974 531 2026 censuere,
552 1955 661 2013 factum
684 1965 744 2025 est,
769 1955 915 2012 consulem
939 1955 1029 2012 veluti
1049 1956 1127 2013 dicta
1146 1955 1193 2013 die
1215 1974 1262 2013 ac·

210 2070 307 2117 curant.
344 2062 418 2119 Haec
441 2078 549 2135 magna
574 2060 782 2136 impedimenta
803 2078 850 2117 res
864 2062 1030 2135 gerentibus
1044 2070 1114 2117 sunt.
1158 2062 1263 2135 Neque
1290 2057 1324 2111 10

211 2164 272 2219 enirn
294 2184 397 2223 omnes
418 2174 477 2223 tam
500 2165 576 2222 firmi
604 2175 634 2222 et
660 2166 818 2223 constantis
851 2165 940 2222 animi
975 2176 1077 2222 contra
1109 2165 1262 2224 adversum

210 2285 339 2329 rumorem
365 2289 429 2327 esse
455 2280 591 2345 possunt,
623 2288 708 2345 quam
729 2269 765 2344 Q.
788 2271 900 2328 Fabius
921 2268 992 2339 fuit,
1025 2270 1074 2344 qui
1098 2288 1180 2327 suum
1209 2272 1262 2326 im-

211 2374 306 2444 perium
338 2375 432 2433 minui
462 2395 517 2451 per
543 2376 702 2433 venitatem
730 2375 831 2451 populi
860 2374 979 2443 maluit,
1016 2393 1103 2449 quam
1136 2375 1263 2433 secunda

212 2474 278 2536 lama
299 2483 378 2540 male
398 2488 459 2538 rem
480 2481 626 2555 publicam
649 2498 759 2555 gerere.
806 2480 876 2537 Non
899 2479 1024 2548 sumis,
1052 2481 1100 2554 qui
1123 2498 1180 2537 nou
1203 2480 1262 2537 exi·
1289 2477 1320 2531 11

211 2590 320 2642 stumem
335 2586 537 2644 admonendos
555 2586 643 2643 duces
666 2602 744 2654 esse;
767 2585 855 2642 immo
879 2602 954 2653 curn,
976 2584 1025 2658 qui
1048 2584 1084 2640 de
1104 2601 1157 2640 sua
1180 2582 1263 2641 unius

211 2692 338 2749 sententia
362 2692 461 2749 omnia
485 2701 585 2767 gerat,
617 2691 773 2766 superbum
797 2689 893 2747 iudico
916 2690 1009 2764 magis
1038 2708 1125 2763 quam
1148 2688 1262 2763 sapien·

211 2799 268 2853 tarn.
311 2797 392 2871 Quid
413 2814 482 2872 ergo
505 2795 570 2854 est?
613 2795 744 2853 Primum
775 2812 794 2851 a
815 2794 1004 2869 prudentibus
1034 2803 1063 2853 et
1084 2793 1201 2869 proprie
1222 2792 1273 2849 rei*
1290 2789 1326 2845 12

212 2897 329 2959 militaris
351 2902 453 2978 peritis
475 2910 505 2960 et
525 2920 580 2959 usu
595 2900 687 2958 doctis
700 2900 835 2957 mouendi
845 2901 1037 2975 imperatores
1058 2910 1137 2970 sunt3
1161 2898 1264 2955 deinde

212 3002 302 3078 abiis,
324 3008 377 3084 qui
397 3008 544 3065 intersunt
562 3005 696 3081 gerendis
720 3006 810 3074 rebus,
832 3008 882 3079 qui
900 3006 975 3075 loca,
998 3004 1048 3079 qui
1069 3006 1191 3073 hostem,
1215 3000 1263 3077 qui

212 3113 362 3185 temporum
385 3112 631 3191 opportunitatem
653 3110 766 3179 vident,
798 3109 899 3184 quiin
921 3111 1022 3169 eodem
1045 3108 1124 3165 velut
1145 3105 1263 3180 navigio

212 3275 432 3293 *Qu——

213 3397 225 3439 3
241 3404 362 3465 egregius
376 3402 383 3466 Ι
398 3402 480 3451 enixa
524 3401 550 3459 6,
573 3405 584 3449 l
606 3400 681 3450 nobis
706 3364 792 3449 mores
811 3398 968 3447 crudelitatis
986 3404 1079 3447 uestrae
1098 3394 1190 3446 adlatis
1209 3394 1265 3459 My.

213 3478 259 3532 Em,
277 3487 329 3538 571
348 3505 371 3539 n.
409 3487 494 3538 Plena
521 3486 638 3536 orationis
661 3485 712 3535 loec
722 3487 780 3550 sere
789 3487 879 3550 forma
888 3484 955 3548 suit:
983 3484 1064 3541 vobis,
1084 3498 1114 3532 ea
1131 3496 1191 3531 vera
1209 3495 1265 3531 esse
1324 3530 1326 3535 ,

214 3571 309 3624 sudans
326 3590 408 3638 rogo,
432 3589 495 3624 neve
512 3586 628 3623 rumores
647 3582 689 3623 cet
710 3570 803 3637 (ὄψι.
823 3572 895 3621 vobis
915 3571 1019 3630 credite,
1039 3582 1155 3619 rumores
1174 3568 1265 3616 crude-

212 3665 275 3723 litate
289 3686 375 3729 vestra
392 3692 424 3727 nc
445 3676 536 3739 alatis)
580 3675 610 3736 7,
634 3661 802 3727 aoniascnin
826 3688 879 3724 uon
903 3672 1003 3723 delitari
1060 3672 1090 3733 8,
1109 3678 1124 3721 2
1144 3672 1170 3720 iu
1189 3672 1265 3721 cunni

213 3761 320 3823 suntlin
338 3780 437 3815 marem
456 3766 550 3813 ducent
568 3762 616 3823 (N.
630 3764 785 3827 inducenti)
815 3760 1019 3812 alocandassint
1055 3758 1266 3807 brubnebcntur

214 3844 348 3908 iquiesset
365 3852 400 3901 sit
416 3866 450 3901 ne
469 3852 530 3914 quid
548 3851 641 3900 melius
659 3850 804 3899 laciendum
825 3848 926 3913 Kreyss.
947 3845 1040 3911 (Grpe.
1064 3846 1167 3909 quando
1194 3845 1266 3907 quie·

215 3935 322 3988 scendum
341 3937 383 3989 sit.
425 3938 481 3987 Nec
506 3938 568 4000 quid
592 3937 684 3987 melius
708 3936 870 3999 faciendum)
922 3934 972 3993 10,
1002 3937 1012 3981 l
1038 3930 1185 3993 gerentibus
1209 3944 1266 3994 qua

214 4026 285 4079 ”elna
318 4031 370 4073 aet
386 4026 512 4074 contuens
529 4025 610 4073 animi
646 4030 783 4087 3possent
800 4038 824 4086 q.
844 4020 929 4071 fabius
949 4019 1004 4084 My.
1023 4017 1079 4068 Era.
1100 4016 1153 4067 571
1172 4015 1264 4081 (Gryu.

216 4113 280 4163 ‘illm
297 4110 406 4175 Fabius)
442 4110 556 4177 sarpa
573 4126 625 4161 rem
645 4125 734 4173 gerere
777 4109 820 4167 11,
842 4114 853 4157 l
874 4109 949 4170 isque
966 4106 1009 4169 qni
1047 4104 1177 4155 sindicio
1223 4100 1267 4162 12.

217 4189 343 4259 lpropn‘ss
371 4198 489 4249 adactu
523 4195 705 4261 thisKreyss.
719 4192 850 4259 lgerendis
869 4196 928 4245 loco
948 4193 992 4258 qui
1012 4190 1096 4256 Sipus.
1135 4196 1264 4252 topper·

216 4283 440 4367 tunitatemunideut
