3475 5084
525 506 604 557 Liber
620 505 719 555 XLIV.
756 506 804 569 (Δ.
826 506 887 557 chr.
909 508 979 571 tos.)
1191 512 1246 567 159

235 690 406 765 perveniunt.
459 691 506 749 lbi
533 692 643 767 egressi
665 691 696 749 in
717 701 842 762 terrem,
863 693 958 768 primo
980 701 1009 749 et
1029 698 1182 749 resumet
1203 707 1291 765 egros

234 795 333 869 pessim
364 804 396 853 et
430 795 611 871 aliquantum
642 798 747 871 prede
783 798 965 855 contulerunt
1000 798 1037 857 ed
1065 814 1163 855 neves.
1214 794 1331 853 Dein9

234 899 340 973 palatos
361 919 414 957 eos
437 901 532 959 adorti
553 902 746 971 Macedones,
771 902 855 961 mixti
877 903 987 979 pedites
1010 902 1192 977 equitesque,
1215 898 1291 974 fugi·

233 1012 305 1061 entes
332 1003 426 1063 effuse
447 1005 484 1061 ad
512 1024 594 1063 mere
619 1007 779 1081 persecuti,
806 1008 835 1065 D
857 1008 949 1066 ferme
972 1007 1152 1075 occiderunt,
1183 1014 1212 1061 et
1233 1022 1291 1061 non

233 1107 318 1163 miuus
339 1120 487 1183 ceperunt.
530 1112 595 1169 Nec
616 1111 694 1169 eliud
716 1131 805 1187 quem
829 1113 931 1169 ultima
945 1111 1112 1179 necessitas,
1133 1127 1198 1167 cum
1219 1108 1292 1173 reci·
1317 1114 1353 1169 10

232 1231 293 1286 pere
309 1231 342 1269 se
356 1222 420 1270 tuto
436 1214 474 1271 ad
488 1234 579 1273 neves
593 1216 823 1291 prohiberentur,
835 1217 949 1274 animos
961 1215 1080 1273 militum
1093 1216 1291 1273 Romanorum

231 1317 309 1373 simul
319 1317 523 1392 repentens
534 1320 592 1378 aua
602 1321 714 1393 suste,
725 1322 812 1379 simut
823 1321 993 1397 indignitate
1004 1300 1141 1377 instant.
1156 1319 1292 1377 Redinrs·
1319 1320 1351 1374 tt

230 1430 307 1495 grate
325 1421 357 1479 in
376 1422 461 1481 litore
474 1442 573 1499 pugna
594 1436 652 1495 est;
675 1427 823 1497 adiuvere,
844 1427 894 1501 qui
915 1426 945 1483 in
967 1425 1090 1482 navibus
1111 1434 1202 1485 erent.
1246 1424 1293 1483 lbi

231 1526 419 1584 Macedonum
435 1528 551 1586 ducenti
565 1530 657 1589 ferme
671 1531 753 1601 coesi;
774 1551 829 1606 par
842 1548 979 1589 numerus
994 1539 1105 1605 captus.
1142 1530 1191 1587 Ab
1206 1528 1293 1587 Anci-

230 1650 317 1705 gonee
339 1632 443 1689 classis
464 1634 596 1709 profecte
618 1636 657 1695 ad
684 1654 786 1713 agrum
808 1636 1010 1693 Pellenensem
1032 1633 1233 1693 excensionem
1256 1633 1294 1689 ed

231 1736 425 1810 populandum
445 1737 523 1796 fecit.
567 1740 682 1798 Finium
703 1742 730 1799 is
751 1760 822 1817 ager
836 1739 1095 1801 Cassandrensium
1114 1749 1186 1810 eret,
1208 1739 1294 1813 louge
1319 1738 1355 1794 tt

231 1840 419 1899 fertilissimus
448 1843 542 1901 omnis
570 1863 645 1913 orae,
672 1865 760 1919 quem
787 1846 968 1921 praetervecti
996 1844 1122 1905 fuerent.
1164 1844 1212 1901 Ibi
1233 1844 1294 1901 Eu·

232 1965 321 2003 menes
343 1965 415 2018 rex,
437 1948 501 2005 XX
524 1949 605 2007 tectis
626 1950 751 2009 navibus
774 1952 810 2009 ab
832 1952 907 2009 Elee
928 1950 1090 2025 profectus,
1110 1950 1214 2007 obvius
1240 1946 1295 2005 fuit

233 2063 257 2108 et
276 2053 405 2127 quinque
427 2053 521 2110 misses
542 2073 561 2111 a
584 2055 691 2113 Prusie
710 2074 781 2131 rege
801 2065 884 2113 tectae
905 2072 1004 2113 naves.

307 2159 377 2215 Hec
399 2158 502 2215 virium
524 2160 691 2218 accessione
712 2161 827 2219 enimus
848 2160 940 2217 crevit
960 2160 1087 2234 praetori,
1109 2169 1141 2216 ut
1165 2158 1292 2217 Cassan·
1317 2150 1353 2221 ll

232 2262 323 2319 droam
353 2273 545 2337 oppugnaret.
596 2262 723 2323 Condito
754 2276 799 2323 est
825 2285 844 2324 e
871 2263 1040 2322 Cassandro
1071 2282 1140 2338 rege
1167 2263 1196 2320 in
1224 2264 1295 2338 ipsis
1318 2263 1336 2319 2

232 2365 369 2435 faucibus,
392 2386 457 2441 quse
471 2369 674 2427 Pallenensem
704 2389 807 2445 agrum
835 2380 939 2427 ceterae
957 2368 1137 2425 Macedoniae
1165 2368 1296 2442 iungunt,

231 2471 290 2529 hinc
311 2474 498 2544 Toronaico,
530 2476 597 2532 hinc
617 2475 810 2533 Macedonico
833 2482 926 2548 saepta
949 2474 1030 2529 mam.
1074 2472 1191 2529 Eminet
1213 2491 1295 2529 nam·
1318 2474 1335 2529 3

232 2596 282 2650 que
300 2579 331 2635 in
355 2578 447 2637 altum
468 2578 582 2653 lingue,
610 2580 640 2635 in
669 2598 729 2654 qua
755 2581 812 2638 sit-a
837 2589 898 2649 est,
933 2594 986 2634 nec
1013 2576 1106 2633 minus
1135 2596 1221 2651 quem
1251 2576 1295 2633 in·

232 2682 317 2740 elutus
338 2683 539 2757 magnitudine
559 2684 642 2741 Atho
663 2702 748 2742 mons
774 2684 915 2755 excurrit,
947 2685 1071 2743 obverse
1097 2682 1126 2738 in
1147 2680 1296 2756 regionem

232 2787 387 2863 Magnesia
401 2789 515 2846 duobus
528 2788 678 2863 inparibus
698 2789 921 2864 promontoriis,
943 2806 1065 2862 quorum
1089 2787 1192 2845 meiori
1210 2785 1295 2844 Posi·

233 2893 310 2951 deum
333 2904 380 2953 est
398 2912 514 2964 nomeu,
535 2893 640 2950 minori
663 2891 874 2953 Canastraeum.
904 2894 1015 2951 Divisis
1036 2893 1167 2969 partibus
1183 2910 1296 2967 oppug·
1319 2896 1336 2948 4

233 3016 298 3056 nare
318 3000 426 3061 adorti.
477 3000 628 3057 Romanus
657 2999 696 3057 ed
720 2997 827 3069 Clitas,
855 3018 930 3074 quas
960 3009 1082 3069 vocant,
1110 2998 1296 3067 munimenta,

234 3105 320 3160 cervis
351 3104 440 3163 etiam
469 3105 606 3175 obiectis,
636 3112 668 3161 ut
701 3103 779 3161 viem
807 3104 1028 3175 intercluderet,
1059 3124 1077 3161 a
1104 3102 1296 3161 Macedonico

234 3208 268 3263 ad
288 3210 487 3268 Toronaicum
516 3228 597 3266 mere
618 3208 758 3284 perducit.
801 3210 851 3267 ab
880 3210 973 3267 altera
994 3219 1079 3285 parte
1099 3210 1216 3283 euripus
1238 3216 1297 3276 est;

233 3312 295 3371 inde
307 3315 454 3373 Eumenes
475 3316 676 3390 oppugnebat.
718 3313 860 3371 Romanis
875 3315 905 3371 in
919 3314 1001 3373 fossa
1015 3314 1185 3390 conplenda,
1208 3331 1296 3388 quarn
1320 3313 1338 3369 5

234 3432 320 3491 nuper
342 3418 491 3477 obiecerat
509 3422 645 3490 Perseus,
666 3420 821 3493 plurimum
844 3428 908 3477 eret
929 3419 1047 3478 laboris.
1071 3420 1138 3478 -Jui
1150 3418 1297 3493 ,querenti

235 3634 257 3693 8,
267 3644 281 3684 2
290 3645 372 3688 terem
390 3640 499 3701 sprade
522 3641 548 3701 9,
560 3624 759 3706 tdeiudpeletoa
778 3640 889 3693 senum
900 3641 904 3707 1
915 3640 1019 3691 aicrma
1038 3642 1103 3701 10‚e
1116 3642 1222 3695 Wesenb.
1230 3643 1297 3693 elius

236 3720 274 3782 11,
285 3729 295 3772 l
307 3722 474 3788 relintegrsta
488 3727 494 3789 Ι
510 3728 594 3777 atinae
604 3728 683 3791 quiin
700 3727 791 3795 (Grpe.
802 3729 925 3779 adiuvere
938 3736 963 3777 et
976 3730 1031 3791 qui;
1050 3728 1099 3778 Kr.
1111 3737 1137 3779 et
1144 3728 1261 3793 sustulit.)
1281 3735 1296 3779 ³

218 3822 221 3825 ’
236 3829 352 3889 antigone
378 3828 422 3889 12,
441 3835 456 3879 2
474 3816 846 3911 senissimmtorvsiiiuereuta
871 3838 888 3883 8
907 3833 939 3880 ed
958 3832 1015 3881 elce
1050 3838 1066 3879 4
1085 3833 1156 3883 missi
1174 3847 1191 3881 e
1208 3833 1298 3897 prissae

236 3928 279 3988 xl,
297 3931 321 3990 1,
342 3938 355 3981 l
375 3934 527 3983 accensione
543 3936 548 3997 Ι
562 3936 675 3999 pretorii
710 3934 737 3995 2,
753 3941 769 3984 2
786 3936 871 3998 iungit
903 3932 1194 4000 seeptamimcminent
1236 3936 1296 3995 ΒΛ

237 4029 308 4077 quem
324 4019 420 4069 ineltus
438 4021 614 4082 magnitudine
631 4020 733 4087 Krspm.
755 4020 845 4086 (Grpe.
866 4022 893 4071 in
910 4021 989 4071 altum
1004 4022 1103 4086 megn.)
1140 4027 1157 4071 4
1174 4036 1298 4085 promun-

238 4103 304 4152 turiis
318 4102 324 4169 Ι
337 4120 444 4169 possum
455 4123 532 4170 supra
543 4105 628 4156 endem
645 4124 717 4158 maru
734 4106 866 4171 adscriptis
885 4106 969 4157 litteris
987 4109 1012 4157 id
1040 4109 1201 4157 bminirnori
1219 4123 1297 4157 cene·

238 4195 326 4240 aueum
360 4191 387 4254 4,
409 4198 420 4242 1
441 4191 542 4258 Kreyrs.
562 4195 669 4244 diuersis
693 4199 711 4245 8
728 4195 811 4246 cerbia
827 4195 832 4255 Ι
847 4194 1030 4245 intercluderet
1045 4194 1049 4256 Ι
1066 4194 1233 4256 (macedonia
1245 4194 1297 4259 Η.)

240 4280 431 4329 ttoroneecnm
447 4278 453 4345 Ι
467 4281 501 4328 ed
519 4281 600 4330 altere
636 4279 661 4340 5,
680 4284 696 4330 t
715 4282 850 4351 quaerentis
