3475 5084
544 516 622 567 Liber
638 517 722 568 XLV.
770 519 817 580 (A.
837 518 898 569 chr.
922 521 993 580 16⁷.)
1207 523 1260 579 251

242 708 269 757 et
288 718 328 757 ox
348 702 468 759 Breotia
488 711 519 759 et
545 722 583 760 ex
603 702 667 761 aliis
689 661 813 763 Graecia
834 704 963 762 conciliis
986 702 1129 771 adessent,
1151 701 1308 777 implevere

241 822 325 863 aures
356 807 457 864 decem
484 808 661 883 legatorum:
693 810 763 868 Non
790 828 841 867 eos
862 819 992 879 tantum,
1022 807 1072 882 qui
1097 824 1129 863 se
1155 809 1306 883 propalam
1331 812 1346 865 7

239 930 291 985 per
311 912 476 970 vanitatem
503 914 662 971 iactassent
682 923 832 988 tamquam
852 914 982 989 hospites
1010 922 1039 971 et
1066 912 1176 969 amicos
1198 912 1308 982 Persei,

239 1016 288 1073 sed
311 1018 408 1075 multo
429 1019 527 1093 plures
547 1019 621 1076 alios
635 1038 672 1076 ex
687 1020 800 1077 occulto
815 1019 925 1077 favisse
945 1021 1017 1093 regi,
1039 1018 1089 1093 qui
1110 1037 1163 1093 per
1183 1019 1308 1092 speciem

237 1122 354 1178 tuendae
375 1123 517 1181 libertatis
537 1124 569 1181 in
588 1124 716 1181 concssiis
736 1126 876 1182 adversus
892 1126 1041 1182 Romanos
1064 1124 1163 1181 omnia
1182 1123 1309 1180 instrux-

238 1224 337 1296 issent,
361 1246 417 1285 nec
439 1228 524 1286 aliter
543 1246 594 1285 eas
615 1247 769 1287 mansuras
783 1230 815 1285 in
830 1230 888 1285 fide
905 1239 1015 1303 gentes,
1036 1229 1100 1298 nisi,
1122 1228 1222 1285 fractis
1245 1228 1307 1285 ani·
1331 1231 1349 1287 8

238 1330 322 1398 mis†
343 1332 484 1407 partium,
506 1334 632 1391 aleretur
652 1334 929 1407 confirmareturque
946 1334 1103 1392 auctoritas
1126 1340 1236 1405 eorum,
1258 1335 1308 1409 qui

238 1435 308 1492 nihil
331 1447 441 1512 praeter
459 1439 613 1516 imperium
637 1440 837 1497 Romanorum
860 1447 1034 1513 spectarent.
1083 1440 1133 1497 Ab
1155 1439 1199 1495 his
1222 1440 1306 1495 editis
1328 1441 1345 1497 9

237 1541 417 1613 nominibus,
440 1544 555 1601 evocati
574 1544 676 1601 litteris
693 1542 879 1617 imperatoris
900 1561 937 1600 ex
952 1544 1067 1601 AEtolia
1081 1544 1308 1617 Acarnaniaque

239 1655 266 1700 et
288 1647 386 1722 Epiro
408 1659 437 1705 et
457 1650 590 1720 Boeotia,
612 1650 663 1725 qui
682 1651 809 1707 Romam
832 1648 870 1705 ad
894 1648 1183 1721 causamdicendam
1206 1666 1307 1721 sequa·

238 1762 355 1821 rentur3
382 1754 413 1810 iu
428 1755 574 1812 Achaiam
597 1774 634 1812 ex
648 1755 747 1811 decem
768 1752 932 1827 legatorum
953 1745 1073 1811 numero
1095 1752 1218 1829 profecti
1240 1754 1307 1824 duo,

239 1852 271 1911 0.
295 1856 441 1915 Claudius
465 1868 495 1915 et
517 1858 571 1917 On.
593 1859 758 1928 Domitius,
788 1868 821 1914 ut
849 1859 907 1933 ipsi
934 1858 1028 1915 edicto
1055 1868 1219 1917 evocarent.
1271 1844 1316 1915 ld
1332 1863 1368 1917 10

241 1960 355 2019 duabus
374 1964 411 2020 de
432 1964 528 2021 causis
549 1962 668 2034 iactum,
690 1982 757 2034 una,
779 1965 857 2037 quod
881 1962 993 2021 fiduciae
1008 1964 1073 2038 plus
1088 1964 1309 2038 animorumque

240 2083 303 2123 esse
318 2068 440 2125 Achaeie
464 2068 501 2124 ad
523 2087 582 2125 nou
604 2068 763 2143 parendum
786 2069 951 2141 credebant,
975 2078 1004 2127 et
1024 2068 1147 2126 forsitan
1170 2069 1255 2125 etiam
1279 2069 1309 2125 in

240 2170 371 2242 periculo
399 2172 463 2229 fore
479 2173 665 2232 Callicraten
693 2182 722 2230 et
751 2184 864 2231 cet-eros
891 2174 1041 2230 criminum
1071 2182 1204 2230 auctores
1227 2173 1308 2229 dela-

238 2282 395 2351 toresque,
427 2280 534 2350 altera,
560 2298 612 2337 cur
632 2288 789 2355 presentes
811 2288 982 2348 evocarent,
1010 2296 1099 2335 causa
1121 2285 1198 2345 erat,
1229 2277 1308 2351 quod
1333 2284 1365 2338 ll

240 2396 275 2435 ex
297 2381 366 2439 aliis
388 2367 706 2459 gentibus'principum
729 2384 841 2440 litteras
862 2383 1022 2457 deprensas
1043 2383 1072 2439 in
1095 2382 1308 2439 commentariis

239 2486 326 2560 regiis
349 2489 516 2558 habebant,
539 2489 570 2545 iu
591 2488 709 2545 Achaeis
736 2507 844 2546 caecum
866 2496 931 2545 erat
951 2488 1068 2558 crimen,
1097 2486 1183 2543 nullis
1206 2504 1306 2542 eorum

239 2589 341 2650 litteris
365 2594 500 2652 inventis.

322 2699 435 2755 AEtolis
457 2699 599 2768 dimissis,
631 2700 820 2757 Acarnanum
843 2697 934 2754 citata
953 2716 1034 2773 gens.
1092 2698 1128 2753 ln
1160 2696 1205 2753 his
1236 2696 1307 2752 nihil
1332 2700 1367 2755 12

242 2814 400 2873 novatum,
437 2804 493 2861 nisi
520 2804 600 2878 quod
622 2805 735 2860 Leucas
762 2812 899 2877 exempta
926 2812 971 2860 est
990 2806 1178 2861 Acarnanum
1209 2800 1307 2858 conci-

241 2904 287 2965 lio.
340 2909 507 2981 Quaerenda
533 2909 637 2967 deiude
665 2909 770 2979 latius,
799 2905 849 2983 qui
876 2909 990 2984 publice
1013 2918 1063 2965 aut
1083 2906 1219 2983 privatim
1238 2926 1306 2981 par·
1332 2912 1369 2967 13

242 3011 310 3069 tium
344 3014 424 3088 regis
455 3013 593 3083 fuissent,
628 3015 659 3071 in
686 3015 791 3071 Asiam
827 3032 945 3089 quoque
978 3014 1172 3087 coguitionem
1208 3020 1308 3067 exten·
1357 3080 1362 3093 Κ

244 3115 319 3191 dare,
342 3128 373 3175 et
394 3119 431 3186 ad
453 3120 604 3177 Antissam
626 3120 657 3175 in
679 3120 776 3176 Lesbo
797 3119 893 3177 insula
914 3119 1094 3186 diruendam,
1115 3115 1309 3173 traducendos
1334 3123 1371 3177 14

244 3219 445 3299 Methymnam
469 3225 639 3295 Antissaeos,
661 3224 830 3281 Labeonem
853 3224 1000 3292 miserunt,
1023 3223 1101 3297 quod
1119 3224 1309 3291 Antenorem,

245 3328 355 3401 regium
378 3304 556 3403 prefectum,
578 3346 636 3403 quo
658 3338 788 3403 tempore
809 3346 874 3384 cum
894 3327 996 3384 lembis
1018 3322 1095 3384 circa
1118 3328 1243 3383 Lesbum
1266 3336 1311 3383 est

245 3444 388 3505 vagatus,
414 3443 501 3509 portu
527 3443 675 3508 receptum
697 3434 907 3490 commeatibus
930 3432 1079 3491 iuvissent.
1126 3432 1195 3487 Duo
1216 3430 1310 3487 securi
1336 3440 1371 3494 15

248 3614 262 3655 2
280 3611 395 3661 boetiam
412 3612 416 3673 Ι
432 3614 643 3663 couciliaeessent
661 3614 711 3677 (H.
731 3612 956 3676 eonciliabessent)
995 3611 1019 3671 7,
1039 3619 1053 3661 2
1073 3620 1201 3662 notassent
1237 3612 1311 3661 afa·

248 3696 314 3746 uisae
334 3699 427 3763 reliqui
444 3714 491 3763 per
510 3698 565 3764 My.
576 3699 633 3749 Em.
646 3699 699 3749 613
716 3699 808 3766 (Gryn
830 3700 939 3749 fauisse:
958 3699 1069 3762 reliquos
1087 3713 1133 3763 per
1153 3726 1184 3735 -
1198 3700 1312 3748 instrux-

247 3781 319 3849 isse:)
365 3786 391 3845 8,
413 3791 424 3833 l
445 3786 538 3835 animis
556 3787 653 3849 aptium
672 3787 755 3836 aletur
773 3788 778 3797 ⁴
794 3786 824 3835 In
842 3787 939 3851 aptium
959 3784 1016 3835 lutat
1029 3802 1076 3835 vox
1093 3795 1138 3835 aar
1156 3784 1312 3835 adversarios

249 3878 291 3918 cat
305 3872 366 3921 inter
383 3880 496 3936 mosque
511 3882 595 3935 pana
612 3871 702 3922 medios
717 3873 858 3937 siqntfloonr
876 3873 1028 3936 (ancipitum
1035 3872 1072 3936 i).
1106 3876 1122 3921 8
1141 3872 1205 3921 nihil
1224 3886 1311 3920 eorum

248 3966 339 4016 preter
353 3959 358 4020 Ι
374 3966 584 4021 exspectarentur
636 3959 662 4019 9,
681 3966 696 4007 2
716 3960 830 4008 euocatis
878 3960 1026 4007 aboatiam
1075 3958 1248 4017 turmam
1295 3960 1311 4008 3

250 4052 316 4092 esset
334 4045 422 4094 acheis
475 4044 566 4093 tiore
584 4046 923 4108 galligarateuetoetceteros
981 4044 1103 4103 11,ain
1121 4046 1190 4093 aceis
1235 4044 1310 4103 lar

250 4127 340 4179 ierolis
381 4129 456 4189 13‚1
483 4131 592 4193 publicat
630 4129 673 4191 14,
687 4137 698 4180 l
713 4132 829 4180 intissam
847 4130 938 4197 (Gryn.
957 4132 1094 4194 Antissau)
1111 4130 1116 4192 l
1131 4131 1242 4180 insulam
1261 4133 1312 4181 dir-

251 4219 333 4266 uenda
350 4216 436 4278 (Fert.
454 4205 604 4266 diruendam
623 4225 648 4265 at
665 4217 744 4279 trad.)
792 4222 808 4264 2
826 4225 958 4281 metymna
975 4219 1101 4267 autiseeos
1116 4218 1256 4266 labeonum
1297 4224 1312 4267 3

251 4302 391 4362 profectum
406 4302 412 4368 Ι
428 4304 497 4351 circa
514 4302 627 4354 lembum
664 4310 681 4351 4
699 4310 804 4367 receptu
