3475 5084
559 515 637 566 msa
653 514 737 565 xnv.
771 515 816 579 (A.
839 515 898 565 cnr.
922 520 992 575 rm.)
1204 520 1263 577 tte

240 701 268 757 iu
296 701 499 775 accipientium
528 699 632 757 animis
665 717 752 773 quem
780 718 907 774 praesens
938 700 1065 774 exigere.
1116 702 1220 775 Legati
1248 710 1306 761 tres

240 806 390 876 nominati,
402 807 438 864 T.
447 806 599 879 Quinctius
612 804 803 873 Flamininus,
815 802 849 862 G.
858 804 987 862 Licinius
997 806 1108 877 Nerva,
1116 805 1158 864 M.
1167 804 1305 867 Caninius

239 912 374 980 Rebilus,
406 913 457 987 qui
489 912 604 968 obsides
626 911 656 966 iu
687 911 844 968 Thraciam
876 912 1056 980 reducerent,
1085 920 1113 968 et
1140 910 1305 973 Thracibus

239 1036 360 1075 munera
390 1018 461 1073 data
486 1016 515 1073 in
546 1016 677 1091 singulos
703 1017 802 1073 binum
830 1014 940 1073 milium
971 1016 1043 1075 seris.
1091 1016 1211 1093 Bithys,
1239 1036 1303 1077 cum
1328 1018 1365 1073 12

238 1124 340 1181 ceteris
361 1124 510 1181 obsidibus
532 1120 711 1179 aCsrseolis
735 1122 901 1192 accersitus,
919 1122 958 1178 ad
980 1133 1091 1197 patrem
1114 1142 1179 1179 cum
1201 1124 1304 1197 legatis

237 1229 353 1287 misens.
397 1230 499 1287 Nares
520 1229 608 1305 regiae
629 1237 721 1301 captae
746 1226 783 1282 de
806 1226 1030 1296 Macedonibus,
1061 1227 1215 1286 invisitatas
1238 1241 1304 1290 ante

237 1335 453 1410 magnitudinis,
477 1336 507 1392 in
530 1354 635 1410 eampo
656 1334 765 1391 Martio
790 1332 940 1389 subductae
961 1342 1038 1389 sunt.

320 1441 459 1498 Haerente
481 1441 576 1498 adhuc
596 1459 655 1497 non
677 1439 706 1495 in
732 1438 837 1495 animis
859 1437 956 1505 modo,
981 1439 1037 1495 sed
1060 1456 1142 1513 paene
1163 1439 1192 1496 in
1212 1440 1303 1499 oculis
1344 1430 1385 1501 43

236 1546 378 1602 memoria
401 1547 584 1604 Macedonici
605 1542 754 1618 triumphi,
779 1543 813 1599 L.
836 1542 958 1600 Anicius
980 1543 1178 1616 Quirinalibus
1201 1546 1304 1603 trium-

235 1651 338 1725 phavit
358 1651 395 1707 de
416 1670 485 1727 rege
506 1650 615 1709 Gentio
637 1649 813 1724 Illyriisque.
861 1648 974 1706 Similia
1002 1650 1101 1707 omnia
1123 1650 1216 1725 magis
1238 1652 1303 1713 viss
1325 1649 1342 1703 2

234 1756 401 1813 hominibus
428 1774 515 1831 quam
544 1755 636 1831 paria.
679 1754 778 1811 Minor
809 1754 872 1829 ipse
893 1754 1070 1829 imperator,
1100 1766 1127 1812 et
1152 1756 1302 1815 nobilitate

234 1862 358 1919 Anicius
380 1881 444 1919 cum
462 1860 584 1918 AEmilio
606 1870 635 1916 et
655 1860 719 1917 iore
740 1858 853 1934 imperii
876 1869 983 1934 praetor
1005 1877 1069 1917 cum
1093 1862 1212 1919 consule
1231 1881 1301 1919 con·

233 1966 324 2036 letus3
361 1987 420 2024 non
449 1965 573 2024 Gentius
600 1967 727 2035 Perseo,
767 1984 826 2022 non
857 1964 949 2040 illyrii
982 1966 1210 2035 Macedonibus,
1242 1986 1301 2025 non

233 2072 330 2146 spolia
352 2072 463 2147 spoliis,
486 2091 543 2127 non
562 2074 680 2146 pecunia
699 2070 836 2145 pecunias,
859 2090 918 2127 non
939 2072 1017 2128 dona
1041 2072 1124 2129 donis
1146 2074 1301 2148 conparari

232 2187 380 2251 poterant.
440 2178 545 2250 Itaque
576 2176 659 2233 sicut'
670 2175 870 2270 praefulgebat
900 2176 967 2232 huic
994 2177 1156 2251 triumphus
1190 2197 1299 2249 recens,
1323 2176 1340 2233 3

232 2282 272 2338 ita
293 2282 460 2357 apparebat
479 2281 574 2356 ipsum
603 2301 656 2357 per
682 2299 714 2338 se
735 2281 911 2338 intuentibus
933 2299 1118 2355 nequequam
1147 2300 1211 2339 csse
1231 2301 1300 2340 con-

232 2388 429 2445 temnendum.
485 2386 698 2445 Perdomuerat
725 2387 803 2442 intra
833 2404 944 2461 paucos
972 2376 1033 2442 dies
1061 2395 1140 2443 terra
1169 2388 1340 2461 mariqu04

233 2492 373 2562 ferocem,
394 2493 465 2550 loeis
481 2492 722 2567 munimentisque
742 2491 846 2548 fretam
869 2500 983 2565 gentem
1000 2490 1179 2566 Illyriorum
1201 2510 1298 2568 regem

231 2602 379 2675 regiaeque
400 2615 501 2656 omnes
523 2597 621 2671 stirpis
643 2607 769 2672 ceperat.
804 2595 967 2653 Transtulit
987 2596 1016 2651 in
1040 2593 1187 2671 triumpho
1209 2596 1300 2655 multa

233 2705 371 2763 militaria
399 2704 484 2779 signa
512 2702 664 2777 spoliaque
691 2702 749 2759 alie
777 2710 806 2758 et
837 2700 1041 2775 supellectilem
1074 2703 1200 2777 regiam,
1236 2703 1299 2759 suri
1322 2704 1339 2758 5

231 2814 332 2887 pondo
354 2812 416 2869 XX
432 2821 462 2865 et
477 2808 548 2877 VII,
570 2808 682 2883 argenti
705 2810 733 2865 X
751 2820 777 2865 et
793 2806 889 2864 VIIII
904 2808 1012 2882 pondo,
1031 2806 1180 2865 denarium
1197 2809 1227 2865 X
1242 2808 1299 2865 tria

231 2918 329 2986 milia,
365 2925 394 2973 et
415 2913 506 2973 CXX
531 2912 611 2970 milia
640 2914 747 2990 lllyrici
780 2912 902 2989 argenti.
959 2915 1038 2971 Ante
1071 2932 1185 2971 currum
1220 2914 1338 2971 doerit

230 3020 357 3079 Gentius
378 3038 431 3078 rex
452 3039 516 3077 cum
540 3020 663 3095 coniuge
684 3028 714 3075 et
735 3018 831 3075 liberis
854 3028 883 3074 et
900 3016 1094 3075 Carauantius
1116 3017 1207 3075 frater
1220 3018 1298 3093 regie

230 3136 257 3183 et
278 3126 394 3201 aliquot
415 3126 527 3183 nobiles
541 3124 643 3201 Illyrii.
680 3125 728 3181 Dc
748 3122 848 3198 pracda
863 3122 1001 3179 militibus
1021 3123 1051 3179 in
1073 3123 1202 3198 singulos
1224 3142 1296 3198 qua·
1320 3122 1336 3175 7

230 3292 464 3301 -..μ-ῳ...-

229 3426 243 3469 ³
267 3422 349 3483 legati
369 3422 596 3470 transnomInutius
615 3423 728 3486 quintius
747 3421 910 3471 idaminimus
932 3422 1015 3487 Gryn,
1035 3419 1109 3469 Frui.
1131 3418 1169 3470 ΙΙ.
1190 3418 1296 3482 (Flami-

227 3507 327 3566 ninus),
350 3506 451 3571 Kreyss.
472 3509 560 3570 (tres).
589 3509 680 3574 (Gryn.
700 3508 778 3571 legati
794 3508 919 3556 nominati
939 3508 970 3557 T.
988 3506 1124 3566 Quinctius
1144 3506 1293 3556 Flaminius.

227 3592 268 3643 De
283 3593 430 3657 prenomine
452 3592 560 3651 Quinctii
582 3593 726 3657 dubitatur.)
775 3601 790 3642 b
810 3595 913 3643 rebilius
930 3593 934 3653 Ι
950 3595 1054 3643 trecium
1071 3592 1075 3653 1
1091 3594 1206 3642 trucibus
1229 3591 1294 3652 ·12,

230 3685 241 3727 l
261 3680 324 3729 bitis
377 3681 541 3729 sinutsttace
561 3681 646 3747 tuma
667 3682 806 3741 inusitatus)
869 3681 967 3741 XLIII,
987 3680 1011 3740 1,
1033 3686 1044 3729 l
1069 3681 1174 3728 herente
1191 3679 1195 3741 Ι
1211 3679 1295 3728 nomi·

226 3784 338 3833 nanimis
354 3784 359 3843 Ι
374 3798 439 3847 pene
478 3786 662 3834 2memoriam
704 3784 849 3848 sillyrisq.
886 3784 912 3849 2,
933 3790 948 3834 3
968 3800 1025 3833 cum
1049 3770 1120 3834 cous.
1144 3783 1293 3832 consulatus

227 3875 241 3918 5
270 3871 354 3935 spolia
387 3871 515 3934 sponsiliis
548 3873 552 3933 Ι
587 3887 638 3920 non
666 3872 781 3937 pecuniae
812 3873 984 3921 macedonicae
1010 3869 1094 3935 Sipus.
1124 3869 1212 3934 (Grpe,
1241 3884 1293 3918 non

224 3958 336 4021 pecunia
362 3958 549 4018 Macedonica)
575 3959 580 4020 Ι
603 3960 672 4007 douo
690 3960 765 4008 donis
799 3958 825 4017 3,
847 3964 856 4007 l
878 3973 969 4021 regens
1006 3965 1230 4029 tneqnarnquam
1265 3954 1291 4015 4,

227 4049 241 4092 2
261 4043 355 4093 ferocis
370 4045 375 4105 Ι
391 4046 614 4107 monumentisque
633 4044 732 4110 Kreyss.
753 4043 844 4110 (Grya.
862 4044 1105 4109 locisquemunitis)
1122 4046 1126 4105 Ι
1142 4042 1235 4091 iretam
1253 4056 1293 4091 re·

225 4142 282 4193 gem
296 4130 437 4193 illyriorum
467 4129 591 4196 3omnisi
604 4130 678 4197 Gryn.
698 4132 724 4179 in
743 4131 897 4195 triumphum
944 4138 960 4180 4
979 4133 1056 4181 aliam
1075 4132 1101 4179 in
1120 4128 1248 4192 triumpho
1267 4134 1293 4176 et

225 4216 413 4280 superlectilem
466 4216 496 4276 5,
516 4223 531 4266 2
558 4217 660 4282 Arqenti
675 4233 784 4267 umacus
802 4227 926 4282 corruptus
944 4227 984 4268 est.
1008 4219 1081 4270 Grau.
1102 4230 1129 4265 co
1154 4225 1181 4264 et
1199 4228 1291 4264 nouem

224 4301 276 4362 6‚³
296 4303 401 4364 aliquod
417 4301 422 4364 1
438 4301 505 4366 illyri
