3475 5084
537 528 615 577 nou
633 527 718 579 xnn.
752 528 802 591 (a.
821 524 883 578 cir.
905 527 978 592 itt.)
1212 532 1248 585 rt

221 710 291 785 ipsis
315 710 533 768 accersentibus
554 712 704 785 presidia,
736 722 768 769 ut
789 712 910 769 tutiores
932 731 951 769 a
972 712 1159 771 finitimorum
1183 711 1291 785 impetu
1355 773 1357 778 ,

223 816 420 872 Macedonum
438 825 544 886 essent,
566 816 653 873 misit.

241 899 244 901 .
305 921 419 979 Paucis
440 932 508 996 post
530 921 632 978 diebus
654 922 689 995 Q.
711 921 852 990 Marcius,
874 922 914 979 A.
937 921 1046 978 Atilius
1068 930 1097 977 et
1119 922 1154 979 P.
1177 930 1206 976 et
1227 918 1291 978 Ser.
1335 908 1375 979 37

224 1024 350 1082 Cornelii
379 1024 496 1081 Lentuli
541 1036 570 1081 et
600 1026 634 1085 L.
657 1026 823 1095 Decimius,
855 1025 944 1100 legati
975 1024 1005 1081 in
1027 1025 1173 1083 Crucium
1203 1024 1292 1094 missi,

224 1128 384 1205 Corcyram
406 1130 535 1203 peditum
558 1130 636 1187 mille
653 1148 751 1187 secum
762 1130 952 1187 advexerunt.
982 1130 1027 1187 Ibi
1048 1130 1123 1187 inter
1144 1147 1175 1187 se
1197 1139 1226 1187 et
1246 1149 1292 1187 re·

223 1236 331 1309 giones,
367 1252 442 1308 quas
464 1234 587 1302 obirent,
618 1244 647 1290 et
672 1235 777 1291 milites
798 1234 967 1293 diviserunt.
1015 1234 1164 1293 Decimius
1188 1230 1332 1293 missus2

226 1350 265 1395 est
285 1340 325 1395 ad
348 1338 501 1408 Gentium,
521 1356 620 1413 regem
643 1339 819 1414 lllyriorum,
841 1336 958 1415 [quem]
982 1340 1007 1396 si
1030 1340 1156 1414 aliquem
1177 1358 1293 1415 respec-

226 1457 281 1501 tum
300 1444 440 1502 amicitiae
462 1462 527 1501 eum
548 1444 658 1500 habere
668 1453 808 1513 cerneret,
827 1450 972 1501 retentare
994 1456 1046 1503 aut
1067 1445 1153 1502 etiam
1170 1445 1208 1501 ad
1225 1444 1293 1502 belli

224 1550 394 1607 societatem
424 1548 563 1623 perlicere
592 1548 697 1605 iussus.
754 1548 871 1605 Lentuli
898 1550 928 1606 in
951 1548 1169 1625 Cephalleniam
1203 1550 1292 1620 missi,
1316 1543 1332 1598 3

226 1666 254 1711 ut
275 1656 306 1712 in
327 1654 568 1728 Peloponnesum
592 1653 747 1711 traicerent
776 1672 917 1728 oramque
947 1655 1035 1713 maris
1062 1656 1093 1712 in
1114 1654 1292 1712 occidentem

226 1760 298 1818 versi
330 1771 403 1818 ante
433 1759 557 1816 hiemem
589 1758 781 1818 circumirent.
843 1760 956 1817 Marcio
989 1770 1018 1817 et
1050 1760 1141 1817 Atilio
1174 1758 1291 1835 Epirus,
1314 1756 1331 1809 4

226 1866 356 1935 AEtolia,
389 1864 544 1921 Thessalia
565 1863 775 1921 choumeunda
796 1865 996 1939 adsignantur.
1052 1863 1125 1921 Inde
1147 1864 1292 1921 Boeotiam

226 1971 319 2045 adque
340 1969 487 2029 Euboeam
510 1969 660 2043 adspicere
681 1969 762 2039 iussi,
784 1979 844 2026 tum
865 1970 896 2026 iu
906 1968 1140 2044 Peloponnesum
1163 1969 1293 2029 traicere.

226 2076 269 2131 lbi
289 2093 502 2150 congressuros
523 2093 556 2131 se
576 2093 641 2131 cum
663 2075 795 2132 Lentulis
816 2076 1003 2132 constituunt.
1051 2076 1227 2149 Priusquam
1249 2073 1292 2129 di·
1316 2070 1332 2122 5

226 2181 416 2253 grederentur
436 2200 455 2237 a
476 2178 623 2255 Corcyra,
655 2177 758 2235 litterae
779 2197 798 2235 a
819 2180 929 2237 Perseo
952 2179 1058 2238 adlatas
1078 2193 1154 2247 sunt,
1188 2179 1293 2253 quibus

227 2288 391 2357 querebat,
413 2304 479 2359 quae
500 2303 590 2342 causa
610 2284 752 2342 Romanis
773 2292 825 2341 aut
846 2284 876 2341 in
898 2283 1044 2343 Grseciam
1072 2283 1222 2341 traiciendi
1244 2301 1293 2340 co·

228 2390 288 2462 pias
314 2401 370 2447 aut
396 2390 483 2447 urbes
513 2388 674 2466 occupandi
701 2398 786 2446 esset.
840 2386 896 2446 Cui
928 2388 1049 2447 rescribi
1082 2406 1141 2445 non
1173 2382 1334 2462 placuisti

186 2523 193 2536 ·
228 2496 325 2552 nuntio
347 2496 451 2570 ipsius,
473 2495 524 2569 qui
544 2494 655 2551 litteras
679 2494 838 2566 adtulerat,
859 2493 934 2563 dici,
956 2492 1083 2569 praesidii
1105 2510 1195 2549 causa
1215 2491 1294 2565 ipsa·

229 2619 288 2657 rum
320 2580 439 2657 urbium
468 2601 619 2657 Romanos
644 2598 751 2657 facere.
813 2598 940 2668 Lentuli,
975 2597 1185 2655 circumeuntes
1206 2595 1297 2653 Pelo·
1321 2594 1336 2647 7

229 2704 348 2775 ponnesi
371 2704 497 2780 oppida,
532 2722 597 2761 cum
626 2704 690 2761 sine
714 2704 879 2761 discrimine
909 2722 1011 2762 omnes
1033 2702 1165 2759 civitates
1190 2701 1298 2759 adhor-

231 2816 370 2876 tarentur,
392 2818 439 2878 ut,
461 2828 520 2883 quo
543 2809 658 2879 animo,
691 2810 828 2883 quotide
850 2810 1031 2868 adiuvissent
1054 2810 1204 2867 Romanos
1225 2806 1299 2865 Phi-

231 2908 299 2985 lippi
319 2912 465 2986 primum,
486 2913 590 2971 deinde
611 2914 751 2971 Antiochi
772 2914 865 2984 bello,
901 2915 1003 2973 eodem
1026 2915 1166 2972 adversus
1189 2914 1300 2971 Persea

232 3011 373 3086 iuvarent,
395 3015 541 3074 fremitum
562 3018 593 3074 in
614 3019 797 3077 contionibus
817 3019 991 3089 sentiebant,
1007 3019 1125 3077 Achaia
1146 3018 1299 3094 indignen·
1322 3012 1340 3069 8
1384 3016 1386 3023 ⁴

233 3116 316 3190 tibus,
338 3119 443 3175 eodem
464 3138 497 3177 se
516 3120 582 3179 loco
604 3139 682 3193 esse,
713 3125 764 3197 qui
784 3124 884 3181 omnia
906 3144 924 3181 o
947 3124 1095 3199 principiis
1117 3123 1301 3181 Macedonici

234 3221 297 3279 belli
325 3222 527 3299 prostitissent
552 3226 710 3297 Romanis,
742 3248 796 3301 quo
817 3228 956 3286 Messenii
979 3229 1076 3302 adque
1101 3228 1174 3298 Elii,
1205 3230 1255 3301 qui
1274 3237 1301 3285 et

235 3386 377 3455 stultiores
387 3401 392 3467 Ι
403 3406 528 3469 impetum
563 3405 704 3466 XXXVII,
717 3410 742 3469 1,
756 3416 767 3457 l
780 3409 922 3474 mercibus!
935 3413 1033 3461 serulus
1052 3411 1150 3460 corneli
1174 3417 1190 3459 4
1203 3412 1300 3461 obirem

234 3488 258 3549 2,
269 3497 279 3539 l
289 3490 335 3555 (H.
345 3508 370 3556 p.
379 3491 514 3556 decimius)
530 3498 631 3554 tquem
643 3492 797 3558 indusitMp.
807 3494 863 3545 Em.
873 3496 928 3545 529
946 3504 961 3545 3
972 3498 1090 3546 amicitia
1100 3486 1221 3547 comteste
1235 3496 1301 3547 Volt-

236 3574 277 3625 len.
289 3580 294 3645 Ι
305 3587 423 3639 cerneret
440 3586 576 3641 temptaret
594 3578 733 3643 (temptare
744 3578 836 3644 (ἔψη.)
857 3580 913 3645 My.
927 3580 942 3631 l.
956 3598 976 3631 c.
997 3582 1126 3643 (Fortasse
1144 3582 1233 3633 excidit
1249 3585 1301 3634 Ro·

236 3677 315 3711 manae
332 3673 390 3728 post
407 3665 540 3726 amicitia)
557 3666 561 3727 Ι
577 3673 606 3713 ut
624 3666 700 3714 etiam
737 3666 907 3730 tperliceret
942 3667 997 3727 3,1
1019 3669 1188 3731 capellaniam
1224 3676 1302 3733 tpe·

182 3820 187 3830 ὑ
236 3747 419 3813 lopouoensum
448 3750 474 3810 4,
494 3757 509 3799 2
528 3751 748 3801 tetolietthessalia
760 3750 956 3816 M9.Em.·530.
976 3751 1067 3817 (Crya.
1087 3754 1186 3803 AEtolia
1204 3755 1303 3817 et'rh.)

238 3847 470 3912 {circumeundum
496 3840 679 3917 adsignenteur
694 3853 700 3919 Ι
715 3856 830 3904 boetiam
871 3860 886 3903 3
915 3855 1134 3919 peloponnensum
1181 3858 1303 3907 tleutuli

238 3936 438 4003 btquerebat
467 3940 517 4000 6,1
533 3939 608 4007 Crya.
619 3941 725 3991 rescribi
735 3941 800 3990 nihil
810 3941 844 4005 pl.
873 3948 1020 3991 tromanss
1050 3941 1103 4006 7,1
1121 3943 1303 4007 peloponnensi

240 4030 253 4071 3
270 4025 490 4075 adiuuassentEd.
501 4026 583 4091 Lupd.
614 4029 758 4079 tanthtoci
785 4032 799 4076 b
818 4028 846 4075 in
864 4027 1025 4077 contionibus
1043 4028 1186 4078 fremebant
1203 4027 1302 4079 Vahlen.

241 4109 325 4177 (Crya.
351 4113 498 4162 audiebant.
524 4112 575 4163 Res
593 4114 703 4179 imam.)
742 4114 768 4174 8,
790 4119 801 4163 1
823 4114 910 4163 achsis
949 4116 1093 4165 tromanis
1113 4122 1138 4164 et
1157 4116 1304 4164 macedonis

240 4198 351 4263 philippo
378 4200 449 4248 hello
466 4200 555 4248 hostes
572 4199 681 4249 fuissent
699 4201 812 4249 messeni
836 4200 921 4263 adque
939 4201 979 4248 ali
997 4215 1044 4263 pro
1069 4200 1190 4249 anthioco
1214 4199 1305 4249 hostes

243 4297 309 4333 roma
337 4287 462 4335 aduersus
481 4284 537 4350 Mo.
556 4284 612 4334 Em.
632 4285 685 4335 531
717 4286 775 4350 (uici
803 4284 869 4349 quod
897 4286 944 4345 ibi,
978 4303 1048 4349 quum
1075 4286 1145 4335 bello
1169 4285 1257 4335 hostes
1281 4287 1306 4335 in
