3475 5084
526 530 606 581 liber
624 528 723 579 mn.
764 530 814 591 (Δ.
833 528 895 581 Gltr.
917 528 990 594 ist.)
1195 536 1250 592 13³

235 714 311 769 etuti
321 714 498 788 supplicatio
519 716 610 784 lieret,
626 716 782 790 cunctique
801 712 991 791 magistratus
1011 716 1089 774 circa
1110 716 1208 773 omnia
1229 716 1293 791 pul·
1316 718 1334 776 8

234 817 344 874 vinuiiu
365 818 502 875 victumis
527 820 687 877 maioribus
716 821 914 878 sacrificarent
933 819 1117 895 populusque
1137 829 1293 879 coronatus

232 932 310 978 esset.
358 922 479 992 Omnia,
495 923 538 980 uti
558 924 714 981 decemviri
735 925 899 1000 prteieruut,
920 924 1010 984 lacta.

308 1024 490 1084 censoribus
511 1029 616 1085 deinde
645 1030 778 1086 creandis
804 1030 923 1086 comitia
951 1029 1046 1087 edicta
1073 1038 1146 1087 sunt.
1195 1029 1291 1087 Petie·
1336 1025 1376 1096 14

229 1140 291 1187 runt
319 1150 476 1189 censuram
505 1133 650 1209 principes
679 1134 821 1204 civitatis,
850 1131 886 1191 O.
907 1134 1045 1192 Valerius
1074 1134 1225 1203 Laevinus,
1254 1134 1291 1191 L.

229 1237 400 1293 Postumius
426 1238 569 1308 Albinus,
602 1240 637 1297 P.
658 1239 775 1296 Mucius
796 1237 947 1308 Scaevola,
979 1239 1022 1297 M.
1045 1238 1146 1295 lunius
1174 1238 1292 1309 Brutus,

228 1338 259 1397 0.
280 1339 426 1399 Claudius
447 1342 588 1413 Pulcher,
620 1345 668 1401 Ti.
693 1343 882 1418 Sempronius
910 1342 1072 1401 Gracchus.
1118 1344 1184 1399 Hos
1218 1342 1292 1399 duos
1385 1326 1393 1343 ’

227 1463 361 1503 censores
391 1448 503 1504 creavit
531 1447 656 1523 populus
689 1450 850 1509 Romanus.
906 1446 980 1506 Cum
1013 1448 1133 1505 dilectus
1164 1447 1331 1509 habendi2

227 1551 318 1607 muior
355 1570 446 1625 qaam
474 1551 548 1608 elius
581 1562 702 1627 propter
727 1553 949 1611 Macedonicum
977 1553 1083 1610 bellum
1110 1570 1181 1609 cura
1207 1562 1291 1622 esset,

228 1656 365 1713 consules
387 1656 501 1731 plebem
524 1664 597 1732 aput
616 1668 749 1715 senatum
770 1659 963 1728 accusabant,
983 1658 1060 1731 quod
1084 1654 1142 1734 [et]
1165 1656 1291 1715 iuniores

226 1779 279 1817 non
299 1762 523 1835 responderent.
567 1762 720 1821 Adversus
749 1780 824 1837 quoa
849 1761 883 1824 0.
907 1762 1052 1838 Sulpicius
1083 1770 1113 1819 et
1136 1763 1178 1823 M.
1201 1760 1291 1820 Clau·
1314 1761 1331 1818 3

226 1865 286 1922 dius
308 1876 455 1941 praetores
476 1866 569 1942 plebia
590 1886 709 1925 cansam
740 1876 869 1942 egerunt.
927 1867 998 1924 Non
1025 1866 1207 1936 consulibus,
1239 1865 1292 1923 sed

228 1971 390 2028 ambitiosis
423 1972 588 2029 consulibus
616 1971 752 2030 dilectum
782 1969 928 2029 difficilem
963 1988 1040 2040 asse;
1072 1971 1215 2028 neminem
1247 1970 1291 2027 in·

226 2076 313 2133 vitum
339 2077 463 2134 militem
486 2077 525 2134 ub
548 2077 584 2134 iia
603 2078 677 2137 lieri.
723 2076 760 2134 Id
783 2084 816 2133 ut
835 2076 878 2133 ita
899 2094 963 2133 esse
983 2076 1090 2133 scirem
1112 2072 1170 2151 [et]
1193 2084 1291 2149 putres
1315 2078 1332 2132 4

228 2182 395 2258 conscripti,
417 2192 568 2257 pretores,
590 2183 696 2256 quibus
714 2192 744 2239 et
764 2182 809 2239 vis
830 2181 944 2256 imperii
965 2180 1061 2238 minor
1081 2190 1111 2236 et
1134 2180 1292 2237 auctoritas

227 2296 307 2356 esset,
333 2286 484 2358 dilectum,
507 2287 533 2343 si
553 2285 596 2345 ita
616 2287 730 2344 senatui
753 2286 910 2355 videratur,
934 2285 1114 2360 perfecturos
1136 2302 1209 2343 esse.
1256 2283 1292 2341 Id
1315 2289 1332 2342 5

228 2391 400 2461 praetoribus
417 2409 527 2467 magua
538 2402 653 2466 patrum
665 2393 813 2461 uoluntate,
834 2408 893 2447 nou
915 2390 977 2446 sine
998 2388 1202 2463 suggillatione
1223 2406 1292 2445 con·

226 2494 326 2565 sulum,
348 2495 521 2552 mandatum
543 2505 596 2553 ast.
643 2494 797 2564 Censores,
818 2504 851 2551 ut
872 2512 937 2551 eam
958 2513 1018 2551 rem
1042 2492 1229 2563 adiuvarent,
1250 2494 1292 2549 ita

228 2598 255 2653 in
274 2602 415 2657 contione
435 2599 601 2657 edixerunt:
636 2600 745 2674 Legem
768 2600 867 2657 cenaui
892 2598 1034 2656 censendo
1063 2598 1190 2655 dicturos
1218 2615 1291 2669 esse,

227 2713 255 2759 ut
274 2713 385 2778 prester
405 2723 559 2761 commune
578 2705 706 2762 omnium
729 2704 835 2761 civium
856 2704 1070 2763 iusiurandum
1092 2704 1153 2759 haec
1175 2702 1290 2761 adiure-

226 2819 300 2865 rantx
346 2810 416 2877 „Tu
450 2811 546 2866 minor
578 2810 662 2866 annis
693 2828 747 2866 sax
781 2820 810 2867 et
829 2810 890 2867 XL
921 2827 968 2879 es,
1003 2818 1092 2883 tuque
1127 2828 1165 2865 ex
1196 2807 1332 2867 adicloli

229 2909 260 2969 C.
284 2912 411 2985 Claudi,
439 2915 486 2974 Ti.
509 2914 664 2990 Semproni
691 2932 844 2973 censorum
877 2914 915 2971 ad
949 2914 1084 2971 dilectum
1110 2914 1232 2989 prodisti
1254 2924 1291 2986 st,

228 3020 486 3094 quotienscumque
518 3020 640 3076 dilectus
669 3019 741 3089 erit,
773 3038 838 3076 cum
866 3020 897 3076 hi
926 3036 1060 3075 censores
1090 3020 1291 3095 magistratum

229 3121 386 3194 habebunt,
407 3125 433 3181 ai
454 3125 537 3181 miles
557 3123 799 3195 factusnoueria,
820 3124 996 3181 indilectum
1013 3121 1183 3197 prodibisi“
1206 3124 1291 3193 Item,
1314 3121 1330 3175 7

228 3435 252 3495 d,
270 3444 286 3486 3
305 3438 396 3488 Duker
415 3444 600 3502 preceperunt.
619 3434 706 3485 Potius
721 3444 899 3501 preceperant
945 3436 1019 3495 xlv,
1039 3435 1064 3495 1,
1086 3439 1101 3483 2
1126 3434 1227 3484 leuiuus
1274 3439 1290 3484 8

232 3536 252 3572 c.
279 3525 366 3575 iunius
394 3522 479 3589 Sr'qon.
526 3530 541 3571 4
569 3522 660 3585 pulcer
678 3520 683 3584 Ι
704 3530 721 3571 t.
749 3524 910 3587 sempronius
936 3520 988 3573 Ed.
1020 3521 1094 3570 Frob.
1121 3519 1159 3569 11.
1193 3520 1245 3583 (lic
1270 3530 1293 3570 ct

233 3614 327 3675 pomo)
365 3611 391 3670 2,
412 3617 426 3659 2
446 3608 865 3659 macedonicibellicuramesse
906 3614 922 3656 ³
945 3616 972 3657 et
995 3607 1087 3657 notovit
1115 3604 1204 3666 Groa.;
1234 3605 1290 3656 Em.

233 3694 283 3745 55⁵
318 3698 345 3758 3,
367 3692 617 3762 lGryn.Clsudius
640 3694 848 3757 tribuniplebis.
890 3692 1005 3743 Erroram
1022 3700 1128 3742 senserat
1142 3692 1292 3743 Perizonius.

235 3784 300 3832 lab
317 3786 341 3833 is
389 3782 414 3840 4,
437 3788 448 3832 l
469 3783 495 3831 id
514 3790 545 3830 ut
560 3782 597 3829 itu
612 3789 643 3829 nt
660 3794 717 3830 case
735 3779 836 3845 Kreyas.
865 3778 957 3845 (Gryu.
977 3781 1003 3828 id
1021 3781 1057 3829 ita
1076 3779 1116 3842 ut)
1138 3781 1185 3843 let
1202 3780 1294 3829 notovit

236 3865 287 3933 liu.
306 3870 365 3919 Em.
381 3868 436 3918 555
450 3871 456 3931 Ι
471 3876 558 3933 putres
576 3880 599 3917 c.
618 3865 693 3929 (Noa
712 3875 773 3915 recte
789 3867 878 3931 scripsi
892 3866 949 3916 Era.
968 3864 1022 3915 555
1041 3865 1179 3930 conscripti
1196 3866 1292 3929 omitti.)

233 3957 387 4017 spretores
406 3955 544 4017 atquibus
562 3955 602 4003 uis
637 3951 663 4011 5,
681 3958 696 4001 2
715 3960 816 4016 petrum
835 3968 887 4003 non
907 3953 962 4003 siue
996 3951 1052 4017 My.
1077 3950 1205 4001 Lucum
1223 3961 1292 4001 notu·

236 4040 395 4107 occisique.
421 4042 475 4090 liu
493 4040 639 4089 contionem
657 4039 801 4088 eduxerunt
834 4039 1064 4103 &inuectusque
1098 4044 1151 4089 st.
1165 4039 1292 4101 semproni

239 4124 354 4189 iproditi
373 4135 400 4177 et
415 4126 472 4193 My.
491 4126 548 4177 Eat.
565 4126 618 4190 55⁵
636 4123 728 4191 (Grpe.
746 4126 862 4190 prodito:
880 4126 916 4189 ct)
956 4131 972 4176 8
996 4126 1043 4176 erit
1061 4139 1118 4187 quo
1141 4124 1168 4175 hi
1192 4123 1293 4173 Ursinus

233 4208 321 4277 (Grpe.
348 4228 427 4277 quem
448 4213 493 4263 hic
516 4227 637 4263 censores
655 4212 844 4277 magistratum)
885 4218 902 4262 4
921 4214 949 4263 iu
972 4213 1067 4275 dilectu
1086 4208 1169 4275 Sioua.
1186 4208 1293 4274 iproui-

234 4294 300 4348 detis
335 4297 389 4359 7,1
410 4299 447 4348 ite
