3475 5084
499 453 558 509 200
761 448 841 497 Liber
857 448 954 499 XLIV.
992 448 1039 511 (A.
1058 464 1083 497 u.
1103 462 1124 497 c.
1145 450 1218 513 586.)

456 646 484 695 et
503 634 628 695 Romani
650 636 848 709 aquabantur.
880 636 1020 711 praesidiis
1045 658 1081 695 ex
1103 646 1225 713 utraque
1245 637 1308 711 ripa
1329 635 1438 711 positis,
1462 644 1485 691 ut

416 744 486 801 bid
512 742 609 799 facere
634 751 696 798 tuto
726 754 851 818 possent.
894 742 969 800 Duae
992 743 1124 801 cohortes
1151 762 1170 801 a
1199 752 1282 819 parte
1311 744 1484 800 Romanorum

455 859 546 917 erant,
567 847 735 906 Marrucina
756 858 785 907 et
806 848 944 923 Peligna;
967 848 1031 905 dua
1055 857 1155 905 turmae
1178 846 1348 907 Samnitium
1372 847 1486 921 equiturn,

416 956 433 1011 6
455 955 558 1030 quibus
579 962 703 1029 preerat
723 955 765 1011 M.
786 954 904 1029 Sergius
927 952 1003 1011 Silus
1026 953 1154 1029 legatns3
1183 964 1211 1011 et
1231 954 1312 1011 aliud
1332 972 1384 1029 pro
1405 952 1487 1009 castris

454 1061 590 1120 stativom
612 1069 674 1116 erat
694 1060 858 1135 praesidium
880 1060 934 1117 sub
956 1059 990 1119 C.
1015 1058 1119 1118 Cluvio
1140 1059 1254 1133 legato,
1286 1069 1344 1116 tres
1366 1059 1488 1127 cohortes,

453 1166 602 1229 Firmana,
623 1165 754 1235 Vestina,
773 1164 989 1231 Cremonensis;
1018 1165 1082 1221 duee
1103 1175 1204 1221 turmae
1225 1165 1363 1239 equiturn,
1384 1163 1490 1221 Placen·

415 1269 430 1322 7
454 1272 515 1329 tina
536 1281 565 1328 et
585 1271 751 1334 AEsernina.
795 1268 868 1329 Cum
891 1270 980 1327 otium
1000 1271 1038 1328 ad
1058 1272 1164 1327 flumen
1185 1280 1269 1339 esset,
1290 1269 1398 1327 neutris
1416 1268 1490 1325 laces-

453 1377 594 1444 sentibus,
621 1375 694 1433 hora
721 1376 833 1433 circiter
853 1394 930 1433 nona
953 1376 1111 1433 iumentum
1147 1396 1163 1433 e
1190 1376 1322 1433 manibus
1349 1376 1490 1433 curant-iun

412 1480 429 1535 8
452 1485 581 1559 elapsum
610 1482 641 1538 in
666 1480 828 1538 ulteriorem
854 1482 947 1558 ripam
971 1480 1079 1557 effugit.
1122 1482 1208 1556 Quod
1230 1501 1294 1539 curn
1319 1502 1373 1557 per
1394 1499 1491 1555 aquam,

451 1588 542 1647 ferme
568 1605 658 1672 genus
686 1595 769 1644 tentas
797 1568 901 1658 altam,
933 1599 991 1645 tres
1021 1586 1124 1646 milites
1149 1598 1353 1663 sequerentur,
1383 1589 1492 1645 Threces

452 1696 510 1751 duo
538 1695 567 1751 id
594 1694 750 1751 iumentum
779 1713 815 1752 ex
842 1696 938 1753 medio
968 1695 1052 1752 alveo
1080 1692 1109 1749 iu
1133 1710 1215 1749 snam
1236 1693 1330 1767 ripam
1354 1694 1493 1755 traherent,

452 1802 544 1860 altero
566 1820 665 1858 eorum
687 1800 782 1858 occiso
808 1812 984 1877 receptoque
1004 1800 1146 1868 iumento,
1169 1798 1207 1855 ad
1223 1799 1376 1856 stationem
1394 1816 1493 1855 suorum

411 1903 429 1960 9
451 1926 480 1964 se
500 1907 685 1981 recipiebant.
719 1905 956 1982 octingentorum
978 1908 1124 1964 Thracum
1147 1904 1310 1979 praesidium
1333 1905 1362 1961 in
1385 1904 1494 1979 hostium

451 2012 515 2088 ripa
536 2022 607 2070 erat.
648 2013 697 2071 Ex
717 2013 761 2070 his
783 2015 868 2089 pauci
891 2014 994 2090 primo,
1016 2030 1091 2087 aegre
1112 2011 1191 2085 passi
1212 2011 1383 2087 popularem
1407 2011 1436 2067 in
1455 2027 1495 2063 suo

451 2128 605 2193 conspectu
627 2136 741 2190 caesum,
763 2120 801 2175 ad
821 2116 1036 2194 persequendos
1055 2114 1252 2173 interfectores
1274 2117 1394 2173 fluvium
1417 2126 1496 2173 trans-

392 2225 428 2279 10
450 2223 541 2297 gressi
563 2231 637 2293 snut,
662 2223 727 2281 dein
749 2224 854 2301 plures,
876 2234 1022 2298 postremo
1045 2240 1158 2287 omnes,
1181 2230 1294 2279 etcum
1317 2223 1452 2299 prasidio

451 2434 582 2510 proehum
605 2436 691 2496 ducit.

367 2527 407 2598 ‘ll
534 2542 673 2610 Manebat
694 2541 805 2616 imperii
834 2540 986 2605 maiestas,
1007 2538 1101 2613 gloria
1122 2537 1193 2603 viri,
1220 2548 1286 2594 ante
1308 2540 1408 2597 omnia
1430 2550 1499 2607 atas,

451 2647 529 2721 quod
550 2646 644 2704 maior
664 2647 816 2721 sexaginta
837 2646 919 2703 annis
940 2644 1074 2700 iuvenum
1097 2643 1194 2699 munia
1213 2643 1242 2699 in
1257 2654 1339 2719 parte
1361 2647 1499 2721 praecipue

449 2750 557 2807 laboris
579 2751 755 2826 periculique
777 2751 955 2827 capessebat.
998 2748 1197 2816 Intervallum,
1219 2750 1297 2823 quod
1318 2751 1394 2808 inter
1416 2764 1498 2809 cetra·

450 2863 495 2911 tos
526 2865 554 2912 et
580 2857 739 2932 phalanges
768 2866 847 2925 erat,
883 2855 1002 2930 inplevit
1031 2853 1106 2928 legio
1136 2854 1231 2927 adque
1259 2855 1349 2912 aciem
1382 2856 1500 2914 hostium

409 2959 609 3037 linterrupit.
653 2964 683 3019 A
711 2972 791 3037 tergo
814 2962 914 3020 cetrati
935 2972 1032 3029 erant,
1061 2959 1184 3017 frontem
1206 2960 1345 3017 adversus
1368 2962 1501 3037 clipeatos

449 3068 591 3135 habebat3
620 3068 817 3146 chalcaspides
846 3066 1075 3142 appellabantur.
1121 3066 1282 3125 Secundam
1304 3067 1449 3143 legionem
1472 3070 1499 3127 h.

450 3267 633 3329 sequebantur
649 3266 674 3325 5,
686 3269 696 3315 l
709 3275 801 3332 apertae
811 3281 974 3316 romanorum
994 3271 1008 3315 2
1019 3266 1167 3314 marrucina
1186 3272 1201 3315 3
1212 3266 1280 3329 sylus
1289 3263 1373 3331 Sipon.
1397 3267 1422 3324 6,
1432 3275 1446 3316 2
1458 3276 1501 3317 sta·

449 3370 492 3417 tim
518 3378 625 3418 uouerat
654 3368 659 3431 Ι
687 3370 814 3433 legatores
841 3371 957 3419 cohortes
1010 3374 1026 3418 3
1056 3352 1391 3435 placentisnaeptessernina
1423 3370 1499 3437 Sigron.

449 3454 540 3521 (Gryn.
560 3466 586 3504 et
602 3456 758 3521 Essemina)
794 3458 818 3515 7,
838 3465 852 3506 2
873 3471 917 3506 ora
933 3460 937 3517 l
953 3464 1043 3520 quarta
1064 3455 1138 3506 Gran.
1156 3474 1168 3504 e
1186 3456 1251 3507 Plat.
1265 3456 1351 3506 AEmil.
1366 3457 1413 3509 22.
1451 3459 1500 3515 8‚t

424 3574 428 3582 ’
452 3558 527 3624 Gryn.
546 3568 698 3620 genustenus
726 3559 860 3628 (Gryphias
879 3575 946 3624 genu
970 3560 1053 3624 tenus)
1079 3562 1084 3618 Ι
1108 3542 1202 3610 streces
1221 3560 1382 3611 Probabiliter
1406 3563 1500 3613 Ursinus

450 3646 612 3710 Thracesque
659 3648 773 3710 sripam
793 3650 922 3697 tradentes
945 3646 1024 3697 Ursin.
1050 3646 1141 3714 (Gryn.
1162 3648 1292 3698 trahentes
1317 3648 1414 3699 stellula
1432 3668 1501 3715 appo

447 3733 503 3787 sita,
521 3744 544 3783 et
552 3736 661 3799 sortasse
679 3736 772 3784 verbam
797 3734 904 3795 excidit.)
950 3742 1136 3799 treceptoqnc
1161 3750 1192 3784 eo
1215 3736 1328 3784 iumento
1351 3733 1411 3786 alat.
1438 3736 1502 3787 Pen‘-

448 3819 529 3869 zonius
548 3822 553 3884 Ι
574 3837 675 3871 suorum
695 3822 851 3884 recipiebant
903 3821 928 3873 9.
951 3827 961 3869 l
990 3830 1085 3870 tracum
1140 3822 1182 3881 10,
1202 3829 1212 3871 1
1240 3822 1270 3872 In
1287 3824 1408 3887 prasidio
1420 3825 1502 3887 finitur

448 3905 538 3955 codicis
547 3907 597 3972 sol.
617 3890 675 3957 141ss
703 3906 877 3957 Intercideraat
895 3907 1054 3972 quaternionis
1073 3908 1181 3959 XXVI
1190 3908 1260 3973 solia
1278 3908 1326 3959 duo
1344 3909 1436 3971 media,
1456 3926 1500 3972 qua

448 3994 596 4042 continebant
609 4011 696 4059 paparo
708 3993 743 4043 ad
755 3978 867 4060 Pydnam
885 3994 1046 4043 narrationem
1058 4012 1129 4059 usqae
1147 3994 1183 4044 ud
1194 4012 1245 4045 eunt
1264 3996 1346 4055 locam,
1365 4014 1414 4061 quo
1427 3998 1500 4048 AErnr'·

448 4080 493 4129 lias
511 4079 622 4145 lapionem
645 4081 746 4143 primam
769 4083 794 4129 in
817 4082 891 4130 anam
914 4079 1035 4130 inducebas
1052 4080 1182 4132 dicebatur,
1228 4082 1333 4145 (Eadem
1351 4082 1420 4134 Plat.
1440 4085 1501 4137 AEn.

447 4166 489 4221 18,
507 4166 549 4225 19,
569 4166 607 4216 20
623 4184 709 4230 param
728 4165 834 4217 destincte
851 4168 984 4230 nunant.)
1035 4169 1110 4226 XLI,
1129 4169 1160 4227 1,
1182 4176 1192 4218 l
1215 4170 1303 4233 imperi
1342 4177 1358 4219 4
1378 4172 1501 4237 inplebitl

449 4254 503 4302 acie
538 4252 590 4311 21
612 4254 714 4303 cetratis
732 4262 786 4303 erat
804 4253 859 4320 Mp.
879 4254 934 4305 Em.
953 4254 1007 4305 588
1027 4256 1031 4316 Ι
1053 4255 1183 4320 clupeatos
1220 4263 1233 4305 2
1255 4257 1413 4323 caclaspides
1431 4259 1502 4311 Groa

449 4337 538 4403 <Gan-
558 4338 715 4404 eamme)
