3475 5084
528 518 607 569 nisa
625 517 724 568 xum.
759 518 806 584 (s,
825 516 888 569 cnr.
912 519 982 578 nm.)
1195 520 1252 577 tta

227 711 297 758 stra
344 700 460 774 Quarta
479 701 547 758 inde
567 701 668 776 vigilie
688 701 773 777 signa
793 704 901 775 movit,
931 702 1009 761 mille
1037 702 1128 763 imme
1155 702 1192 760 sd
1217 718 1291 777 prse-
1315 706 1331 760 t

227 805 331 864 sidium
357 816 519 863 castrorum
545 806 662 867 relictis.
709 809 907 884 Inconpoeiti,
939 808 1028 883 longo
1057 807 1173 883 agmine
1201 806 1295 877 effusi,

230 910 438 985 infrequentes,
470 929 536 967 cum
557 921 715 971 nocturnus
736 933 819 971 error
840 912 1009 988 dissiparet,
1043 913 1080 970 ad
1103 914 1202 969 urbem
1225 931 1293 987 per-

228 1023 379 1075 venerunt.
427 1014 526 1073 Crevit
555 1017 751 1093 neclegentis,
782 1027 938 1092 postquam
971 1018 1115 1075 neminem
1150 1023 1293 1075 armatum
1318 1020 1336 1074 5

227 1122 256 1176 in
275 1121 369 1177 muris
391 1120 536 1182 viderunt.
574 1120 719 1192 Ceterum,
740 1124 791 1180 ubi
802 1123 927 1198 primum
950 1124 1004 1179 sub
1025 1124 1083 1179 ictu
1108 1120 1293 1192 telifuerunt,

225 1226 340 1283 duabus
363 1225 452 1283 simul
472 1225 564 1300 portis
585 1228 759 1303 erumpitur,
786 1237 815 1285 et
843 1228 882 1285 ed
904 1227 1061 1286 clamorem
1083 1227 1293 1302 erumpentium

225 1330 327 1404 ingens
350 1332 490 1406 strepitus
511 1351 528 1388 e
550 1332 640 1389 muris
662 1341 744 1389 ortus
767 1332 939 1389 ululantium
969 1331 1121 1389 mulierum
1143 1348 1208 1387 cum
1230 1348 1293 1387 ors-

226 1437 286 1509 pitu
304 1436 438 1510 undique
459 1436 539 1507 oeris,
562 1446 591 1492 et
612 1437 761 1495 incondita
781 1437 954 1507 multitudo,
981 1438 1067 1494 turbs
1088 1436 1212 1493 inmixta
1234 1453 1319 1499 σοι»,

227 1541 291 1610 rili,
320 1542 416 1599 variis
444 1542 566 1599 vocibus
587 1543 774 1617 personabat.
821 1542 880 1599 Hic
904 1551 965 1600 tam
994 1542 1145 1617 multiplex
1165 1540 1293 1615 undique
1318 1539 1335 1593 6

224 1646 358 1703 obiectus
381 1657 477 1705 terror
501 1646 612 1717 effecit,
642 1666 680 1703 ne
705 1647 849 1705 sustinere
874 1648 998 1723 primum
1025 1647 1185 1723 procellam
1207 1664 1293 1720 erup-

226 1751 310 1807 tionis
338 1752 469 1809 Romani
498 1761 625 1827 possent.
677 1753 783 1826 Itsque
808 1750 953 1827 fugientes
978 1752 1076 1827 plures
1105 1770 1192 1826 quem
1219 1754 1293 1826 pug'-

225 1868 328 1913 nantes
361 1857 529 1932 interempti
564 1865 647 1926 sunt3
678 1856 730 1913 vix
761 1856 820 1914 duo
849 1856 930 1913 milis
957 1858 1106 1914 hominum
1137 1874 1204 1914 cum
1231 1857 1296 1932 ipso

227 1961 323 2036 legato
344 1963 377 2018 in
400 1972 498 2019 castra
522 1961 720 2036 perfugarum.
756 1960 825 2033 Quo
847 1961 963 2037 longius
984 1963 1039 2020 iter
1060 1962 1089 2019 iu
1112 1971 1208 2019 eastra
1223 1970 1296 2031 erat,
1320 1960 1336 2014 l

226 2085 262 2122 eo
281 2067 385 2142 plures
406 2066 501 2125 fessos
522 2066 709 2126 consectandi
736 2067 870 2123 hostibus
899 2068 985 2141 copis
1008 2066 1072 2124 luit.
1129 2068 1178 2125 Ne
1199 2085 1296 2125 mors·
1320 2064 1339 2120 8

228 2181 272 2228 tus
293 2172 415 2246 quidem
437 2172 466 2228 iu
488 2173 591 2229 cestrie
612 2172 746 2245 Appius,
779 2178 813 2226 at
839 2188 908 2227 suos
936 2171 1091 2247 dissipatos
1122 2169 1194 2246 iuge
1216 2171 1296 2229 colli-

227 2286 323 2350 geret,
347 2296 415 2352 quse
436 2296 483 2335 res
504 2277 611 2352 palatis
632 2295 685 2352 per
705 2292 793 2351 egros
812 2274 901 2359 soluti
921 2273 1033 2348 luisset,
1054 2275 1093 2331 ad
1113 2275 1296 2350 Lychnidum

228 2383 361 2455 protinus
383 2382 524 2456 reliquiae
545 2382 636 2439 cladis
652 2381 779 2440 reduxit

309 2487 387 2543 Haec
410 2497 439 2543 et
459 2486 518 2543 elia
538 2488 618 2544 houd
641 2504 781 2562 prospere
801 2485 832 2542 in
852 2484 1029 2543 Macedonia
1054 2491 1138 2559 gesta
1164 2502 1203 2541 ex
1224 2482 1294 2543 Sex.
1342 2468 1390 2539 ll=

230 2589 340 2665 Digitio
358 2592 477 2649 tribuno
500 2591 641 2663 militum,
670 2591 721 2664 qni
748 2590 883 2647 sacrificii
904 2608 994 2647 causa
1018 2592 1144 2648 Romam
1166 2598 1297 2669 venerat,

230 2704 294 2751 sunt
314 2696 428 2756 audite.
483 2698 611 2772 Propter
631 2715 696 2770 qum
716 2696 802 2753 veriti
823 2705 936 2771 patres,
959 2715 996 2753 ne
1017 2714 1076 2771 qua
1098 2694 1192 2751 maior
1212 2696 1297 2770 igno·
1322 2688 1340 2745 2

229 2800 318 2859 minis
343 2802 542 2877 acciperetur,
569 2802 683 2877 legatos
703 2802 733 2858 in
756 2802 962 2859 Macffloniam
985 2802 1026 2859 M.
1050 2800 1187 2859 Fulvium
1209 2800 1299 2858 Flec-

229 2921 294 2962 cum
315 2915 346 2963 et
367 2908 411 2966 M.
434 2906 588 2965 Caninium
611 2906 745 2965 Rebilum
772 2906 927 2979 miserunt,
960 2908 1011 2983 qui
1043 2916 1200 2981 cooperta,
1234 2924 1299 2981 quae

230 3021 402 3083 agerentur,
422 3009 579 3081 referreut3
605 3019 635 3068 et
664 3020 698 3068 ut
717 3012 758 3072 A.
780 3011 890 3069 Atilius
911 3012 1013 3069 consul
1033 3010 1152 3069 comitia
1172 3011 1299 3068 consuli·
1321 3014 1340 3069 3

232 3114 285 3171 bns
303 3114 447 3191 rogandis
468 3115 511 3171 ite
531 3116 670 3185 ediceret,
697 3116 739 3172 uti
764 3134 864 3173 meuse
884 3117 1024 3173 Ianuario
1046 3116 1149 3173 confici
1171 3124 1299 3190 possent,

232 3225 262 3274 et
281 3228 313 3276 nt
333 3220 432 3296 primo
455 3238 572 3294 quoque
592 3230 723 3296 tempore
755 3221 787 3277 in
815 3225 918 3280 urbem
939 3221 1055 3281 rediret.
1113 3220 1234 3276 Interim
1255 3220 1299 3281 M.
1323 3226 1342 3279 4

235 3322 330 3381 Recio
352 3325 472 3400 prtetcri
494 3326 679 3396 mundatum,
708 3334 741 3383 ut
769 3327 865 3383 edicto
887 3335 1036 3383 senatores
1058 3342 1158 3381 omnes
1181 3342 1219 3380 ex
1239 3332 1304 3382 tota

237 3595 261 3656 4,
279 3604 295 3647 3
311 3601 481 3664 dissiparetur
521 3601 546 3661 ὅ,
567 3608 582 3650 2
603 3602 651 3650 sub
668 3602 739 3650 iectu
755 3601 883 3653 Drohno.
912 3600 1002 3667 (Gryn.
1023 3600 1071 3650 sub
1090 3601 1170 3661 iectu)
1205 3608 1306 3651 tetre·

409 3697 433 3725 m

239 3755 358 3819 pilosque
377 3770 392 3803 e
409 3738 481 3806 nuris
523 3756 645 3805 esernili
659 3757 748 3807 iusriis
789 3758 815 3818 6,
838 3765 855 3808 4
880 3758 963 3809 millis
980 3756 1016 3821 (l)
1058 3756 1083 3816 l,
1102 3762 1117 3807 2
1137 3772 1182 3807 cos
1197 3758 1302 3823 pluris}

240 3860 413 3908 consectsudo
455 3859 480 3917 8,
508 3865 524 3908 2
548 3867 578 3907 ut
594 3873 642 3909 nos
685 3861 833 3924 elycidum
881 3843 1309 3927 xl,1‚1excigutosemop}

241 3944 524 4009 miliaquisacrificiis
547 3960 626 3995 censa
654 3952 816 3998 euenerunt
849 3947 875 4007 2,
898 3952 909 3996 l
929 3960 1013 4009 neque
1034 3945 1124 4012 (Grpe.
1144 3946 1255 4012 usque)
1272 3948 1306 3998 Δ.
1379 3944 1382 3949 ’

242 4027 318 4081 Pera
356 4038 371 4080 2
392 4046 427 4081 m.
446 4031 540 4082 surium
559 4032 634 4083 Fron.
652 4032 691 4083 ΙΙ.
728 4034 888 4083 trehellum
907 4035 1030 4083 miseruut
1047 4048 1164 4097 quercum
1184 4041 1309 4097 conperta

237 4113 267 4173 -3‚
288 4122 297 4164 t
320 4115 398 4182 Grpe.
418 4125 445 4165 et
462 4125 492 4166 nt
508 4120 543 4168 A.
563 4120 691 4169 Hostilius
726 4111 880 4184 (uacet)
922 4118 1034 4183 tGrpn.
1059 4116 1311 4183 subrogandisledi·

238 4214 298 4250 ecre
312 4203 318 4265 Ι
332 4204 452 4254 inunctio
470 4205 576 4253 comitis
592 4212 699 4269 possent
714 4205 771 4270 My.
787 4206 844 4257 Em.
861 4205 918 4257 552
945 4202 1037 4269 (Gr-yn
1057 4204 1178 4254 Ianuario
1202 4204 1311 4255 comitis

241 4286 329 4339 heberi
346 4291 466 4355 possent)
506 4296 568 4341 8et
584 4300 614 4340 ut
632 4306 735 4356 quoque
752 4291 836 4357 primo
855 4301 969 4354 tempore
1009 4289 1037 4347 4,
1059 4295 1070 4337 t
1091 4305 1126 4339 m.
1146 4290 1216 4341 racio
1234 4290 1309 4358 aaa.

271 4389 558 4441 nrumsxreeumvtgu
586 4393 633 4433 vu
1092 4380 1108 4424 ⁹
