3475 5084
350 513 353 518 4
431 449 467 499 40
852 443 983 491 Periocha

388 640 503 687 Eumene
529 655 588 701 rege
608 617 726 701 Pergami
754 648 779 687 et
798 641 890 690 Gentio
913 656 972 703 rege
991 640 1151 703 lllyriorum,
1178 640 1237 701 quia
1257 641 1287 689 iis
1306 641 1447 703 pecuniam.

388 746 463 794 quam
482 734 642 794 promiserat,
662 746 713 780 nou
733 733 819 795 dabat,
838 734 940 782 relictus
959 734 991 781 ab
1011 734 1041 781 iis
1060 741 1106 781 est.

797 893 846 942 EX
865 894 931 942 LIB,
952 892 1033 943 XLV.

456 1004 566 1053 Perseus
596 1008 629 1055 ab
653 1008 760 1057 AEmilio
783 1009 866 1057 Paulo
894 1009 920 1056 iu
947 1007 1112 1057 Samothrace
1141 1014 1230 1070 captus
1262 1016 1307 1055 est.
1364 1003 1448 1064 Quum

390 1097 532 1146 Antiochus
547 1097 626 1161 Syria
645 1114 691 1147 rex
703 1098 868 1149 Ptolemaeum
889 1111 913 1149 et
926 1098 1088 1163 Cleopatram
1103 1098 1210 1162 AEgypti
1230 1112 1302 1159 reges
1321 1098 1449 1145 obsideret

387 1198 412 1237 ct
431 1190 515 1240 missis
537 1193 569 1239 ad
589 1206 645 1240 eum
671 1207 687 1239 a
705 1202 795 1241 senatu
812 1194 919 1255 legatis,
947 1194 989 1255 qui
1009 1193 1137 1251 iuberent,
1166 1192 1198 1239 ab
1225 1191 1359 1239 obsidione
1388 1190 1449 1238 socii

386 1284 452 1345 regis
472 1283 612 1339 absisteret,
637 1284 763 1348 editisque
781 1287 908 1333 mandatis
928 1287 1144 1333 consideraturum
1163 1299 1199 1341 se,
1225 1283 1286 1345 quid
1301 1282 1449 1330 faciendum

384 1382 458 1433 esset,
479 1376 657 1440 respondisset,
677 1392 743 1425 uuus
763 1392 795 1425 ex
814 1378 904 1439 legatis
917 1378 1033 1441 Popilius
1051 1379 1123 1439 virga
1141 1390 1228 1438 regem
1249 1374 1450 1437 circumscripsit

384 1468 520 1531 iussitque,
566 1477 704 1532 autequam
739 1471 834 1518 circulo
868 1472 1017 1529 excederet,
1058 1483 1204 1532 responsum
1245 1468 1325 1515 daret.
1396 1462 1451 1523 Qua

384 1561 517 1623 asperitate
537 1561 629 1619 effecit,
649 1570 676 1610 ut
690 1562 834 1611 Anu'ochus
853 1564 947 1612 bellum
968 1564 1101 1611 omitteret.
1139 1560 1294 1621 Legationcs
1313 1558 1450 1619 gratulan-

384 1641 448 1699 tium
466 1654 619 1715 populorum
638 1662 715 1717 atque
735 1667 822 1716 regum
841 1658 866 1704 in
887 1653 1125 1712 separaremus,
1151 1653 1325 1709 Rhodiorum,
1353 1650 1398 1713 qui
1420 1664 1450 1697 eo

384 1743 452 1793 bello
472 1754 561 1793 contra
577 1747 700 1809 populum
718 1746 863 1795 Romanum
883 1748 955 1797 Persi
972 1749 1100 1803 laverant,
1129 1745 1241 1793 exclusa.
1278 1743 1393 1791 Postera
1412 1743 1450 1789 die

385 1852 461 1899 quum
479 1840 511 1886 de
530 1853 560 1886 co
580 1849 746 1900 quaereretur,
775 1850 803 1886 ut
822 1838 857 1886 eis
877 1838 973 1887 bellum
991 1840 1152 1895 indiceretur,
1183 1852 1287 1885 causam
1306 1836 1334 1882 in
1355 1844 1450 1883 senatu

383 1929 470 1991 patrita
495 1944 546 1978 suae
576 1932 654 1993 legati
680 1940 798 1993 egerunt3
828 1945 875 1979 nec
901 1940 1023 1993 tauquam
1047 1932 1111 1980 socii
1140 1945 1186 1978 nee
1213 1940 1335 1992 tanquam
1363 1929 1450 1976 hostes

383 2022 489 2071 dimissi.
528 2022 681 2071 Macedonia
705 2024 731 2071 iu
756 2024 891 2087 provinciae
917 2024 1023 2073 formam
1053 2025 1161 2072 redacta.
1199 2021 1321 2071 AEmilius
1340 2021 1450 2077 Paulus,

383 2116 585 2175 repugnantibus
609 2117 734 2164 militibus
766 2118 845 2179 ipsius
869 2126 972 2180 propter
1002 2116 1125 2163 minorem
1150 2117 1261 2180 praedam
1288 2123 1314 2162 et
1346 2124 1451 2163 contra-

383 2205 483 2253 dicente
502 2205 556 2256 Ser.
577 2208 691 2273 Sulpicio
710 2208 802 2268 Galba,
833 2209 996 2272 triumphavit
1028 2218 1053 2257 et
1072 2209 1168 2257 Persen
1196 2223 1251 2256 cum
1278 2209 1361 2256 tribus
1390 2208 1449 2255 filiis

382 2299 456 2345 (luxit
480 2309 538 2348 ante
565 2316 675 2351 currum.
713 2302 791 2351 Cuius
815 2302 937 2365 triumphi
960 2301 1048 2349 laetitia
1070 2316 1101 2349 ne
1125 2301 1208 2349 solida
1231 2303 1254 2348 ei
1277 2302 1449 2363 contingeret,

383 2392 489 2440 duorum
499 2394 609 2443 liliorum
620 2394 751 2444 funeribus
761 2396 882 2457 insignita
897 2403 943 2453 est,
964 2409 1071 2457 quorum
1088 2394 1191 2443 alterius
1205 2409 1272 2443 mors
1288 2395 1447 2457 triumphum

382 2485 462 2545 patris
479 2488 623 2549 praecessit,
650 2488 754 2535 alterius
781 2496 868 2536 secuta
891 2497 937 2538 est.
974 2489 1093 2537 Lustrum
1112 2504 1127 2536 a
1147 2488 1294 2535 censoribus
1314 2488 1448 2534 eonditum

383 2584 432 2633 est3
451 2591 527 2627 censa
546 2592 605 2629 suut
623 2582 713 2629 civium
732 2582 817 2643 capita
838 2566 957 2629 cffc‘ffil
976 2579 1104 2629 Dcccv,
1143 2581 1246 2629 Prusias
1257 2579 1389 2642 Bithyniae
1405 2594 1450 2625 rex

383 2668 500 2729 Romam,
525 2679 553 2719 ut
571 2674 670 2722 senatui
689 2674 784 2735 gratias
803 2684 892 2734 ageret
910 2675 942 2723 ob
962 2674 1094 2722 victoriam
1114 2688 1145 2721 ex
1164 2672 1319 2721 Macedonia
1337 2680 1449 2734 partam,

382 2762 450 2809 veuit
474 2773 499 2811 et
517 2764 675 2814 Nicomeden
698 2765 777 2813 filium
805 2766 903 2815 senatui
927 2766 1119 2814 commendavit.
1157 2766 1213 2813 Rex
1237 2766 1330 2829 plenus
1356 2763 1448 2812 adula-

381 2850 458 2903 tionis
476 2856 594 2907 lihertum
614 2875 640 2907 se
657 2859 745 2922 populi
763 2859 873 2907 Romani
893 2858 1002 2907 dicebat.

785 3020 834 3067 EX
852 3020 919 3069 LIB.
940 3019 1036 3069 XLVI.

452 3130 580 3181 Eumenes
599 3151 643 3183 rex
652 3136 760 3184 Romam
781 3138 859 3194 veuit,
879 3136 921 3200 qui
940 3136 1108 3185 Macedonico
1127 3134 1195 3183 bello
1215 3133 1327 3181 medium
1348 3144 1446 3196 egerat.

382 3220 420 3268 Ne
448 3233 492 3288 aut
517 3226 597 3277 hostis
625 3229 751 3277 iudicatus
770 3230 909 3287 videretur,
942 3230 962 3277 si
996 3229 1115 3276 exclusus
1143 3237 1222 3284 esset,
1250 3233 1294 3273 aut
1320 3225 1446 3275 liberatus

381 3314 494 3365 crimine.
514 3319 534 3366 si
554 3322 738 3378 admitteretur,
756 3324 781 3370 in
801 3336 934 3369 commuue
954 3322 996 3369 lex
1016 3320 1068 3369 lata
1087 3329 1133 3376 est,
1153 3335 1184 3367 ne
1202 3320 1243 3367 cui
1262 3319 1317 3380 regi
1335 3320 1446 3367 Romam

381 3409 466 3455 venire
490 3410 585 3460 liceret,
624 3411 746 3463 Claudius
765 3414 904 3463 Marcellus
932 3428 983 3463 cos.
1004 3414 1114 3476 Alpinos
1134 3411 1238 3471 Gallos,
1265 3410 1294 3459 C.
1315 3411 1446 3474 Sulpicius

382 3500 472 3550 Gallus
497 3518 547 3553 eos.
577 3506 683 3567 Ligures
708 3509 817 3569 subegit.
866 3507 959 3568 Legati
990 3506 1089 3555 Prusiae
1119 3506 1186 3566 regis
1211 3504 1294 3567 questi
1328 3514 1390 3552 sunt
1415 3505 1445 3551 de

381 3593 509 3655 Eumene,
540 3599 606 3659 quod
626 3598 689 3646 lines
715 3614 775 3647 suos
798 3600 976 3663 popularetur,
1008 3600 1177 3659 dixeruntque
1200 3610 1257 3644 eum
1283 3598 1445 3659 conspirasse

365 3697 439 3734 vcum
464 3688 593 3737 Antiocho
621 3693 739 3741 adversus
766 3692 888 3756 populum
915 3694 1067 3742 Romanum.
1105 3689 1221 3739 Societas
1251 3703 1307 3737 cum
1334 3689 1445 3738 Rhodiis

382 3779 577 3841 deprecantibus
590 3785 683 3833 iuncta
711 3792 758 3834 est.
795 3784 914 3833 Lustrum
934 3784 1116 3852 alceusoribus
1142 3782 1272 3830 conditum
1292 3790 1342 3842 est3
1367 3796 1444 3831 censa

290 3855 294 3863 ⁴
381 3879 443 3920 sunt
460 3872 551 3922 civium
578 3878 662 3940 capita
681 3862 881 3929 Utrcx‘xffil
899 3878 990 3937 XX113
1009 3879 1126 3943 princeps
1145 3883 1247 3923 senatus
1265 3875 1304 3926 M.
1322 3875 1444 3923 AEmilius

381 3966 502 4029 Lepidus,
539 3968 694 4021 Ptolemaeus
703 3972 810 4036 AEgypti
824 3987 878 4032 rex,
896 3971 985 4035 pulsus
1005 3985 1083 4033 regno
1104 3985 1120 4016 a
1135 3968 1233 4016 minore
1252 3965 1339 4026 fratre,
1358 3970 1443 4018 missis

382 4060 415 4106 ad
440 4075 497 4109 eum
524 4063 615 4125 legatis
641 4066 771 4114 restitutus
797 4072 842 4114 est.
885 4065 1022 4113 Ariarathe
1048 4061 1217 4127 Cappadocia
1244 4075 1303 4123 rege
1333 4070 1441 4124 mortuo,

380 4152 448 4201 lilius
481 4155 535 4203 eius
563 4158 712 4206 Ariarathes
739 4172 845 4219 reguum
885 4158 984 4222 accepit
1015 4163 1041 4204 et
1076 4155 1215 4203 amicitiam
1253 4169 1311 4203 cum
1347 4154 1441 4218 populo

385 4246 498 4294 Romano
524 4263 570 4311 per
594 4249 692 4310 legatos
720 4251 856 4298 renovarit.
896 4250 948 4300 Res
979 4259 1101 4313 praterea
1133 4249 1253 4296 adversus
1278 4247 1387 4307 Ligures
1417 4258 1441 4294 et
