3475 5084
510 546 566 599 170
768 540 847 591 Liber
863 538 960 590 XLIV.
1001 540 1049 603 (A.
1071 554 1095 590 u.
1116 554 1137 590 c.
1152 540 1227 603 586.)

407 728 441 782 10
465 724 583 793 abesse,
616 724 684 799 quin
709 735 857 799 poteretur
877 744 967 801 regno
996 726 1231 801 opulentissimo,
1265 726 1424 783 videbatur.
1473 725 1507 781 lle

464 829 553 904 legati
576 840 728 903 querentes
747 832 874 888 orabant
894 840 1046 901 senatum,
1074 838 1106 887 ut
1128 850 1212 907 opem
1240 832 1332 906 regnd
1355 830 1507 905 regibusque

407 939 439 993 ll
465 933 566 990 amicis
587 934 709 1010 imperio
731 934 849 993 ferrent.
904 935 951 993 Ea
973 934 1076 992 merita
1097 934 1196 1011 populi
1223 936 1351 995 Romani
1372 936 1402 992 iu
1422 934 1507 993 Antio·

464 1038 561 1108 chum,
583 1058 646 1097 eam
670 1051 742 1117 aput
763 1058 863 1098 omnes
884 1058 968 1115 reges
990 1050 1148 1115 gentesque
1170 1042 1372 1099 auctoritatem
1395 1058 1460 1106 asse,
1479 1048 1507 1095 ut.

464 1141 489 1197 si
511 1142 624 1218 legatos
648 1146 802 1217 misissent,
824 1146 873 1220 qui
895 1146 1107 1215 denuntiarent,
1129 1131 1187 1202 non
1209 1145 1325 1222 placere
1339 1144 1456 1214 senatui,
1474 1162 1507 1199 su

464 1246 516 1303 ciis
545 1249 662 1324 regibus
692 1251 798 1308 bellum
819 1250 900 1317 fieri,
936 1250 1082 1326 extemplo
1117 1252 1305 1309 abscessurus
1338 1270 1357 1307 a
1389 1249 1507 1306 maenibus

408 1349 443 1406 12
465 1352 661 1411 Alexandreae
683 1347 919 1429 abducturusque
941 1356 1098 1412 exercitum
1120 1355 1149 1413 iu
1172 1355 1288 1433 Syriam
1314 1362 1399 1413 esset.
1441 1350 1508 1425 Quod

464 1458 489 1515 si
511 1469 680 1517 cunctentur
700 1459 806 1530 faeere,
828 1460 911 1518 brevi
932 1472 1063 1517 extorres
1084 1478 1175 1535 reguo
1197 1460 1389 1518 Ptolemaeum
1404 1469 1431 1516 et
1441 1458 1509 1515 Cleo·

465 1575 578 1639 petram
602 1566 727 1623 Romam
750 1576 897 1634 venturos,
920 1584 984 1622 cum
1010 1566 1120 1641 pudore
1144 1566 1270 1640 quodam
1283 1564 1384 1641 populi
1395 1562 1509 1624 Romani.

465 1670 544 1743 quod
566 1670 673 1727 nullam
697 1688 782 1745 opem
813 1670 843 1726 in
872 1669 974 1726 ultimo
996 1669 1161 1727 discrimine
1183 1667 1366 1726 fortunarum
1390 1670 1509 1727 tulissent.

405 1770 441 1827 13
464 1775 538 1831 Moti
567 1785 665 1849 patres
695 1776 829 1850 precibus
855 1776 1121 1835 Alexandrinorum
1156 1774 1303 1850 extemplo
1326 1774 1360 1833 C.
1384 1774 1510 1849 Popilium

465 1878 614 1936 Laenatem
633 1889 662 1936 et
683 1879 718 1941 C.
740 1881 905 1939 Decimium
928 1891 957 1939 et
978 1880 1013 1939 O.
1035 1880 1193 1939 Hostilium
1214 1881 1328 1956 legatos
1360 1881 1398 1938 ad
1428 1879 1511 1936 finien-

406 1981 441 2037 14
464 1983 533 2040 dum
564 1985 639 2042 inter
673 2002 757 2059 reges
785 1986 891 2043 bellum
922 1986 1070 2043 miserunt.
1123 1986 1210 2044 Prius
1237 1986 1433 2056 Antiochum,
1460 1984 1512 2041 dein
1550 1992 1551 2061 t

464 2087 653 2146 Ptolemaeum
676 2091 757 2148 adire
777 2091 863 2162 iussi,
893 2100 923 2148 et
944 2090 1093 2159 nuntiare,
1126 2091 1156 2149 ni
1178 2092 1338 2150 absistatur
1359 2090 1443 2161 bello,
1473 2107 1512 2164 per
1550 2126 1551 2151 t

464 2202 559 2249 utrum
581 2193 722 2266 stetisset,
757 2214 823 2253 eum
854 2214 912 2252 nou
941 2214 994 2272 pro
1022 2194 1117 2253 amico
1149 2215 1203 2255 nec
1234 2215 1289 2273 pro
1311 2196 1393 2255 socio
1414 2194 1512 2252 habitu·
1550 2216 1551 2243 ;

462 2316 512 2355 ros
534 2317 607 2357 esse.
1434 2284 1441 2295 ⁸

380 2391 423 2463 20
547 2403 604 2461 His
631 2404 709 2461 intra
733 2404 859 2461 triduum
891 2404 976 2461 simul
1009 2422 1073 2461 cum
1102 2406 1206 2480 legatis
1229 2404 1438 2464 Alexandrinis
1458 2422 1512 2479 pru·

463 2507 563 2579 fectis,
594 2507 684 2581 legati
716 2527 753 2565 ex
781 2509 957 2566 Macedonia
985 2508 1207 2584 quinquatribus
1234 2510 1343 2569 ultimis
1372 2512 1446 2569 adeo
1473 2528 1512 2566 ex·

463 2613 572 2687 pectati
592 2622 741 2683 venerunt,
765 2623 809 2683 ut,
830 2614 887 2671 nisi
908 2632 1013 2689 vesper
1034 2624 1126 2687 esset,
1156 2616 1302 2692 extemplo
1323 2626 1454 2673 senatum
1473 2633 1512 2670 vo·

423 2714 440 2769 2
464 2718 557 2775 caturi
579 2717 712 2774 consules
740 2717 853 2777 fuerint.
912 2720 1036 2777 Postero
1069 2718 1116 2776 die
1149 2731 1266 2778 senatus
1298 2721 1354 2778 fuit
1384 2720 1512 2795 legatique

464 2821 555 2879 auditi
577 2831 653 2881 sunt.
700 2822 727 2878 li
748 2823 900 2893 nuntiant,
927 2824 1039 2882 maiore
1072 2826 1200 2901 periculo
1222 2845 1310 2900 quam
1333 2828 1512 2883 emolumento

389 2974 394 2985 .
422 2925 439 2980 3
463 2926 621 2984 exercitum
652 2945 705 3001 per
730 2926 825 2984 invios
853 2927 946 2985 saltus
974 2929 1004 2985 in
1027 2930 1230 2987 Macedoniam
1252 2931 1412 2988 inductum.
1458 2930 1513 2988 Pia-

463 3031 546 3103 riam,
569 3051 626 3106 quo
648 3032 852 3107 processisset,
873 3052 971 3109 regem
994 3046 1105 3104 teuere;
1131 3045 1228 3093 castra
1249 3036 1353 3093 castris
1375 3056 1465 3113 prope
1483 3036 1512 3091 ita

462 3137 580 3195 conlata
612 3154 692 3206 essa,
725 3147 758 3194 ut
786 3139 904 3196 flumine
927 3139 1020 3215 Elpeo
1050 3140 1199 3197 interiecto
1233 3153 1403 3210 arceantur3
1434 3158 1512 3213 neque

461 3261 560 3318 regem
582 3241 730 3318 pugnandi
752 3254 925 3318 potestatem
948 3243 1055 3315 facere,
1075 3264 1130 3303 uec
1150 3245 1257 3303 uostris
1278 3246 1338 3303 vim
1361 3246 1513 3320 ad'cogeu-

422 3347 439 3399 t
462 3347 530 3405 dum
554 3366 626 3407 asse.
660 3345 794 3404 Hiemem
817 3349 904 3405 etiam
928 3349 1047 3425 insuper
1067 3351 1153 3407 rebus
1169 3350 1303 3426 gerendis
1325 3351 1512 3409 intervenisse:

462 3454 508 3509 mla
528 3454 557 3509 in
579 3453 639 3509 otio
662 3451 780 3509 militem
804 3453 857 3521 ali,
879 3472 933 3511 uec
953 3456 1019 3530 plus
1041 3473 1129 3528 quam
1152 3474 1204 3513 sex
1226 3456 1331 3513 dierum
1353 3455 1512 3515 frumentum

463 3694 576 3759 tumn.
595 3694 719 3758 potiretur
746 3694 789 3754 10,
808 3701 823 3745 Ξ
843 3704 986 3760 quarentes
1010 3696 1121 3746 3l'erunt
1153 3698 1218 3757 11‚1
1240 3698 1388 3747 anthiocum
1421 3704 1511 3747 uentu

463 3781 556 3829 tierent
583 3785 694 3831 hesseut
722 3780 907 3845 12,2reguum
926 3783 1080 3846 ptolemeum
1110 3783 1235 3833 tuullam
1249 3799 1321 3848 spem
1359 3782 1511 3848 13‚lpraci·

443 3867 510 3917 hus
535 3868 540 3929 Ι
564 3866 687 3931 popilium
710 3867 822 3930 legatum
858 3868 964 3931 elegea
1006 3868 1048 3928 14,
1078 3871 1259 3919 lanthioccm
1302 3876 1316 3917 2
1342 3866 1510 3935 ptolemeum!

463 3970 749 4020 unutiareutabsistatur
784 3971 846 4028 XX,
855 3970 880 4029 1,
894 3976 904 4020 l
918 3971 1049 4035 proiectus
1078 3978 1132 4023 aut
1151 3974 1175 4021 ui
1195 3970 1327 4039 nielleset
1353 3972 1512 4034 acaunum

462 4056 587 4107 uindneit
621 4056 647 4115 3,
666 4062 681 4105 3
703 4056 841 4122 epeisMp.
854 4056 944 4123 (Gryu.
959 4059 1069 4123 Enipeo)
1105 4058 1130 4118 4,
1153 4066 1162 4108 1
1184 4060 1210 4109 iu
1229 4060 1338 4109 hiemem
1358 4062 1435 4111 etiam
1454 4063 1512 4123 inspe

462 4144 538 4193 rebus
558 4141 649 4193 Vahlen
662 4141 753 4207 (Gryn.
774 4143 892 4206 hyemem
913 4156 989 4193 enam
1008 4160 1123 4209 asperum
1142 4146 1232 4208 rebus)
1248 4148 1437 4205 {interuenisse
1455 4146 1512 4196 notio
1551 4168 1552 4171 =

461 4230 536 4278 militi
557 4228 600 4279 s'lii
620 4243 668 4277 nec
683 4226 759 4293 (ἶφι.
779 4228 816 4291 (in
835 4230 888 4280 otio
906 4230 1025 4288 militem)
1038 4232 1181 4282 eth'zon.
1203 4232 1262 4296 (vix
1279 4234 1324 4282 etsi
1340 4232 1391 4284 ulio
1409 4232 1472 4296 loco)
1501 4236 1511 4276 2

461 4329 538 4378 quum
557 4330 583 4364 ιιι
601 4314 758 4364 frumentum
777 4312 861 4380 sipon.
