3475 5084
567 529 646 581 uno
662 529 734 580 xm.
770 529 817 595 (a.
839 530 900 580 car.
920 531 991 595 ιιι.)
1235 537 1272 593 2⁷

247 722 326 784 sent3
354 732 410 771 nec
436 714 512 770 enim
533 722 594 771 tam
616 723 731 773 atroces
752 716 842 774 fnisse
864 735 929 787 eas,
957 725 1067 772 utnon
1089 732 1153 772 cum
1174 715 1240 791 ipso
1262 734 1316 791 po·

246 819 357 876 tuerint
379 837 415 875 ac
437 819 589 875 debuerint
609 820 693 876 liniri.
735 819 840 878 Secum
863 821 980 895 quidem
1006 820 1104 877 omnia
1125 819 1182 877 illis
1202 820 1317 894 integra
1340 823 1357 876 8

246 941 313 980 esse
346 925 389 980 ad
419 924 623 982 instituendam
656 924 779 982 fideliter
812 924 979 982 amicitiam.
1038 923 1111 980 Cum
1140 924 1315 982 Achnorum

248 1027 380 1085 maxime
401 1040 488 1103 gente
508 1029 729 1086 reconciliandae
750 1030 852 1104 gratie
874 1030 951 1086 viam
975 1029 1133 1103 quaerebat.

345 1133 419 1189 Haec
457 1151 516 1189 una
555 1152 593 1190 ex
635 1134 714 1190 omni
755 1134 872 1191 Graecia
908 1151 980 1208 gens
1026 1140 1054 1189 et
1094 1130 1314 1188 Atheniensium
1358 1125 1399 1196 23

247 1235 353 1293 civitas
380 1256 424 1308 eo¹
438 1219 621 1312 processerat
641 1238 767 1307 irarum,
790 1247 823 1293 ut
841 1239 947 1296 finibus
973 1235 1157 1294 interdiceret
1176 1235 1316 1292 Macedo·

247 1340 345 1400 nibus.
394 1343 500 1416 Itaque
526 1342 650 1399 servitiis
685 1360 723 1398 ex
749 1343 865 1399 Achaia
895 1342 1072 1417 fugientibus
1103 1337 1316 1414 receptaculum
1339 1341 1357 1397 2

248 1445 428 1502 Macedonia
447 1456 525 1515 erat,
555 1447 639 1520 quia,
668 1464 733 1503 eum
761 1447 866 1504 tinibus
888 1447 947 1503 suia
969 1448 1003 1502 iis
1025 1444 1250 1510 interdixissem,
1272 1443 1315 1500 in·

249 1557 329 1605 trare
360 1551 443 1624 regni
477 1550 617 1607 terminos
647 1551 704 1626 ipsi
736 1570 794 1607 non
826 1552 982 1609 audebant.
1031 1549 1065 1605 ld
1095 1566 1159 1604 cum
1190 1549 1316 1606 Perseus
1339 1551 1355 1606 3

248 1653 520 1737 animadvertisset,
548 1655 715 1730 conprensis
736 1656 886 1724 omnibus,
916 1653 1017 1710 liuere
1038 1653 1123 1707 m.
1170 1650 1315 1724 Ceterum,

248 1773 286 1812 ne
307 1757 411 1813 similis
432 1757 504 1832 fuga
517 1777 668 1816 servorum
684 1770 787 1834 postea
800 1761 892 1831 lieret,
914 1758 1099 1833 cogitandum
1122 1765 1151 1813 et
1170 1755 1227 1812 illis
1242 1775 1315 1814 esse.

248 1861 392 1918 Recitatis
418 1864 464 1920 his
491 1863 594 1920 litteris
621 1882 674 1940 per
702 1865 891 1920 Xenarchum
920 1874 1091 1938 pratorum,
1119 1862 1169 1935 qui
1195 1863 1356 1938 privatae4

247 1967 352 2039 gratiae
374 1966 484 2023 aditum
506 1979 578 2042 aput
599 1986 696 2042 regem
718 1969 876 2041 quaerebat,
900 1979 929 2023 et
951 1967 1095 2042 plerisque
1117 1968 1266 2025 moderate
1288 1977 1316 2024 et

249 2071 375 2144 benigne
397 2073 521 2147 scriptas
543 2090 607 2128 esse
635 2074 818 2129 censentibus
839 2073 967 2141 litterae,
997 2071 1092 2144 adque
1113 2073 1148 2128 iis
1170 2091 1315 2142 maxume,

249 2176 299 2247 qui
321 2186 428 2250 praeter
448 2195 529 2251 spem
551 2177 695 2251 recepturi
716 2189 812 2234 essent
833 2177 942 2233 ambae
964 2175 1124 2250 mancipia,
1146 2176 1315 2236 Callicrates
1339 2183 1355 2236 5

248 2281 354 2348 exiis,
376 2281 476 2355 quiin
498 2301 534 2338 eo
560 2282 634 2338 verti
665 2282 787 2338 salutem
815 2282 909 2357 gentis
931 2281 1095 2348 crederent,
1122 2280 1233 2337 sicum
1253 2281 1315 2338 Ro·

249 2385 345 2439 manis
360 2385 529 2444 inviolatum
547 2363 641 2444 ioedus
659 2397 832 2457 servaretur,
850 2387 987 2456 „Parva“
1004 2385 1097 2459 inquit
1118 2393 1187 2452 „aut
1205 2384 1314 2440 medio·
1338 2391 1355 2446 6

249 2489 307 2544 cris
330 2507 394 2560 res,
416 2493 535 2562 Achaei,
557 2492 730 2565 quibusdam
753 2491 868 2546 videtur
889 2491 953 2566 agi3
979 2507 1034 2564 ego
1057 2506 1223 2545 maxumam
1247 2504 1315 2561 gra·

248 2588 459 2669 vissimumque
470 2597 599 2654 omnium
611 2615 669 2652 non
681 2595 729 2669 agi
743 2604 855 2651 tantum
873 2596 1007 2666 arbitror,
1022 2593 1072 2651 sed
1088 2592 1214 2666 quodam
1227 2591 1315 2648 modo

247 2710 347 2754 actam
377 2719 451 2757 esse.
500 2702 578 2758 Nam
607 2701 657 2773 qui
682 2678 801 2774 regibus
825 2701 1018 2756 Macedonum
1047 2697 1316 2770 Macedonibusque

247 2805 321 2880 ipsis
343 2807 449 2862 finibus
469 2806 726 2873 interdixissemus,
745 2816 882 2862 caventes
904 2805 1006 2880 perid
1031 2805 1175 2861 decretum
1198 2801 1315 2872 scilicet,
1339 2803 1354 2856 7

248 2929 286 2966 ne
301 2911 427 2985 legatos,
444 2930 480 2968 ne
498 2911 614 2967 nuntios
631 2910 849 2967 admitteremus
864 2928 976 2984 regum,
995 2929 1046 2985 per
1061 2927 1133 2983 quos
1150 2907 1314 2979 aliquorum

247 3034 288 3070 ex
308 3017 396 3072 nobis
418 3016 506 3073 enimi
527 3016 767 3086 sollicitarentur,
795 3016 817 3071 ii
840 3015 1053 3072 contionantem
1078 3011 1203 3087 quodam
1227 3011 1315 3066 modo

248 3119 401 3175 absentem
425 3121 558 3177 audimus
589 3111 704 3196 regem,
733 3130 777 3190 et,
809 3121 834 3176 si
860 3120 904 3177 dis
932 3118 1044 3194 placet,
1071 3117 1231 3172 orationem
1253 3116 1315 3171 eius

248 3226 421 3297 probamus.
458 3227 506 3296 Et,
528 3244 593 3282 cum
614 3226 684 3283 ferae
705 3226 805 3282 bestia
826 3224 921 3281 cibum
943 3223 981 3280 ad
1002 3222 1134 3280 fraudem
1157 3239 1239 3276 suam
1261 3237 1314 3294 po·
1337 3218 1356 3275 8

248 3327 337 3384 situm
367 3330 539 3404 plerumque
567 3339 759 3404 aspernentur
788 3338 817 3386 et
843 3327 1005 3402 refugiant,
1033 3344 1087 3383 nos
1117 3325 1185 3384 eaeci
1219 3325 1315 3400 specie

247 3553 276 3611 8,
298 3559 308 3601 l
330 3556 477 3616 integresse
494 3557 679 3605 instituendam
716 3564 873 3605 saccorum
912 3556 1095 3618 aquerebant
1139 3554 1313 3614 xxn1‚1‚1

248 3659 441 3708 atenieusium‘
467 3667 481 3708 2
510 3674 613 3709 .rarum
629 3659 634 3725 Ι
650 3635 829 3708 interdicerete
844 3658 1029 3707 macedonibus
1082 3657 1106 3715 2,
1132 3665 1145 3705 2
1166 3659 1197 3706 iis
1216 3656 1318 3707 addidit

248 3743 365 3792 Perizon.
415 3746 445 3803 3,
465 3753 480 3793 2
499 3747 740 3796 animaduertissent
764 3747 768 3807 Ι
792 3746 884 3793 liuere
903 3753 1014 3792 ceterum
1034 3741 1124 3806 (Grpe.
1150 3744 1254 3802 litteras,
1274 3745 1317 3808 qui

248 3829 610 3894 lacunotnmterbconotaot't)
651 3832 678 3891 4,
700 3838 711 3881 l
733 3832 863 3880 recitantis
910 3829 1080 3877 amoderatae
1121 3835 1135 3876 θ
1155 3829 1195 3877 his
1214 3829 1313 3893 Kreyss.

249 3937 382 3984 semisse
399 3912 546 4000 pmanoipia
595 3935 620 3994 5,
645 3941 655 3983 l
683 3935 832 3997 galligrates
868 3939 890 3992 2¹
904 3933 997 3996 quineo
1022 3933 1026 3992 Ι
1051 3934 1165 3980 crederet
1198 3938 1212 3980 3
1233 3932 1314 3980 uiola·
1340 3995 1342 4003 y

248 4029 304 4070 tum
353 4023 385 4082 6,
409 4028 419 4071 1
440 4025 528 4085 inquid
579 4021 688 4071 anchei
714 4022 719 4082 Ι
746 4033 866 4068 maxum
891 4019 1073 4080 grauissimam
1098 4017 1315 4078 omniumquenou

247 4108 391 4174 Rupertiue.
422 4109 516 4175 (Gryo.
536 4110 649 4159 maxime
668 4107 844 4169 gravissimam
863 4104 979 4154 omnium
1001 4117 1052 4150 uon
1071 4102 1177 4166 agique)
1216 4109 1231 4152 3
1251 4119 1315 4166 quo·

247 4191 406 4266 dammodao
434 4215 459 4273 7.
482 4220 492 4263 l
509 4212 731 4262 interdixissemus
744 4222 898 4270 manereque
910 4208 937 4256 id
950 4209 1079 4254 decretum
1100 4204 1155 4270 My.
1175 4205 1231 4256 Em.
1251 4205 1314 4257 sot.

249 4299 497 4370 acontiionrntem
533 4317 717 4380 tprcbatmns
752 4313 779 4371 8,
799 4319 810 4360 l
832 4313 884 4362 iere
922 4312 1030 4358 tenacis
