3475 5084
490 524 547 579 116
758 519 837 569 Liber
854 517 939 569 XLll.
970 518 1016 581 (A.
1036 534 1061 569 u.
1082 533 1103 569 e.
1125 518 1197 582 583.)

329 695 332 706 '
386 707 421 761 to
444 704 527 778 signe
547 702 686 760 militaria
703 712 790 777 capta
806 704 909 779 viginti
927 712 1047 779 septem.
1081 704 1145 761 Neo
1160 704 1340 761 incruentam
1355 702 1498 761 victoriam

444 809 550 878 fuisse;
582 826 671 882 supra
694 818 832 882 quattuor
852 809 933 866 milia
961 818 989 865 et
1011 818 1153 865 trecentos
1175 810 1211 865 de
1233 807 1361 867 exercitu
1383 808 1499 867 consulis

445 912 594 981 cecidisse3
615 913 700 987 signa
720 913 843 970 sinistrae
866 913 921 971 alre
943 913 1069 988 quinque
1091 913 1207 971 amissa.

362 1010 403 1081 67
526 1017 586 1073 Hie
613 1018 675 1074 dies
705 1025 734 1074 et
754 1018 897 1075 Romanis
926 1018 1028 1076 refecit
1054 1018 1168 1077 animos
1197 1026 1226 1076 at
1247 1019 1359 1077 Persea
1379 1017 1500 1091 perculit,

444 1131 489 1193 ut,
523 1123 584 1179 dies
611 1139 722 1196 peuoos
750 1122 789 1179 ed
816 1123 982 1199 Mopselum
1014 1132 1155 1193 moratus,
1187 1123 1343 1198 sepulturae
1374 1141 1501 1179 maxume

444 1228 567 1284 militum
597 1227 770 1284 amissorum
804 1247 888 1299 eura,
921 1228 1055 1303 praesidio
1086 1227 1156 1285 satis
1186 1227 1286 1283 valido
1310 1226 1348 1283 ed
1371 1226 1501 1285 Gonnum

404 1335 421 1389 2
443 1333 553 1403 relicto,
575 1333 605 1389 in
626 1325 829 1389 Macedoniam
848 1332 991 1407 reciperet
1012 1332 1121 1415 copisa
1156 1332 1343 1389 Timotheum
1366 1333 1501 1406 quendam

445 1456 482 1495 ex
508 1436 596 1511 regiis
622 1436 766 1510 praefectis
797 1456 862 1494 eum
891 1436 1006 1494 modios
1032 1455 1119 1493 manu
1147 1435 1282 1509 relinquit
1317 1438 1357 1493 ad
1386 1437 1502 1507 Philam,

342 1604 345 1609 ,
404 1540 421 1597 3
443 1542 554 1598 iussum
574 1541 728 1613 Magnetas
751 1560 788 1597 ex
810 1542 973 1616 propinquo
996 1550 1147 1615 temptare.
1182 1540 1256 1598 Cum
1278 1540 1394 1599 Pellam
1417 1542 1502 1597 venis·

444 1655 497 1715 aet,
518 1644 647 1701 exercitu
668 1643 698 1701 iu
715 1645 838 1703 hiberna
855 1645 984 1715 dimisso,
1001 1645 1064 1720 ipse
1081 1664 1145 1702 oum
1163 1644 1256 1720 Cotye
1267 1646 1501 1703 Thessalonicen

404 1752 422 1804 4
444 1758 488 1807 est
508 1749 666 1825 profectus.
698 1750 744 1806 Eo
765 1748 845 1807 fama
867 1748 1007 1816 adfertur,
1023 1749 1178 1819 Atlosbim‚
1201 1750 1331 1824 regulum
1351 1752 1502 1819 Thracum,

445 1864 474 1911 et
495 1854 673 1927 Corragum,
706 1853 845 1911 Eumenis
873 1852 1057 1928 praefectum,
1091 1854 1121 1909 in
1144 1852 1246 1929 Cotyis
1272 1856 1344 1911 fines
1371 1838 1502 1930 impetum

404 1957 422 2009 5
445 1957 549 2016 fecisse
577 1967 606 2013 et
626 1957 790 2031 regionem,
812 1958 953 2015 Marenen
978 1976 1065 2031 quam
1090 1968 1211 2027 vocant,
1243 1958 1363 2033 cepisse.
1408 1960 1503 2033 Itaque

444 2061 644 2119 dimittendum
665 2060 761 2137 Cotyn
783 2063 821 2118 ad
842 2062 1021 2119 suatuenda
1036 2073 1126 2132 ratus,
1148 2063 1263 2136 magnis
1280 2064 1502 2137 proficiscentem

443 2166 527 2223 donis
550 2166 744 2240 prosequitur.
777 2168 912 2225 Duoenta
927 2166 1047 2237 talenta,
1063 2177 1202 2223 semestre
1222 2169 1410 2243 stipendium,
1432 2167 1503 2242 equi-

403 2270 420 2325 6
443 2272 518 2329 tatui
538 2279 681 2341 numeret,
702 2289 767 2328 eum
789 2271 884 2347 primo
904 2290 1033 2332 annuum
1058 2271 1128 2328 dare
1151 2274 1352 2332 constituisset.
1379 2264 1503 2342 Consul,

442 2385 599 2452 postquam
621 2373 782 2449 profectum
797 2377 908 2433 Persea
923 2376 1042 2445 audivit,
1065 2377 1102 2432 ed
1122 2375 1260 2434 Gonnum
1282 2386 1381 2433 eastra
1406 2384 1503 2445 movet,

436 2481 468 2538 si
488 2480 576 2554 potiri
599 2478 707 2552 oppido
728 2488 837 2553 posset.
883 2482 962 2537 Ante
983 2480 1047 2554 ipsa
1069 2482 1182 2555 Tempe
1203 2482 1233 2537 in
1260 2480 1395 2538 faucibus
1425 2482 1501 2537 situm

441 2584 623 2643 Macedonia)
643 2584 771 2639 claustra
790 2584 935 2639 tutissima
955 2586 1064 2658 praebet
1093 2594 1122 2641 et
1143 2556 1185 2641 in·
1193 2586 1378 2642 Thessaliam
1404 2603 1502 2660 oppor-

403 2691 419 2744 'l
444 2698 543 2746 tunum
566 2687 776 2743 Macedonibus
797 2675 959 2744 decursum.
1012 2686 1085 2745 Cum
1108 2698 1137 2745 et
1159 2689 1224 2746 looo
1247 2700 1276 2747 et
1296 2690 1437 2764 praesidio
1457 2708 1502 2745 va-

440 2794 500 2850 lido
522 2791 755 2864 inexpugnabilis
776 2792 844 2847 urbs
866 2801 950 2862 esset,
974 2793 1085 2851 abstitit
1104 2793 1229 2868 ineepto.
1262 2796 1298 2853 In
1309 2795 1501 2853 Perrhaebiam

441 2897 524 2953 flexis
545 2895 710 2965 itineribus,
731 2895 851 2952 Mulloea
872 2896 967 2970 primo
990 2897 1099 2972 impetu
1121 2908 1207 2973 cepta
1229 2917 1264 2955 ae
1286 2899 1418 2973 direpta,
1441 2897 1500 2956 Tri·

362 3074 365 3077 <
403 3004 420 3059 8
443 3001 504 3077 poli
522 3000 638 3073 aliaque
654 2997 823 3054 Perrhaebia
841 3011 968 3077 recepta,
993 3002 1126 3059 Larisam
1146 3003 1241 3063 rediit.
1280 3003 1354 3060 Inde
1378 3005 1501 3061 Eumene

441 3108 538 3181 adque
561 3104 664 3163 Attalo
693 3103 811 3159 domum
831 3106 976 3177 remissis,
1004 3108 1150 3181 Misageni
1170 3108 1364 3182 Numidisque
1386 3109 1501 3165 hiberna

440 3213 471 3268 in
499 3209 649 3288 proxumis
671 3208 821 3265 Thessalis
850 3210 969 3267 urbibus
992 3211 1151 3283 distribuit,
1177 3221 1205 3269 et
1226 3223 1340 3287 partem
1363 3214 1500 3271 exereitus

441 3422 482 3481 10,
502 3428 517 3469 3
536 3422 639 3469 sinistra
657 3420 721 3467 elea
772 3420 883 3479 LXVII,
904 3419 928 3479 1,
948 3426 963 3469 3
983 3422 1135 3470 amissorum
1153 3402 1259 3470 euruarn
1275 3423 1279 3484 Ι
1295 3403 1409 3471 connum
1446 3424 1498 3482 2,l

439 3517 552 3558 moteum
576 3506 703 3569 quendam
749 3507 850 3567 bregis
867 3506 872 3568 Ι
888 3508 1015 3569 relinquid
1052 3509 1158 3557 3iussu
1174 3509 1177 3570 Ι
1195 3515 1220 3555 et
1238 3510 1384 3571 propinquo
1404 3508 1499 3573 Kreyss.

439 3645 530 3711 (Gryn.
545 3653 570 3693 et
581 3644 752 3707 propinquos)
788 3644 813 3703 3,
833 3652 847 3693 2
867 3646 1049 3694 tessalonicam
1085 3645 1111 3705 4,
1133 3653 1143 3695 l
1165 3603 1295 3695 atledibim
1311 3646 1358 3709 (H.
1372 3648 1499 3706 autlebimt

441 3750 445 3816 Ι
466 3755 564 3796 tracum
584 3747 733 3796 eorraohum
752 3749 866 3797 eumenis
884 3750 922 3811 p'r.
943 3751 980 3810 (et
998 3748 1058 3799 add.
1073 3749 1149 3798 Frobi
1158 3748 1211 3811 II.)
1262 3756 1283 3797 3·
1298 3748 1403 3799 fecisset
1421 3752 1499 3813 regie·

396 3888 400 3892 ,
438 3832 663 3896 nominarenem
710 3833 735 3893 5,
752 3840 768 3882 4
787 3836 913 3897 numeral
930 3851 1006 3883 anum
1026 3837 1087 3884 dere
1136 3835 1166 3894 6,
1187 3841 1201 3883 2
1222 3850 1333 3885 connum
1381 3838 1440 3885 3si
1458 3852 1499 3899 po·

438 3921 497 3969 tiori
513 3920 517 3981 Ι
532 3920 613 3982 ipsam
633 3926 718 3984 tempe
749 3926 764 3968 4
783 3922 948 3970 macedoniae
964 3921 968 3983 Ι
985 3922 1114 3970 tesseliam
1156 3920 1180 3980 7,
1201 3927 1215 3968 2
1235 3922 1446 3983 inexpugnabilis
1463 3937 1498 3972 res

438 4014 505 4056 esset
524 4006 599 4055 Gron.
616 4004 621 4069 Ι
636 4007 663 4053 in
686 4007 828 4069 perrebiam
854 4006 927 4053 flexit
972 4009 1098 4070 tulique
1116 4008 1233 4071 perrebiu
1249 4008 1253 4068 Ι
1270 4008 1337 4055 redit
1378 4010 1405 4070 8,
1428 4018 1438 4060 l
1459 4026 1499 4059 eu·

439 4107 532 4142 menen
577 4098 592 4139 2
615 4106 714 4139 romam
738 4093 850 4141 remissis
878 4093 882 4153 Ι
910 4091 1035 4141 misaehin
1057 4094 1218 4156 numidisque
1242 4093 1351 4143 hiberus
1369 4096 1427 4161 My.
1445 4097 1497 4147 Em.

439 4178 493 4229 549
511 4177 604 4243 (Gryn.
624 4177 782 4239 Misagenem
801 4176 977 4240 Numidasque
995 4179 1022 4228 iu
1039 4178 1156 4241 hiberna)
1194 4185 1209 4227 3
1230 4180 1329 4235 tesselis
