3475 5084
479 460 538 517 232
736 456 814 507 Liber
835 456 918 507 XLV.
968 456 1014 519 (A.
1034 471 1059 506 u.
1079 472 1101 507 o.
1121 458 1194 519 587.)

436 660 491 699 aua
517 651 620 718 sponte
648 642 687 699 ed
712 662 777 701 eum
807 663 877 703 mox
897 642 1046 702 ventura?
1089 622 1255 703 Aceesiisse
1276 642 1363 701 etiam
1384 660 1493 703 novam

437 756 636 823 tempestatem
656 766 745 823 regno
767 750 905 807 tumultus
928 748 1050 819 Gallici,
1073 750 1120 807 oui
1139 750 1191 808 vix
1212 766 1353 807 consensu
1374 758 1405 804 et
1426 766 1493 805 eon·

380 860 415 914 1³
438 853 537 912 eordia
557 872 658 929 regum
679 854 774 911 resieti
795 865 896 930 queat3
925 855 950 912 si
977 873 1048 912 vero
1077 856 1116 913 ad
1136 864 1285 913 externum
1314 853 1422 911 bellum
1443 854 1495 911 do-

437 960 556 1017 mastica
577 960 680 1019 reditio
701 959 852 1032 adiciatur,
871 960 934 1019 sisti
954 980 1012 1017 non
1032 978 1134 1035 poesa;
1154 978 1207 1017 neo
1222 959 1302 1017 aliud
1317 979 1381 1017 eum
1398 978 1496 1033 quam,

438 1083 475 1121 ne
494 1063 585 1123 frater
604 1065 635 1122 in
655 1083 745 1140 reguo
766 1066 915 1138 moriatur,
938 1066 995 1123 eibi
1014 1066 1070 1142 ipei
1097 1085 1178 1142 spem
1199 1067 1393 1142 propinquam
1416 1065 1498 1140 regni

381 1172 416 1226 ll
439 1178 612 1245 erepturum.
666 1169 698 1228 Si
724 1180 847 1247 utraque
877 1172 1006 1248 gloriosa
1026 1190 1072 1229 ree
1095 1180 1183 1242 esset,
1208 1180 1237 1227 et
1258 1188 1392 1229 servasse
1414 1170 1498 1228 fratri

438 1293 558 1351 reguum
582 1284 611 1333 et
633 1276 786 1351 eripuisse,
816 1278 923 1336 servati
946 1286 1044 1335 umen
1064 1276 1162 1352 regni,
1187 1294 1250 1351 qna
1274 1277 1374 1335 iuncta
1396 1275 1499 1351 pietati

439 1380 491 1450 sit,
522 1382 665 1457 potiorem
687 1382 801 1440 landem
828 1382 926 1441 famae.
969 1382 1028 1443 Sed
1055 1382 1200 1441 enimvero
1231 1368 1297 1439 olim
1320 1381 1500 1439 detestabilis

439 1485 531 1543 altera
551 1505 598 1543 res
621 1497 651 1545 et
670 1489 805 1564 proxima
825 1490 981 1566 parricidio
1007 1490 1058 1559 sit,
1092 1488 1159 1563 quid
1191 1488 1229 1545 ad
1259 1486 1499 1545 deliberationem

382 1596 417 1650 15
440 1591 518 1648 dubii
540 1592 710 1667 superasse?
758 1596 863 1655 Utrum
893 1596 968 1655 enim
998 1603 1111 1671 partem
1139 1594 1220 1669 regni
1246 1594 1405 1669 petiturum
1439 1610 1501 1649 ease

441 1714 479 1752 an
499 1704 593 1754 totum
614 1699 800 1773 erepturum?
842 1700 876 1759 Si
902 1709 1030 1777 partem,
1063 1701 1149 1758 ambo
1177 1700 1323 1769 infirmos,
1354 1697 1501 1755 distractis

440 1801 567 1872 viribus,
596 1811 626 1859 et
655 1805 788 1862 omnibus
815 1806 925 1864 iniuriis
956 1803 1070 1883 [populi
1091 1798 1231 1882 Roinani]
1254 1776 1398 1862 obnoxios
1422 1802 1501 1871 fora,

441 1906 466 1963 ai
488 1914 595 1978 totum,
624 1909 805 1984 privatumne
838 1930 908 1987 ergo
935 1912 1073 1969 maiorem
1101 1910 1222 1970 fratrem
1250 1930 1288 1968 an
1314 1910 1431 1967 exulem
1453 1908 1502 1965 illa

441 2022 535 2085 aetate,
555 1993 756 2092 ille'corporis
776 2018 951 2089 infirmitate,
972 2008 1061 2075 vivere
1080 2036 1117 2074 an
1132 2018 1172 2075 ad
1192 2017 1325 2075 ultimum
1344 2014 1422 2073 mori
1444 2014 1500 2071 ina-

384 2124 419 2179 to
441 2120 562 2177 eurum?
596 2123 754 2199 Egregium
776 2125 862 2196 enim,
884 2134 916 2181 ut
936 2124 1042 2183 fabulis
1063 2122 1186 2180 traditus
1207 2122 1363 2197 impiorum
1378 2120 1500 2179 fratrum

441 2235 561 2284 eventue
581 2236 725 2299 taceatur,
758 2231 861 2289 Pereai
882 2232 989 2289 exitum
1009 2230 1117 2299 videri,
1141 2229 1249 2303 quiex
1271 2227 1404 2285 fraterna
1426 2226 1499 2283 eade

441 2341 556 2408 raptum
584 2335 719 2394 diadema
748 2337 778 2392 in
806 2337 914 2413 templo
943 2336 1180 2406 Samothracum,
1210 2333 1291 2391 velut
1312 2333 1502 2409 praesentitur

443 2439 487 2495 die
509 2441 689 2516 exigentibus
710 2460 821 2519 poeuao,
842 2445 880 2501 ad
901 2444 989 2519 pedae
1010 2442 1129 2501 viatoris
1149 2440 1240 2498 hostie
1262 2448 1428 2513 prostratus
1449 2457 1503 2514 po·

385 2547 419 2601 17
443 2546 540 2633 suerit.
576 2548 638 2605 an
658 2547 747 2623 ipsos,
768 2547 829 2625 qui,
848 2566 908 2605 non
927 2549 969 2605 illi
990 2549 1084 2621 amici,
1105 2547 1156 2605 sed
1177 2546 1300 2605 Eumeni
1322 2545 1431 2616 infesti,
1452 2544 1505 2601 ati-

444 2652 552 2708 mulent
573 2672 648 2722 enm,
671 2654 808 2729 pietatem
830 2655 1080 2730 constantiamque
1099 2653 1284 2719 laudaturos,
1308 2652 1333 2708 si
1355 2652 1443 2709 fidem
1465 2652 1507 2707 ad

445 2756 574 2814 ultimum
595 2758 679 2816 freni
700 2760 887 2835 praeetitiaeet.

362 2855 403 2925 20
526 2863 598 2919 Haeo
625 2864 690 2939 plna
713 2865 830 2923 valuere
857 2866 889 2923 in
908 2866 1003 2924 Attali
1031 2866 1147 2945 animo.¹
1186 2866 1291 2939 Itaque
1323 2862 1507 2951 iatrolrretus

444 2964 474 3022 in
495 2977 635 3042 senatum,
656 2970 818 3046 gratulatus
839 2973 991 3031 victoriam
1014 2983 1074 3042 eet,
1106 2980 1132 3029 et
1158 2988 1212 3028 aua
1243 2968 1348 3027 merita
1368 2986 1403 3024 eo
1428 2967 1506 3023 bello

444 3073 609 3150 fratrisque,
630 3077 657 3134 ei
678 3095 736 3153 qua
757 3087 849 3149 erant,
873 3088 902 3135 et
922 3078 1076 3137 Gallorum
1098 3051 1302 3144 desertionem,
1327 3092 1391 3148 quae
1412 3092 1508 3148 nuper

405 3184 422 3239 2
445 3180 553 3257 ingenti
574 3191 654 3240 motu
675 3183 753 3241 faeta
775 3195 854 3255 eret,
877 3184 1019 3259 exposuit.
1057 3182 1162 3253 Petiit,
1189 3190 1221 3239 ut
1244 3182 1357 3256 legatos
1379 3179 1509 3236 mitteret

445 3286 484 3342 ad
505 3305 571 3360 eos,
604 3308 727 3364 quorum
755 3290 926 3349 auctoritate
948 3290 985 3346 ab
1007 3289 1094 3346 armis
1121 3294 1320 3345 avocarentur.
1370 3284 1428 3342 His
1454 3302 1508 3359 pro

445 3393 527 3467 regni
547 3394 670 3453 utilitate
688 3396 772 3453 editio
792 3396 946 3466 mandatis,
967 3396 1078 3453 AEnum
1099 3394 1155 3452 sibi
1176 3402 1205 3450 et
1217 3393 1390 3449 Maroneam
1412 3390 1508 3465 petiit.

447 3637 628 3685 aeduenturae
645 3636 904 3703 an.laeoeasieaent
940 3640 1057 3703 tqnead
1082 3636 1150 3696 13,e
1168 3636 1222 3699 ipae
1251 3640 1427 3695 temptarem
1468 3630 1509 3692 14,

449 3729 609 3773 lteruaeset
647 3726 820 3789 tparricidio
838 3727 860 3775 ei
881 3727 942 3789 quid
977 3725 1201 3788 15,2erupturum
1218 3722 1222 3783 Ι
1237 3722 1350 3774 infirmus
1381 3724 1510 3773 3ininriie

446 3826 493 3875 pro
512 3808 637 3861 obnoxior
656 3812 712 3877 My.
736 3813 824 3878 (ἄγγη.
844 3812 942 3862 iniuriis
962 3810 1100 3874 obnoxios)
1137 3816 1151 3859 5
1170 3811 1315 3860 infirmitate
1336 3826 1370 3861 en
1385 3812 1509 3860 ultimum

448 3898 513 3964 Mu,
531 3901 578 3964 cfr.
596 3900 652 3949 Em.
666 3900 719 3951 601
737 3901 785 3963 (ad
804 3902 922 3950 ultimum
945 3899 1035 3963 Gran.)
1075 3898 1143 3959 16,1
1165 3900 1302 3962 egregium
1319 3900 1324 3959 Ι
1340 3900 1437 3948 tabulis
1459 3909 1509 3947 tra·

448 3988 528 4036 ditum
549 3989 710 4051 imperiorum
729 3987 833 4037 fratrem
882 3993 897 4033 2
925 3987 1084 4049 uideritiequi
1098 3988 1104 4050 l
1119 3985 1243 4035 fraternae
1289 3992 1305 4035 3
1333 3994 1509 4035 samotraoum

449 4075 595 4138 texigenti
611 4077 615 4136 Ι
630 4075 744 4124 uictoriis
781 4074 1105 4139 lamentarentur
1143 4074 1234 4123 2fidee
1269 4071 1390 4122 atretris
1446 4071 1509 4128 XX,

449 4178 474 4237 l,
499 4184 514 4227 2
542 4188 632 4227 senatu
658 4179 812 4241 gratulatum
836 4179 841 4244 Ι
866 4186 905 4229 est
928 4194 1000 4229 enam
1018 4178 1101 4229 Drak.
1128 4152 1287 4242 (victorium,¹
1307 4184 1332 4225 et
1350 4191 1398 4226 ane
1418 4174 1509 4241 Gryn.)

449 4270 540 4313 terat
575 4265 679 4315 tracta
696 4273 768 4315 erant
802 4266 827 4326 2,
848 4271 859 4315 l
880 4267 943 4330 petit
978 4267 1189 4316 tauctoritatem
1223 4265 1338 4315 aeditis
1354 4262 1359 4329 Ι
1373 4265 1438 4329 petit
