3475 5084
623 538 629 548 ’
670 548 727 597 Lib.
746 548 901 597 XLIX—L.
997 570 1000 583 ·
1232 552 1269 605 45

243 748 488 810 obtestationesque
513 747 616 795 ultimas
644 748 771 804 adiectas,
803 753 831 793 ut
859 759 900 792 res
926 744 953 791 in
981 744 1081 791 occultu
1108 747 1139 793 ad
1164 746 1188 793 id
1213 754 1312 810 tempus

243 848 402 888 servaretur.
439 839 591 889 Pubescenti
611 839 725 888 libellum
745 838 879 898 traditum,
905 840 931 886 in
951 853 1000 899 quo
1020 837 1099 885 relicti
1120 838 1167 885 sibi
1187 840 1237 886 duo
1256 838 1312 885 the-

243 934 311 981 sauri
334 948 350 980 a
370 940 446 997 patre
471 931 626 992 dicerentur;
658 940 711 980 tum
730 931 819 979 scienti
847 930 994 992 mulierem,
1026 943 1081 978 sese
1101 931 1229 979 subditum
1249 946 1311 1003 esse,

243 1040 333 1073 veram
354 1025 463 1088 stirpem
482 1025 610 1085 ignoranti
629 1024 738 1073 edidisse
759 1038 839 1086 genus
869 1032 945 1085 atque
964 1024 1131 1079 obtestatam,
1161 1032 1202 1085 ut,
1229 1024 1312 1086 prius·

242 1133 322 1179 quarn
344 1125 466 1167 manaret
482 1118 515 1164 ad
533 1118 664 1165 Eumenen
683 1130 737 1171 res,
755 1115 849 1163 Perseo
867 1116 1011 1175 inimicum,
1032 1117 1166 1164 excederet
1184 1118 1219 1164 eis
1238 1116 1309 1177 loeis,

242 1226 274 1259 ne
309 1211 508 1259 interficeretur.
557 1210 596 1257 Eo
628 1224 654 1258 se
684 1207 849 1266 exterritum,
887 1210 961 1258 simul
994 1218 1135 1273 sperantem
1164 1209 1267 1273 aliquod
1296 1225 1311 1257 a

243 1304 383 1353 Demetrio
406 1303 543 1362 auxilium,
568 1302 593 1349 in
615 1301 715 1365 Syriam
742 1315 768 1349 se
792 1302 929 1351 contulisse
948 1312 1023 1363 atquc
1047 1302 1083 1349 ibi
1107 1303 1229 1365 primum,
1256 1303 1311 1364 quis

243 1405 318 1455 esset,
340 1396 432 1460 palam
452 1385 599 1459 expromere
618 1400 716 1443 ausum.

688 1556 737 1604 EX
755 1557 821 1606 LIB.
842 1557 871 1605 L.

315 1672 469 1729 Thessalia,
499 1686 575 1733 quum
604 1681 628 1720 et
653 1672 724 1720 illam
750 1653 868 1720 invadere
894 1669 970 1717 armis
993 1677 1068 1730 atque
1089 1684 1212 1732 occupare
1230 1672 1310 1722 Pseu-

243 1765 414 1829 dophilippus
432 1763 515 1822 vellet,
534 1780 579 1827 per
596 1763 695 1826 legatos
713 1765 887 1813 Romanorum
907 1763 1009 1812 auxiliis
1030 1761 1184 1811 Achaeorum
1204 1765 1325 1815 defensa*

243 1865 288 1908 est.
340 1858 451 1907 Prusias
475 1872 521 1905 rex
544 1858 685 1919 Bithyniae,
721 1858 834 1908 omnium
857 1856 1110 1915 humillimorumque
1134 1858 1263 1919 vitiorum,
1295 1876 1310 1909 a

243 1950 391 1999 Nicomede
419 1951 483 2008 lilio,
515 1950 651 1998 adiurante
680 1951 767 1998 Attalo
798 1964 856 2011 rege
883 1948 1016 2009 Pergami,
1053 1948 1166 2008 occisus,
1200 1952 1311 2001 habehat

244 2044 355 2091 alterum
383 2044 477 2101 filium,
511 2043 553 2104 qui
581 2058 627 2106 pro
655 2044 782 2107 superiore
810 2042 899 2090 ordine
924 2039 1034 2087 dentium
1063 2051 1164 2089 enatum
1188 2043 1309 2095 habuisse

245 2150 324 2183 unum
345 2151 377 2184 os
393 2136 526 2184 continens
548 2136 648 2185 dicitur.
686 2134 771 2196 Quum
783 2135 823 2183 Ill
841 2134 916 2195 legati
931 2134 961 2179 ad
975 2147 1061 2195 pacem
1075 2133 1141 2182 iuter
1153 2134 1309 2187 Nicomeden

245 2236 270 2276 et
288 2227 412 2276 Prusiam
438 2227 580 2276 laciendum
606 2244 622 2275 a
647 2228 870 2276 Romanis-missi
896 2233 992 2283 essent,
1029 2240 1106 2288 quum
1131 2242 1197 2277 unus
1223 2244 1254 2278 ex
1279 2232 1309 2280 iis

245 2330 323 2383 caput
348 2320 437 2369 multis
463 2319 623 2369 cicatricibus
647 2330 741 2369 sartum
768 2319 886 2376 haberet,
917 2318 981 2365 ulter
1007 2319 1114 2381 pedibus
1140 2334 1207 2381 aeger
1232 2332 1307 2383 esset,

244 2415 336 2463 tertius
357 2413 465 2474 ingenio
484 2426 569 2461 socors
587 2413 732 2473 haberetur,
752 2412 817 2459 dixit
829 2410 901 2467 Cato,
922 2424 977 2457 eam
996 2409 1149 2471 legationem
1167 2428 1215 2462 nec
1234 2424 1310 2479 eaput

245 2519 293 2553 nee
311 2507 393 2569 pedes
412 2520 460 2553 nee
485 2520 528 2553 eor
545 2506 648 2554 habere.
687 2505 718 2552 Iu
737 2504 824 2566 Syria,
850 2490 906 2565 qua
930 2517 960 2549 eo
980 2510 1092 2565 tempore
1115 2505 1191 2569 stirpe
1210 2511 1308 2569 generis

198 2651 201 2656 ,
245 2612 334 2657 parem
365 2598 422 2660 regi
445 2599 631 2655 Macedonum,
657 2596 748 2645 inertia
775 2596 942 2657 socordiaque
968 2595 1075 2643 similem
1101 2597 1197 2647 Prusiae
1223 2616 1307 2663 regem

245 2689 369 2749 habebat,
390 2692 488 2738 iacente
502 2706 532 2739 eo
546 2693 571 2739 in
587 2705 670 2753 ganea
688 2696 713 2737 et
730 2688 823 2748 lustris,
842 2689 998 2737 Ammonius
1017 2673 1149 2751 regnabat,
1169 2708 1214 2755 per
1232 2709 1307 2755 quem

246 2790 270 2829 et
288 2785 367 2832 amici
389 2799 477 2832 omues
502 2785 567 2845 regis
592 2791 618 2831 et
635 2784 746 2831 Laodice
770 2782 859 2843 regina
884 2788 909 2829 et
930 2783 1074 2844 Antigonus
1093 2783 1215 2834 Demetrii
1239 2786 1306 2836 filius

245 2876 324 2922 occisi
350 2883 419 2924 sunt.
463 2876 601 2944 Masinissa
620 2875 747 2923 Numidia
774 2888 820 2922 rex
844 2874 924 2921 maior
947 2873 995 2923 XO
1019 2876 1092 2923 annis
1119 2878 1239 2937 decessit,
1270 2882 1307 2927 vir

245 2966 364 3028 insignis.
402 2968 472 3017 Inter
497 2976 581 3017 cetera
599 2968 725 3016 iuvenalia
742 2982 831 3029 opera,
855 2980 912 3030 quae
931 2968 961 3015 ad
987 2968 1103 3017 ultimum
1124 2971 1215 3029 edidit,
1241 2973 1307 3020 adeo

246 3059 321 3107 etiam
359 3062 443 3110 nervis
473 3062 498 3108 iu
532 3069 635 3108 senecta
663 3060 756 3121 viguit,
796 3068 824 3107 ut
853 3069 911 3122 post
944 3068 1043 3107 sextum
1072 3070 1098 3109 et
1124 3062 1305 3122 octogesimum
1383 3126 1387 3135 .

246 3166 338 3201 annum
359 3154 440 3202 [ilium
456 3154 579 3215 genuerit.
612 3154 683 3201 Inter
693 3162 745 3204 ,tres
757 3151 851 3199 liberos
864 3153 918 3200 eius
931 3152 1056 3200 maximos
1074 3162 1144 3211 natu,
1163 3154 1305 3218 Micipsam,

246 3241 399 3305 Gulussam,
427 3246 647 3306 Manastabalem,
687 3244 729 3304 qui
760 3244 837 3291 etiam
858 3244 952 3292 Graecis
984 3245 1073 3293 litteris
1098 3246 1210 3293 eruditus
1243 3255 1305 3302 erat,

244 3334 273 3383 P.
294 3336 382 3400 Scipio
401 3338 568 3394 rumiliacus,
597 3352 675 3399 quum
695 3350 829 3383 commune
848 3337 883 3384 eis
903 3351 1009 3398 regnum
1029 3345 1101 3399 pater
1119 3337 1261 3400 reliquisset
1281 3346 1306 3387 et

245 3427 359 3478 dividere
390 3444 434 3479 eos
461 3431 557 3478 arbitro
585 3431 704 3498 Scipione
735 3430 861 3486 iussisset,
894 3436 979 3491 partes
1007 3430 1200 3479 administrandi
1231 3432 1303 3494 regni

246 3518 339 3569 divisit.
378 3521 442 3569 Item
459 3521 580 3570 Phameae
598 3522 746 3579 Himilconi,
774 3520 896 3584 prefecto
916 3523 1028 3585 equitum
1045 3521 1303 3583 Carthaginiensium,

244 3612 298 3659 viro
317 3612 377 3662 forti
405 3622 431 3662 et
450 3616 520 3663 cuius
538 3615 667 3678 praecipua
686 3630 763 3677 opera
781 3615 853 3663 Poeni
874 3613 1021 3671 utebantur,
1053 3615 1191 3677 persuasit,
1218 3622 1247 3661 ut
1272 3615 1303 3661 ad

245 3702 376 3754 Romanos
404 3720 460 3753 curn
490 3706 604 3769 equitatu
632 3722 678 3755 suo
708 3708 833 3756 transiret.
882 3708 923 3756 Ex
953 3708 1038 3775 tribus
1062 3706 1167 3769 legatis,
1199 3704 1241 3767 qui
1271 3706 1303 3753 ad

245 3794 407 3847 Masinissam
432 3799 503 3847 missi
531 3806 615 3857 eraut,
648 3800 685 3847 M.
711 3799 834 3849 Claudius
854 3800 1006 3858 Marcellus,
1036 3808 1123 3847 coorta
1146 3806 1302 3861 tempestate,

244 3886 362 3939 fluctibus
377 3892 482 3940 obrutus
496 3900 542 3940 est.
576 3890 800 3953 Carthaginienses
813 3892 1009 3951 Hasdrubalem,
1021 3892 1166 3941 Masinissa
1176 3898 1304 3953 nepotem,

245 3992 318 4039 quem
337 3993 470 4047 praetorem
488 3984 632 4041 habebant,
664 3984 793 4033 hominem
820 3986 971 4048 proditionis
998 3994 1151 4048 suspectum,
1182 3984 1207 4029 iu
1233 3982 1303 4030 curia

246 4070 440 4134 interemeruut3
477 4090 531 4137 quae
562 4077 671 4139 suspicio
706 4078 763 4125 inde
795 4080 920 4135 manavit,
951 4080 1020 4141 quod
1049 4078 1205 4140 propinquus
1236 4084 1302 4123 esset

246 4161 378 4228 Gulussa,
407 4170 581 4218 Romanorum
609 4170 706 4217 auxilia
729 4171 849 4220 iuvantis.
887 4172 916 4219 P.
938 4171 1024 4234 Scipio
1043 4170 1198 4218 AEmiliunus
1222 4182 1300 4229 quum

246 4256 390 4309 aedilitatem
418 4269 528 4324 peteret,
564 4262 653 4309 consul
682 4278 697 4309 a
726 4263 821 4325 populo
852 4264 944 4311 dictus.
993 4262 1119 4321 Quoniam
1148 4276 1193 4325 per
1220 4276 1300 4309 annos

246 4353 343 4399 consuli
363 4354 415 4401 fieri
439 4366 490 4401 nou
510 4353 616 4411 licebat,
644 4369 700 4402 cum
719 4368 814 4415 magno
833 4356 970 4409 certamine
989 4353 1152 4416 suffragantis
1171 4354 1253 4419 plebis
1276 4360 1301 4399 et
