3475 5084
375 523 385 536 ‘
484 524 538 577 154
751 518 829 568 arser
846 518 944 569 xn1v.
974 518 1023 581 (ι.
1038 532 1062 566 u.
1077 532 1099 566 ο.
1114 516 1190 578 ιιι.)

438 701 549 758 medios
570 702 695 759 evadere
716 703 823 773 hostes,
846 704 935 778 quod,
956 704 1011 759 nisi
1034 704 1063 759 di
1090 711 1213 760 mentem
1234 701 1298 775 regi
1322 700 1489 767 ademissent,

381 811 415 864 ts
438 816 465 863 et
484 807 579 881 ipsum
600 806 724 881 ingentis
746 806 925 865 difficultatis
953 817 1025 869 erat.
1068 810 1146 865 Nam
1170 826 1233 864 cum
1252 805 1371 881 Olympi
1391 804 1490 861 radices

438 911 543 967 montis
572 911 671 986 paullo
698 912 763 987 plns
790 932 878 987 quam
901 913 978 971 mille
1005 932 1142 989 passuum
1166 912 1204 969 ad
1231 930 1315 969 mere
1342 910 1491 982 relinquant

438 1016 579 1090 spatium,
607 1016 688 1073 cuius
710 1016 859 1074 dimidium
881 1018 937 1075 loci
959 1026 1083 1093 occupat
1111 1019 1215 1076 ostium
1245 1018 1305 1073 late
1332 1023 1490 1087 restagnans

438 1120 569 1196 Baphyri
592 1120 693 1190 amnis,
716 1132 829 1195 partem
852 1122 979 1196 planitiae
1000 1131 1052 1179 aut
1071 1122 1152 1179 Iovis
1175 1121 1314 1196 templum
1343 1126 1393 1176 aut
1421 1117 1491 1191 oppi-

380 1226 416 1283 to
439 1224 508 1281 dum
529 1234 623 1294 tenet,
652 1225 770 1283 relicum
794 1225 982 1301 perexiguum
1013 1225 1094 1285 fossa
1117 1226 1231 1283 modica
1252 1225 1390 1299 valloque
1411 1222 1492 1279 claudi

439 1338 568 1403 poterat,
597 1337 625 1385 et
653 1346 792 1387 saxorum
819 1332 857 1387 ad
885 1350 1000 1389 manum
1024 1331 1222 1405 silvestrisque
1243 1331 1372 1388 materiae
1394 1338 1492 1385 tantum

380 1435 415 1489 ll
439 1442 511 1503 erat,
533 1442 565 1489 ut
585 1433 632 1490 vel
647 1452 746 1491 murus
767 1433 843 1491 obici
863 1445 1014 1511 turresque
1033 1434 1153 1493 excitari
1175 1434 1330 1510 potuerint.
1375 1434 1492 1507 Quorum

358 1741 376 1809 7

440 1537 510 1594 nihil
524 1556 589 1595 cum
605 1538 778 1613 dispexisset
792 1549 900 1596 caecata
917 1558 998 1597 mens
1020 1541 1114 1597 subito
1136 1550 1256 1611 terrore,
1277 1540 1394 1597 nudatis
1415 1537 1494 1593 omni-

441 1643 494 1699 bus
519 1643 659 1718 praesidiis
680 1643 893 1718 patefactisque
914 1644 990 1701 bello
1013 1642 1104 1719 portis
1127 1646 1164 1701 ad
1186 1646 1321 1721 Pydnam
1343 1642 1457 1719 refugit.

524 1747 648 1818 Consul,
676 1748 831 1823 plurimum
862 1759 891 1807 et
913 1750 1039 1825 praesidii
1061 1760 1090 1805 et
1110 1750 1173 1825 spei
1194 1768 1314 1808 cernens
1335 1750 1366 1807 in
1388 1748 1495 1806 stultitia

441 1862 470 1908 et
491 1851 615 1925 segnitia
636 1852 742 1921 hostis,
768 1854 890 1911 remisso
913 1855 1012 1912 nuntio
1040 1853 1077 1911 ad
1100 1854 1151 1930 Sp.
1174 1856 1341 1912 Lucretium
1365 1854 1495 1917 Larisam,

441 1965 473 2013 ut
494 1956 614 2013 castella
634 1957 735 2015 relicta
757 1958 795 2015 ab
816 1960 900 2016 hoste
923 1960 1001 2017 circe
1024 1960 1137 2033 Tempe
1158 1968 1331 2035 oocuparet,
1359 1958 1496 2036 premisso

441 2060 560 2136 Popilio
580 2062 619 2119 ad
641 2063 837 2139 explorandos
858 2064 997 2122 transitus
1019 2064 1207 2135 circaDiurn,
1230 2074 1386 2140 postquem
1410 2074 1497 2139 patere

443 2166 542 2222 omnia
561 2167 591 2223 in
613 2185 713 2225 omnes
733 2178 832 2243 partes
856 2167 1074 2238 animadvertit,
1100 2170 1234 2227 secundis
1256 2170 1359 2227 castris
1379 2168 1498 2245 pervenit

401 2268 419 2323 2
443 2271 481 2327 ad
503 2271 607 2341 Dinm;
636 2274 796 2347 metarique
817 2276 872 2331 sul)
894 2274 958 2348 ipso
980 2274 1105 2349 templo,
1134 2292 1170 2331 ne
1196 2274 1265 2349 quid
1287 2294 1372 2333 sacro
1393 2276 1423 2332 iu
1445 2275 1498 2329 loco

402 2374 418 2429 3
442 2375 615 2445 violaretur,
636 2375 727 2434 iussit.
770 2379 853 2453 Ipse,
875 2380 974 2435 urbem
997 2379 1143 2453 ingressus
1175 2380 1249 2437 sicut
1275 2400 1334 2437 non
1365 2396 1498 2455 magnam,

442 2480 483 2537 ita
505 2492 676 2539 exornatam
707 2484 829 2557 publicis
855 2484 926 2541 locis
954 2491 983 2539 et
1011 2484 1191 2540 multitudine
1224 2492 1387 2542 statuarum
1417 2483 1497 2540 mnni-

383 2612 386 2623 ·
442 2596 560 2659 tamque
580 2587 710 2662 egregie,
740 2588 791 2644 vix
813 2588 884 2645 satis
907 2588 1038 2656 credere,
1068 2588 1097 2645 in
1120 2589 1207 2647 tantis
1229 2590 1317 2647 rebus
1338 2590 1401 2647 sine
1422 2605 1498 2645 cansa

402 2692 419 2745 4
442 2669 548 2747 relictis
562 2709 620 2747 nou
636 2691 762 2766 aliquem
776 2694 895 2749 subesse
910 2692 1018 2749 dolum.
1062 2694 1160 2753 Unum
1176 2694 1251 2751 diem
1275 2694 1313 2749 ad
1329 2691 1498 2769 exploranda

442 2796 520 2853 circa
541 2795 639 2853 omnia
661 2805 799 2868 moratus,
822 2806 919 2853 castra
934 2792 1052 2866 movet3'
1067 2799 1196 2872 setisque
1214 2798 1343 2869 credens,
1365 2798 1396 2854 in
1410 2796 1498 2855 Pieria

441 2900 578 2957 frumenti
599 2900 712 2975 copiam
735 2899 808 2972 fore,
830 2920 865 2959 eo
887 2903 933 2959 die
956 2903 993 2959 ad
1015 2920 1128 2961 amnem
1146 2904 1260 2960 nomine
1276 2902 1370 2978 Mityn
1391 2918 1498 2977 proces·

401 3006 418 3060 5
441 3006 488 3065 sit.
531 3006 656 3062 Postero
678 3004 725 3061 die
746 3025 926 3081 progressus,
948 3010 1082 3082 Agassas
1105 3008 1219 3077 urbem,
1242 3006 1424 3064 tradentibus
1445 3024 1499 3061 sese

442 3110 522 3184 ipsis,
543 3108 666 3183 recepit,
690 3119 732 3179 et,
758 3122 788 3167 ut
809 3112 986 3187 reliquorum
1011 3111 1205 3168 Macedonum
1228 3111 1342 3167 animos
1363 3111 1418 3167 sibi
1439 3128 1498 3166 con·

442 3512 490 3571 14,
511 3518 526 3559 3
553 3511 636 3560 hostis
655 3510 662 3576 l
683 3513 708 3560 di
733 3520 878 3560 mouentem
903 3510 1139 3573 regiamdemissent
1162 3513 1245 3575 ipsum
1265 3510 1384 3573 (Br'r'ttner
1406 3520 1431 3559 et
1453 3520 1498 3558 uate

442 3599 524 3661 ipsum
543 3596 662 3659 addidit.)
698 3597 878 3663 15‚lKreyss.
899 3597 940 3647 Ol.
960 3598 1055 3646 montis
1073 3598 1187 3655 radices,
1206 3606 1275 3646 recte.
1315 3604 1452 3661 tpassum
1486 3602 1497 3643 3

442 3685 555 3732 hostium
575 3684 701 3748 tbaplyri
712 3684 786 3734 Frob.
794 3684 831 3734 11.
849 3686 854 3746 Ι
870 3680 1003 3746 amlamnis
1023 3689 1125 3732 stenen
1153 3682 1219 3742 lus
1234 3683 1497 3749 poteratthessalorun

442 3772 473 3819 ad
481 3768 555 3819 Frui.
563 3768 600 3820 ΙΙ.
613 3772 701 3836 (Grya.
711 3778 817 3835 poterat.
825 3770 917 3819 Thess.
928 3771 973 3832 ad)
986 3770 989 3835 l
1001 3769 1088 3818 maria
1108 3776 1122 3817 3
1136 3777 1236 3832 poterat
1263 3769 1331 3829 las
1348 3770 1498 3833 despexisset

444 3871 447 3890 ι
467 3858 612 3906 mensubito
649 3865 664 3907 3
683 3859 752 3906 bello
770 3856 845 3906 factm
864 3856 919 3921 My.
940 3856 1031 3921 (Grya.
1051 3854 1129 3915 bello,
1148 3856 1393 3920 ad)1addypyl'am
1415 3855 1498 3915 refugit

442 3943 510 4000 Vll,
543 3943 571 4003 1,
605 3950 614 3992 l
643 3944 753 4008 praesidii
776 3944 1014 4006 perspeoiecernens
1041 3940 1108 3992 Num
1139 3943 1278 4005 plurimum
1313 3957 1369 3991 esse
1397 3938 1497 4008 praesidii

441 4029 614 4093 perspiciens?
650 4036 665 4078 2
687 4028 762 4094 (aya
782 4028 890 4090 segnitia
905 4028 910 4093 Ι
925 4028 1017 4077 hostiis
1033 4029 1037 4091 Ι
1053 4028 1296 4078 lucretiussarissam
1335 4034 1350 4077 8
1370 4038 1446 4092 temp.
1462 4040 1497 4074 oo

338 4180 345 4186 ἣ
442 4126 547 4179 cuperet
586 4116 647 4163 5in
665 4117 749 4164 omnis
784 4114 809 4173 2,
832 4119 842 4162 l
864 4128 965 4163 sucrum
984 4115 1115 4163 inlocum
1151 4114 1204 4174 3,1
1226 4128 1321 4176 magna
1357 4114 1497 4164 amaturu-

441 4202 657 4250 diuesstatnurum
682 4201 818 4262 aegregius
852 4199 879 4259 4,
895 4205 910 4247 2
931 4199 1292 4265 moueturlorodensimperia
1302 4198 1402 4265 Krsym.
1413 4198 1496 4264 (Gsyn.

441 4290 549 4336 credens
566 4288 695 4351 paratam)
732 4293 748 4335 8
767 4287 866 4351 copiam
887 4285 952 4335 ferre
967 4287 973 4349 l
989 4286 1071 4352 alnam
1109 4285 1135 4346 5,
1157 4292 1168 4335 l
1190 4284 1411 4337 acassam-Grau·
