3475 5084
481 502 539 558 tet
740 498 819 551 uuor
835 496 933 547 xum
969 498 1018 561 (n.
1036 498 1063 547 a
1083 510 1105 547 s.
1125 496 1200 561 css.)

436 681 506 758 quis
535 681 618 740 fame
646 686 727 755 eret,
759 684 866 741 multos
898 702 935 741 ex
962 682 1159 741 Macedonicis
1187 680 1352 758 legionibus
1387 680 1499 738 incertis

436 787 645 845 commeatibus
665 806 720 864 per
741 788 927 846 ambitionem
948 788 1156 863 imperatorum
1179 788 1217 845 ab
1237 786 1368 844 exercitu
1391 786 1500 853 abesse,

435 891 588 950 edixerunt
607 893 643 950 de
666 892 805 950 militibus
826 894 862 951 P.
885 891 986 962 AElio,
1023 891 1054 949 0.
1075 893 1182 967 Popilio
1210 890 1378 949 consulibus
1400 898 1501 964 postve

397 997 414 1053 8
437 1015 488 1055 eos
509 998 643 1055 consules
663 996 694 1053 in
715 997 919 1054 Macedonium
942 996 1072 1073 scriptis,
1103 1005 1150 1068 ut,
1172 997 1221 1072 qui
1243 1016 1344 1055 eorum
1365 996 1396 1053 in
1418 995 1502 1053 Italis

437 1110 542 1172 essem,
562 1102 640 1159 intre
661 1102 722 1159 dies
743 1103 851 1173 XXX,
875 1102 953 1159 censi
975 1102 1056 1176 prius
1079 1110 1151 1177 aput
1171 1119 1251 1173 sese,
1270 1102 1301 1159 in
1322 1100 1501 1177 provinciam

436 1206 577 1275 redirent;
615 1206 716 1280 quiin
737 1206 829 1281 patris
853 1214 904 1263 aut
925 1206 974 1263 avi
995 1214 1140 1281 potestate
1171 1214 1284 1278 meent,
1318 1224 1421 1263 eorum
1453 1222 1502 1262 no·

397 1310 415 1365 9
438 1312 518 1369 mina
546 1312 584 1369 ad
613 1311 828 1369 suaderentur.
872 1311 1030 1369 Missurum
1053 1330 1171 1387 quoque
1192 1330 1297 1370 causas
1318 1328 1385 1369 sese
1406 1310 1503 1385 cogni·

438 1423 519 1474 turos
541 1434 607 1473 esse
627 1425 670 1487 et,
703 1434 826 1490 quornm
857 1424 924 1473 ante
947 1416 1067 1474 emerite
1089 1416 1232 1493 stipendis
1251 1417 1385 1492 gratime
1406 1414 1503 1473 missio

381 1518 417 1572 10
438 1520 494 1579 sibi
515 1522 581 1579 visa
601 1530 687 1591 esset,
708 1538 760 1578 eos
782 1520 887 1578 milites
909 1521 971 1579 lieri
992 1521 1132 1581 iussurus
1181 1522 1249 1580 Hoc
1272 1522 1368 1579 edicto
1389 1521 1503 1578 litteris-

438 1644 495 1701 que
516 1643 668 1684 censorum
690 1644 745 1701 per
763 1625 830 1683 iore
853 1634 882 1683 et
903 1626 1096 1685 conciliabula
1127 1627 1267 1696 dimissis,
1296 1635 1381 1684 tanta
1409 1624 1504 1683 multi·

437 1732 509 1788 tudo
530 1730 675 1788 iuniorum
697 1731 822 1789 Rumam
846 1732 995 1803 convenit,
1016 1740 1049 1789 ut
1069 1732 1169 1809 gravis
1191 1732 1258 1790 urbi
1279 1732 1369 1789 turba
1389 1729 1504 1788 insolita

438 1846 522 1893 met.

357 1929 395 2000 15
522 1940 635 1996 Praeter
665 1940 800 1997 dilectum
833 1958 950 2013 eurum,
987 1958 1061 2016 quos
1093 1941 1122 1998 in
1166 1932 1401 2017 supplementum
1435 1939 1506 1997 mitti

438 2046 607 2121 oportebat,
641 2052 778 2120 quattuor
807 2064 827 2101 a
859 2044 894 2103 O.
917 2046 1046 2121 Sulpicio
1082 2055 1206 2123 praetore
1232 2046 1347 2122 scripta
1377 2046 1506 2121 legiones

398 2142 415 2196 2
439 2158 519 2219 sunt,
546 2151 680 2225 intraque
701 2149 834 2207 undecim
855 2151 918 2208 dies
940 2151 1061 2209 dilectus
1083 2161 1127 2209 est
1148 2150 1303 2226 perlectus.
1364 2147 1507 2207 Consules

439 2255 543 2312 deinde
568 2255 664 2313 sortiti
692 2255 859 2331 provincias
879 2264 955 2315 sunt.
1002 2257 1081 2314 Nem
1110 2266 1249 2331 praetores
1274 2262 1397 2331 propter
1425 2254 1507 2311 iuris·

401 2353 417 2407 3
440 2360 594 2418 dictionem
618 2361 759 2418 maturius
787 2360 882 2417 sortiti
903 2368 995 2416 erant.
1042 2360 1167 2419 Urbane
1190 2360 1223 2418 C.
1248 2359 1397 2435 Sulpicio,
1427 2377 1508 2433 pere·

441 2464 525 2540 grino
547 2464 580 2523 0.
595 2466 728 2524 Decimio
751 2466 911 2541 obtigerat3
933 2464 1106 2539 Hispaniam
1129 2468 1172 2526 M.
1182 2465 1324 2523 Claudius
1337 2464 1508 2533 Marcellus,

441 2570 570 2629 Siciliam
593 2571 656 2629 ser.
682 2569 835 2627 Cornelius
856 2568 1016 2640 Lentulus,
1039 2569 1203 2629 Sardiniam
1226 2570 1262 2627 P.
1284 2569 1430 2626 Fonteius
1453 2568 1509 2626 Ca·

441 2675 512 2749 pito,
535 2676 657 2731 classem
679 2673 855 2734 C.Marcins
876 2674 998 2748 Figulus
1021 2682 1084 2731 erat
1105 2674 1232 2731 sortitus.
1279 2672 1445 2731 Consulum
1458 2672 1509 2732 Cu

442 2777 566 2835 Servilio
603 2779 708 2848 ltalia,
743 2778 777 2851 Q.
810 2779 924 2836 Marcio
958 2779 1133 2836 Macedonis
1166 2779 1298 2848 obvenit3
1336 2778 1510 2854 Latinisque

401 2884 417 2934 l
442 2882 532 2952 actis,
562 2882 691 2939 Marcius
712 2882 859 2957 extemplo
885 2892 928 2939 est
949 2881 1106 2958 proiectus.
1160 2882 1297 2959 Caepione
1330 2883 1440 2940 deinde
1468 2902 1509 2940 re·

441 2985 551 3043 ferente
575 2987 613 3043 ed
633 2994 781 3057 senatum,
818 3005 891 3061 quas
922 3007 959 3045 ex
985 2989 1070 3045 novis
1098 2987 1260 3063 legionibus
1282 2987 1355 3045 dues
1377 2987 1510 3064 legiones

441 3109 537 3148 seeum
561 3092 589 3148 in
612 3091 741 3151 Gellium
764 3093 897 3161 duceret,
919 3093 1074 3150 decrevere
1095 3104 1209 3167 patres,
1241 3100 1272 3149 ut
1294 3088 1327 3147 Ο.
1349 3090 1510 3166 Sulpicius,

442 3196 484 3252 Μ.
507 3193 645 3253 Claudius
673 3207 812 3272 praetores
845 3215 882 3252 ex
914 3196 964 3266 iis,
997 3215 1071 3270 quas
1103 3196 1301 3271 scripsissent,
1332 3196 1509 3270 legionibus,

403 3301 419 3354 5
443 3319 516 3375 quas
547 3300 710 3371 videretur,
742 3301 852 3359 consuli
885 3300 996 3360 darent.
1048 3301 1171 3375 Indigno
1203 3301 1317 3376 petiens
1348 3310 1510 3375 praetorum

442 3404 563 3461 arbitrio
585 3405 732 3462 consulem
753 3405 924 3474 subiectum,
946 3404 1065 3463 dimisso
1086 3417 1198 3475 senatu,
1223 3406 1260 3461 ed
1283 3405 1412 3462 tribunal
1436 3425 1511 3481 prae·

442 3520 536 3567 torum
572 3519 652 3565 stans
679 3510 853 3583 postulavit,
883 3528 919 3565 ex
941 3519 1057 3567 senatus
1086 3510 1217 3567 consulto
1251 3509 1434 3566 destinarent
1458 3510 1511 3567 sibi

442 3614 515 3669 duas
539 3612 677 3689 legiones.
726 3616 871 3673 Praetores
893 3614 1018 3671 consulis
1045 3615 1074 3671 in
1097 3614 1228 3690 eligendo
1252 3614 1402 3672 arbitrium
1429 3615 1511 3673 fece-

442 3831 597 3879 tdixernnt
617 3828 623 3892 Ι
646 3844 671 3892 p.
691 3828 749 3879 eliu
769 3842 834 3878 coss.
877 3829 938 3890 8,l
966 3837 994 3879 ut
1012 3831 1056 3892 qui
1077 3842 1165 3883 eorum
1184 3829 1228 3892 qui
1252 3829 1279 3877 in
1325 3833 1416 3881 sm
1437 3844 1510 3881 cuns

441 3933 512 3997 prius
550 3934 688 3981 anemius
703 3932 736 3979 ad
754 3931 903 3979 sederentur
938 3930 962 3989 9,
977 3932 1060 3981 suisa
1079 3946 1134 3982 esse
1152 3940 1177 3980 st
1194 3944 1239 3980 eos
1255 3932 1259 3993 Ι
1274 3915 1409 3982 iussonrus
1449 3933 1511 3992 XV,

442 4035 468 4096 1,
488 4041 499 4085 l
520 4035 616 4085 dilectu
652 4036 709 4092 3,3
734 4018 792 4095 ser'g
810 4032 937 4084 cornelius
956 4030 1030 4085 Frub.
1058 4032 1096 4085 II.
1143 4040 1159 4083 4
1185 4048 1235 4097 que
1264 4034 1369 4085 seruilio
1393 4033 1511 4085 italiae.

443 4122 538 4171 marcio
573 4120 599 4182 4,
612 4112 623 4169 Ι1
637 4120 742 4183 cepione
772 4124 890 4167 2senatu
918 4120 986 4169 this
1014 4122 1189 4169 ediderunttu·
1222 4118 1247 4179 ὁ,
1270 4124 1281 4168 l
1302 4120 1417 4184 potiente
1431 4118 1511 4172 Gran.

443 4207 626 4257 teubdectum
646 4196 756 4253 demisso
775 4208 891 4255 senonad
933 4212 949 4253 t
969 4206 1212 4269 consulinelegando
1234 4202 1309 4256 Grun.
1331 4204 1425 4275 (Grpe.
1447 4222 1514 4257 oon·

442 4292 494 4341 suli
505 4292 532 4341 in
549 4290 683 4354 eligendo)
