3475 5084
483 446 539 499 106
741 438 820 489 msa
836 434 921 488 xun.
969 436 1017 500 (Α.
1038 450 1063 485 u.
1084 448 1105 485 s.
1126 435 1201 498 ses.)

438 622 566 698 equestri
587 622 689 697 proelio
710 642 773 693 rex,
794 640 888 697 parvo
901 631 1047 679 momento
1069 621 1094 678 si
1116 621 1303 691 adiuvissent,
1329 620 1492 678 debellatum

439 747 501 786 esse
523 731 664 798 clamaret,
685 737 848 803 opportune
869 727 1038 786 adhortanti
1059 727 1226 802 supervenit
1246 726 1393 801 phalanx,
1414 745 1492 799 quam

438 854 493 891 sua
514 843 636 907 sponte,
658 851 694 889 ne
716 833 820 889 audaci
845 842 941 908 ooepto
964 833 1112 901 deessent,
1135 831 1261 906 Hippias
1284 842 1314 887 et
1335 832 1493 887 Leonnatus

437 940 544 1014 raptim
568 939 765 1008 adduxerant,
795 948 951 1013 postquam
979 956 1118 1013 prospere
1138 954 1285 1012 pugnasse
1306 937 1430 1011 equitem
1450 954 1496 993 ae-

399 1052 416 1107 8
439 1054 586 1121 ceperunt.
647 1043 822 1101 Fluctuante
849 1060 918 1119 rege
947 1044 1022 1101 inter
1047 1062 1129 1117 spem
1156 1051 1324 1116 metumque
1355 1052 1440 1097 tautae
1457 1041 1495 1097 rei

439 1129 757 1220 conandae,'Cretensis
779 1149 927 1221 Euander,
949 1168 1007 1225 quo
1030 1148 1161 1205 ministro
1179 1148 1304 1222 Delphis
1326 1148 1364 1204 ad
1386 1147 1496 1203 insidias

439 1255 565 1314 Eumeni
590 1254 652 1329 regi
674 1271 743 1310 usus
765 1262 843 1326 erat,
872 1265 1027 1330 postquam
1050 1273 1155 1329 agmen
1177 1253 1305 1328 peditum
1329 1252 1497 1309 venientium

399 1362 417 1416 9
440 1362 493 1417 sub
516 1360 606 1435 siguis
627 1360 708 1429 vidit,
731 1360 769 1415 ad
790 1378 889 1434 regem
913 1360 1038 1418 accurrit
1059 1368 1088 1415 et
1109 1377 1227 1415 monere
1250 1358 1367 1427 institit,
1387 1376 1424 1414 ne
1444 1358 1497 1413 ela·

439 1477 485 1522 tus
506 1466 645 1523 felicitate
668 1483 812 1521 summam
823 1484 921 1522 rerum
933 1474 1041 1521 temere
1062 1464 1091 1520 in
1113 1483 1172 1520 non
1193 1455 1389 1520 neeessariam
1411 1464 1497 1519 aleam

380 1574 416 1628 10
439 1571 530 1630 daret.
575 1569 607 1627 si
628 1578 780 1626 contentus
803 1571 929 1626 benere
951 1578 1034 1643 gesta
1056 1570 1183 1643 quiesset
1204 1587 1238 1625 eo
1261 1568 1323 1638 die,
1355 1568 1403 1625 vel
1424 1568 1499 1643 pacis

438 1677 567 1732 honestae
592 1673 789 1731 condicionem
811 1674 978 1731 habiturum
999 1673 1046 1730 vel
1072 1674 1212 1750 plurimos
1234 1672 1303 1730 belli
1323 1674 1433 1742 soeios,
1452 1672 1501 1746 qui

381 1786 412 1840 ll
439 1764 586 1837 fortunam
617 1788 820 1853 sequerentur,
853 1778 878 1835 si
907 1778 1016 1836 bellare
1043 1779 1151 1835 mallet.
1209 1780 1245 1836 In
1266 1781 1323 1836 hoe
1356 1778 1500 1835 consilium

439 1885 559 1960 pronior
579 1892 642 1940 erat
664 1885 777 1941 animus
798 1884 886 1959 regis.
922 1885 1027 1958 Itaque
1049 1884 1224 1941 conlaudato
1247 1885 1401 1956 Euandro,
1422 1885 1502 1958 signa

438 1988 546 2073 referri.
572 1989 759 2064 peditumque
789 2009 894 2065 agmen
920 1990 1015 2048 redire
1045 1990 1076 2046 in
1105 1998 1202 2046 eastra
1229 1990 1324 2059 iubet,
1362 1989 1501 2063 equitibus

438 2094 568 2169 receptui
589 2113 702 2154 cauere

356 2196 397 2265 60
523 2198 662 2257 Cecidere
688 2219 722 2256 eo
752 2199 799 2255 die
826 2202 864 2257 ab
882 2191 1029 2259 vRomanis
1057 2199 1172 2257 ducenti
1194 2200 1320 2273 equites,
1344 2200 1402 2256 duo
1424 2198 1500 2255 milia

438 2304 510 2360 haut
536 2304 630 2384 minus
656 2305 798 2379 peditum;
827 2305 906 2380 eapti
931 2302 988 2361 DC
1009 2302 1110 2361 ferme.
1162 2305 1210 2361 Ex
1231 2304 1319 2379 regiis
1342 2313 1437 2362 autem
1461 2303 1501 2360 vi·
1565 2342 1566 2347 κ

399 2416 416 2470 2
439 2409 512 2482 ginti
534 2409 654 2483 equites,
676 2410 870 2484 quadraginta
892 2410 1003 2485 pedites
1024 2409 1176 2467 interfecti.
1209 2411 1373 2484 Postquam
1394 2408 1500 2466 rediere
1568 2439 1569 2464 ;

438 2513 467 2570 in
499 2525 595 2572 eastra
621 2514 760 2585 victores,
789 2495 889 2571 omnes
918 2515 1033 2588 quidam
1061 2515 1135 2585 laeti,
1166 2526 1233 2573 ante
1260 2515 1333 2572 alios
1356 2516 1500 2573 Thracum

438 2619 565 2676 insolens
579 2605 686 2675 ¹laetitia
707 2620 867 2687 eminebat3
890 2637 954 2677 eum
977 2631 1064 2677 cantu
1086 2622 1161 2679 euim
1177 2623 1326 2697 superfixa
1347 2620 1436 2675 hostia
1457 2636 1500 2675 oa·

399 2732 415 2787 3
440 2724 501 2797 pita
522 2724 648 2779 hostium
671 2733 820 2797 portantes
834 2723 991 2781 redieruut.
1024 2728 1108 2799 Aput
1120 2727 1271 2783 Romanos
1291 2743 1350 2780 non
1373 2722 1501 2781 maestitia

439 2837 551 2883 tautum
575 2847 612 2884 ex
634 2828 709 2883 male
730 2839 883 2902 gestare,
905 2830 956 2885 sed
978 2847 1073 2904 pavor
1094 2831 1180 2888 etiam
1204 2840 1276 2900 erat,
1300 2848 1337 2885 ne
1360 2828 1502 2903 extempio

440 2942 537 2989 eastra
567 2932 658 2989 hostis
693 2934 908 3008 adgrederetur.
937 2935 1103 2992 Eumenes
1130 2936 1261 3005 suadere,
1294 2943 1326 2991 ut
1346 2944 1428 2991 trans
1449 2935 1502 2990 Pe·

440 3057 525 3095 neum
554 3037 723 3096 transferret
751 3050 863 3110 castra,
897 3047 929 3096 ut
954 3058 1006 3113 pro
1035 3041 1211 3097 munimento
1239 3059 1353 3097 amnem
1376 3041 1503 3107 haberet,

400 3155 416 3206 4
442 3146 509 3202 dum
532 3145 656 3220 perculsi
678 3145 783 3201 milites
800 3145 913 3201 animos
932 3137 1109 3219 oollig'ereut.
1142 3144 1253 3203 Consul
1268 3144 1380 3202 moveri
1396 3143 1502 3218 flagitio

441 3251 553 3308 timoris
575 3249 700 3318 fatendi3
722 3250 932 3307 victus·tamen
951 3251 1073 3322 ratione,
1089 3252 1202 3308 silentio
1220 3250 1312 3308 noetis
1331 3248 1503 3307 transductis

441 3522 465 3583 7,
473 3530 487 3570 2
495 3524 635 3572 adiuuisset
642 3523 777 3590 Walchiusl
786 3526 943 3575 debellatum
950 3542 1005 3575 esse
1012 3534 1038 3575 et
1045 3526 1131 3592 (Grpe.
1142 3528 1199 3576 deb.
1210 3525 1288 3590 esset)
1296 3533 1441 3589 opportune
1450 3523 1502 3588 Mp.

440 3608 555 3659 Eram
570 3611 689 3674 Spalanx
708 3611 808 3680 tsiqrn,
820 3614 921 3662 deesset
939 3619 953 3662 5
965 3614 1106 3662 adduxerat
1123 3613 1148 3670 8,
1160 3618 1170 3661 1
1181 3612 1314 3660 fluctuanti
1322 3613 1378 3674 regi
1387 3611 1391 3676 l
1400 3620 1504 3661 metum·

442 3711 491 3758 que
509 3711 539 3743 ao
559 3705 636 3746 tanta
673 3705 689 3747 3
708 3699 810 3748 eumeni
829 3701 897 3764 regis
919 3698 973 3763 Mp.
986 3698 1076 3765 (Gryn.
1092 3699 1215 3748 Eumenis
1228 3699 1309 3762 regis)
1327 3699 1331 3762 Ι
1349 3714 1410 3748 usus
1429 3691 1502 3758 usus!

442 3797 536 3843 agmen
546 3784 688 3856 inpeditum
699 3786 809 3835 Perizon.
857 3786 925 3844 10‚a
945 3786 1082 3835 honestaet
1097 3785 1273 3835 condicionem
1290 3787 1294 3849 Ι
1309 3786 1438 3849 plurimus
1467 3783 1503 3842 ll,

442 3874 457 3915 2
486 3856 609 3933 prunior
642 3880 658 3921 4
685 3861 839 3921 caneretre‘
872 3872 928 3931 LX,
948 3871 973 3932 1,
995 3879 1005 3922 l
1036 3890 1055 3922 u
1072 3874 1135 3922 haut
1181 3878 1196 3920 2
1226 3873 1294 3936 eapti
1317 3887 1348 3921 ac
1372 3871 1455 3923 ferme
1479 3882 1503 3918 oo

442 3957 541 4017 equites
561 3957 616 4022 My.
636 3958 692 4008 Em.
711 3959 764 4007 541
791 3958 880 4023 (Gryn.
906 3960 974 4021 capti
993 3958 1072 4009 ferme
1098 3975 1127 4009 ee
1154 3962 1265 4023 equites)
1289 3961 1294 4020 Ι
1316 3960 1386 4021 regis
1435 3958 1467 4017 2,
1491 3961 1504 4003 2

442 4044 487 4092 lati
524 4046 675 4094 aminabat
690 4046 694 4107 Ι
711 4045 838 4107 superfixa
857 4045 942 4107 capita
967 4045 1041 4095 Gron.
1079 4047 1140 4106 3‚3
1167 4046 1250 4098 Weiss.
1264 4045 1395 4095 Eumenes
1408 4042 1504 4094 consuli

442 4134 563 4192 suadere;
581 4141 604 4180 et
621 4140 664 4180 arat
679 4131 714 4179 sic
728 4129 878 4181 scribendum
885 4128 930 4181 'dut
941 4134 1003 4193 (cum
1016 4132 1324 4197 Roi‘lliotltranslerrent
1338 4132 1505 4181 -habereut

444 4215 585 4282 lpseneum
621 4224 756 4267 tmauem
