3475 5084
546 530 624 579 asso
641 528 737 579 ων.
774 529 969 595 (scasas)
1192 526 1248 590 155

238 714 348 785 ciliaret‚
364 714 514 790 opsidibus
528 711 689 783 coribantes,
710 716 773 772 sine
795 717 931 791 praesidio
947 716 1111 791 relinquere
1125 734 1157 773 se
1179 714 1220 773 eis
1244 734 1291 771 ur-

237 820 305 888 bem,
325 819 515 895 inmunesque
537 838 572 878 ae
592 820 652 876 suis
674 820 785 895 legibus
799 821 938 891 victuros,
960 831 1004 878 est
1018 821 1173 897 pollicitus.
1217 822 1292 878 Pro·
1316 822 1333 877 6

235 942 343 998 gressum
364 925 432 981 inde
452 925 508 981 diei
529 924 598 993 iter,
620 924 658 980 ad
680 926 846 983 Ascordum
868 928 976 982 flumen
998 926 1095 1002 posuit
1116 934 1227 992 eastra3
1256 934 1292 992 et,

236 1039 368 1102 qnantum
399 1030 568 1105 procederet
597 1028 711 1103 longius
733 1049 752 1087 a
773 1030 944 1099 Thessalia,
971 1048 1006 1087 eo
1036 1030 1173 1087 maiorem
1197 1050 1292 1088 rerum

235 1134 355 1191 omnium
377 1135 507 1210 inopiam
528 1133 671 1203 sentiens,
692 1152 842 1209 regressus
863 1136 904 1191 ad
925 1135 1014 1191 Dium
1037 1144 1095 1205 est,
1117 1134 1295 1191 dubitatione
1317 1138 1333 1191 7

234 1240 361 1295 omnibus
395 1246 548 1313 exempta,
584 1238 654 1313 quid
689 1239 845 1297 intercluso
875 1242 913 1297 ab
942 1240 1097 1297 Thessalia
1125 1239 1292 1314 patiendum

232 1342 342 1415 fuisset,
372 1345 419 1401 oui
440 1343 543 1418 prooul
571 1342 639 1399 inde
660 1344 816 1401 abscedere
835 1354 928 1402 tutum
950 1364 1008 1401 non
1031 1354 1115 1403 esset.
1159 1344 1294 1413 Perseus,
1317 1347 1334 1401 8

232 1448 384 1506 contractis
405 1448 435 1505 in
456 1468 545 1505 unum
567 1446 702 1504 omnibus
724 1449 814 1523 oopiis
836 1449 1029 1523 ducibusque,
1050 1449 1201 1523 increpare
1222 1466 1294 1522 pra-

232 1554 317 1610 ieotos
332 1552 545 1627 praesidiorum,
567 1561 634 1608 ante
655 1570 757 1609 omnes
770 1553 1010 1630 Asclepiodotum
1031 1553 1126 1628 adque
1140 1552 1294 1627 Hippiam3

232 1660 265 1713 ab
286 1659 332 1714 his
355 1658 453 1715 dicere
474 1658 601 1717 claustra
622 1657 802 1715 Macedonia
824 1659 932 1715 tradita
954 1659 1094 1717 Romanis
1117 1674 1193 1726 esse;
1215 1656 1295 1712 ostias
1318 1662 1335 1715 9
1359 1713 1366 1722 ‚

231 1763 316 1837 outpae
344 1780 413 1819 raus
444 1779 531 1818 neruo
558 1762 661 1818 iustius
695 1780 784 1837 quam
811 1764 875 1837 ipse
902 1763 1012 1821 fuisset.
1067 1761 1187 1820 Consuli
1213 1770 1295 1835 post·
1323 1767 1357 1820 10

231 1885 312 1941 quam
342 1886 382 1923 ex
409 1866 469 1924 alto
498 1877 654 1941 oonspeota
688 1867 790 1925 elassis
816 1886 898 1944 spem
925 1866 1009 1937 feeit,
1041 1884 1104 1923 curn
1133 1842 1297 1924 commeatu

231 1992 315 2029 naves
347 1970 449 2029 venire
477 1971 593 2045 (ingens
621 1971 696 2028 euim
734 1972 841 2029 caritas
871 1990 993 2029 annonae
1022 1990 1057 2029 ae
1085 1990 1177 2046 prope
1197 1970 1296 2045 inopia

231 2077 310 2149 orat),
334 2077 374 2133 ab
393 2066 515 2133 invectis
536 2075 594 2133 iam
617 2088 733 2151 portum
748 2078 838 2148 audit,
861 2078 1011 2135 onerarias
1032 2096 1123 2135 naves
1138 2077 1296 2152 Magnesiae

231 2182 342 2239 relictas
358 2199 432 2238 esse.
476 2181 593 2237 Incerto
614 2181 690 2252 inde,
714 2182 852 2255 quidnam
868 2184 1012 2257 agendum
1036 2182 1112 2239 foret
1134 2182 1220 2253 (adeo
1235 2182 1296 2237 sine
1324 2185 1354 2239 11

231 2286 284 2342 nlla
304 2304 366 2361 ope
394 2285 504 2355 hostis,
526 2304 591 2359 quta
613 2286 803 2360 adgravaret,
833 2305 899 2343 oum
921 2286 986 2362 ipsa
1008 2285 1179 2343 difficultate
1199 2304 1295 2341 rerum

231 2390 416 2465 pugnandum
440 2391 527 2464 arat),
550 2399 767 2466 peropportune
789 2391 892 2448 litteras
919 2408 937 2447 a
960 2391 1010 2465 Sp.
1033 2391 1169 2449 Lucretio
1192 2390 1297 2446 adlata
1333 2426 1335 2431 ·

230 2507 299 2566 sunt,
325 2495 449 2554 castella
471 2513 518 2566 se,
547 2512 611 2569 quse
638 2512 727 2570 super
749 2497 863 2571 Tempe
891 2504 1000 2563 essent
1015 2504 1044 2551 et
1073 2495 1151 2552 eirca
1179 2494 1295 2563 Philan,
1323 2492 1356 2547 12

228 2611 320 2659 tenere
343 2601 461 2670 omnia,
491 2599 685 2673 frumentique
713 2600 743 2657 in
766 2600 802 2657 iis
832 2612 861 2658 et
890 2600 1012 2657 aliarum
1037 2600 1066 2656 in
1095 2616 1178 2655 usum
1200 2617 1295 2655 rerum

228 2708 339 2782 copiam
362 2706 515 2762 invenisse.

308 2810 367 2868 His
388 2828 497 2885 magno
527 2828 616 2885 opere
639 2810 721 2866 laetus
748 2810 850 2867 consul
879 2812 917 2867 ab
939 2810 999 2867 Dio
1021 2810 1058 2867 ad
1080 2809 1186 2867 Philan
1208 2810 1294 2877 ducit,
1359 2798 1379 2868 8

230 2914 309 2971 simul
332 2925 367 2971 ut
388 2914 552 2990 presidium
580 2915 642 2971 eius
666 2915 810 2985 firmaret,
842 2914 927 2971 simul
955 2923 986 2971 ut
1008 2914 1090 2971 militi
1111 2915 1296 2983 frumentum,

229 3022 305 3076 euius
337 3020 425 3077 tarda
456 3020 606 3076 subvectio
634 3029 713 3088 erat,
744 3019 895 3076 divideret.
937 3019 983 3076 Ea
1011 3018 1152 3095 profectio
1185 3018 1294 3075 famam
1318 3016 1335 3070 2

230 3125 457 3199 haudquaquam
489 3124 644 3181 secundam
675 3124 786 3180 habuit.
838 3125 917 3180 Nam
949 3122 997 3179 alii
1032 3133 1110 3179 metu
1144 3123 1296 3181 recessisse

230 3246 289 3283 eum
314 3230 357 3286 ab
385 3229 469 3285 hoste
489 3228 638 3311 ferebant,
668 3229 737 3302 qnia
764 3228 890 3285 manenti
917 3228 945 3283 in
968 3226 1067 3283 Pieria
1087 3228 1190 3302 proelio
1213 3228 1295 3284 dimi-

230 3334 352 3389 candum
375 3332 464 3400 foret,
487 3332 551 3402 alii,
582 3333 731 3407 ignarum,
752 3333 820 3390 belli
842 3351 907 3407 quse
930 3332 960 3388 in
982 3332 1042 3389 dies
1065 3331 1182 3388 fortuma
1203 3350 1293 3387 nors·
1318 3332 1335 3385 3

233 3527 464 3535 Ἥ

231 3668 245 3710 3
259 3664 305 3711 sibi
322 3663 444 3726 praesidio
460 3661 663 3726 relinqueresleis
679 3660 768 3709 urbem
806 3659 857 3718 6‚s
871 3660 923 3707 diei
941 3660 1002 3707 item
1032 3657 1079 3719 7,1
1094 3659 1295 3708 dubitationibus

232 3754 244 3796 3
255 3758 351 3798 tuttum
378 3746 403 3802 8.
417 3754 428 3797 1
449 3762 553 3810 perseus
562 3747 672 3810 peractis
681 3746 765 3795 Potest
772 3745 843 3794 subm
854 3744 1042 3808 coactis-saissa,
1053 3752 1079 3792 ut
1093 3742 1175 3795 Weiss.
1187 3744 1293 3793 coniecit.

232 3853 353 3916 shippia
389 3850 437 3909 9‚l
460 3852 555 3899 diceret
569 3850 575 3911 Ι
590 3849 742 3897 macedonia
772 3848 843 3908 10,4
862 3829 1003 3896 ontorarias
1033 3846 1074 3904 11,
1094 3852 1109 3893 2
1128 3846 1197 3896 Fert.
1217 3862 1296 3910 opera

231 3939 310 3987 bostis
328 3936 388 3986 Era.
407 3935 463 3985 565
516 3935 558 3994 12,
582 3941 593 3984 1
612 3936 719 3983 castella
735 3936 757 3983 si
772 3936 778 3995 Ι
793 3949 850 3984 essa
868 3942 894 3983 et
913 3935 981 3983 eirea
999 3934 1068 3997 pilan
1140 3931 1215 3991 VIII,
1235 3932 1259 3992 1,
1279 3939 1294 3981 3

232 4024 383 4090 subaeetuio
434 4039 459 4098 2,
479 4046 493 4086 2
513 4039 738 4102 haudquamquam
786 4038 934 4086 umanenti
952 4036 1061 4101 imperia
1079 4034 1179 4101 Kreyss.
1201 4035 1293 4100 (Grpn.

232 4128 345 4176 manenti
363 4125 527 4189 imperatori)
581 4124 612 4177 3.
634 4130 644 4174 1
675 4125 828 4187 aliignarum
853 4121 951 4172 Deinde
974 4120 1123 4171 scribendam
1142 4120 1298 4171 videturesse

232 4214 349 4275 ignarum
367 4212 438 4275 belli,
455 4212 525 4275 quod
542 4212 578 4259 irs
587 4212 641 4260 dies
663 4210 733 4273 (En.
754 4209 824 4271 566)
849 4211 991 4273 autpertus,
1011 4206 1077 4271 qaod
1095 4208 1221 4257 Perizonio
1239 4206 1295 4271 pla·

233 4301 304 4359 rebat,
323 4300 443 4360 ignarum
462 4298 523 4347 belli
542 4311 657 4361 quasque.
