3475 5084
416 500 419 509 ’
520 535 597 584 nuber
614 534 710 583 xnrv.
753 533 798 596 (a.
821 533 880 583 cnr.
903 530 974 594 ras.)
1180 533 1236 591 197

232 718 326 780 vellet,
358 730 423 776 tunc
451 738 566 794 quoque
593 741 646 796 per
674 721 798 796 speciem
820 720 990 778 immolandi
1013 727 1104 775 terere
1126 716 1279 773 videbatur

234 835 345 898 tempus.
373 824 445 883 Cum
465 826 528 883 luce
549 828 644 901 prima
663 827 746 901 signo
767 826 918 902 proposito
941 842 1044 900 pugna
1065 822 1228 879 exeundum
1250 822 1279 879 in

228 930 313 985 aciem
343 930 460 999 fuisset,
490 933 576 989 tertia
605 933 719 989 demum
752 932 840 999 hora,
862 930 1005 989 sacrificio
1028 930 1082 986 rite
1103 936 1280 1003 perpetrat-o,
1307 931 1344 987 1³

228 1036 263 1091 ad
283 1037 430 1095 consilium
452 1038 586 1103 vocavit,
622 1038 717 1113 adque
745 1037 800 1107 ibi,
834 1036 912 1111 quod
939 1036 982 1093 rei
1011 1034 1145 1111 gereudae
1166 1042 1280 1108 tempus

226 1153 305 1211 esset,
326 1143 472 1217 loquendo
494 1152 522 1200 et
543 1143 744 1219 intempestiva
765 1142 955 1201 consultando
982 1142 1135 1199 videbat-ur
1162 1140 1281 1215 quibus·

225 1248 289 1305 dam
310 1250 471 1306 extrahere.
521 1249 570 1285 ‘⁴'
591 1268 739 1307 sermones
762 1250 850 1307 talem
875 1248 976 1305 consul
997 1248 1156 1305 orationem
1172 1245 1281 1305 habuit.

285 1356 339 1422 ,P.
360 1354 481 1425 Nasica,
502 1354 635 1429 egregius
654 1356 832 1422 adulescens,
856 1374 893 1413 ex
916 1354 1049 1413 omuibus
1071 1370 1153 1423 uuus,
1176 1352 1280 1427 quibus
1323 1346 1365 1416 38

226 1462 353 1517 besterna
374 1460 422 1517 die
442 1462 564 1535 pugnari
587 1462 710 1537 placuit,
739 1461 897 1519 denudavit
918 1461 988 1518 mihi
1009 1477 1092 1517 suum
1116 1458 1282 1527 consilium3

226 1566 293 1623 idem
308 1576 430 1643 postea,
450 1566 492 1623 ita
513 1577 545 1624 ut
561 1568 699 1625 transisse
715 1568 746 1625 in
762 1568 933 1625 sententiam
955 1584 1049 1623 meam
1066 1565 1156 1621 videri
1173 1572 1282 1639 posset,

229 1673 316 1731 tacuit.
359 1672 540 1745 Quibusdam
563 1673 627 1730 aliis
649 1677 796 1732 absentem
823 1690 943 1747 carpere
966 1671 1169 1745 imperatorem
1193 1688 1280 1744 quam
1304 1672 1322 1727 2

226 1789 388 1852 presentem
422 1796 539 1835 monere
559 1780 661 1837 melius
681 1779 775 1835 visum
797 1789 850 1835 est.
895 1778 935 1835 Et
956 1777 1024 1847 tibi,
1053 1778 1090 1837 P.
1112 1776 1231 1841 Nasica,
1254 1776 1322 1833 et3

225 1883 393 1959 quicumque
413 1884 507 1950 idem,
532 1867 611 1959 quod
633 1894 677 1959 tu,
708 1883 847 1942 occultius
868 1892 1033 1953 senserunt,
1054 1902 1112 1940 non
1134 1884 1283 1957 gravabor

226 1989 337 2046 reddere
366 1990 464 2046 dilatae
490 2009 595 2066 pugnae
623 1990 776 2049 rationem.
823 1991 901 2048 Nam
926 1998 1035 2047 tantum
1059 1990 1155 2057 abest,
1183 1999 1214 2045 ut
1235 2008 1282 2047 me
1305 1978 1334 2044 t*

226 2093 358 2152 hesternae
388 2096 492 2169 quietis
523 2097 674 2171 paeniteat,
706 2106 737 2153 ut
763 2106 910 2153 servatum
942 2114 960 2151 a
988 2108 1033 2153 me
1061 2095 1217 2153 exercitum
1246 2114 1281 2153 eo

224 2201 336 2257 consilio
358 2203 486 2259 credam.
518 2203 554 2259 ln
576 2221 634 2277 qua
656 2222 701 2260 me
725 2202 861 2278 opinione
882 2202 943 2259 sino
965 2220 1054 2260 causa
1075 2218 1137 2258 esse
1159 2221 1195 2258 ne
1217 2203 1282 2277 quis

224 2318 343 2363 uestrum
362 2308 471 2376 credat,
482 2317 681 2382 recognoscat,
702 2326 757 2382 age
773 2309 850 2376 drrm,
868 2307 1032 2376 mecum,'si
1048 2307 1171 2378 videtur,
1194 2327 1280 2383 quam

226 2412 307 2469 multa
327 2433 383 2489 pro
399 2414 481 2469 hoste
502 2425 530 2470 et
548 2414 688 2471 adversus
703 2433 757 2471 nos
776 2413 892 2471 fuerint.
919 2414 982 2469 Iam
1002 2413 1128 2469 omnium
1147 2413 1282 2487 primum,
1305 2417 1322 2470 5

222 2527 355 2590 quantum
387 2538 507 2577 numero
537 2538 590 2575 nos
622 2528 773 2595 praestent,
804 2518 946 2575 neminem
975 2528 1101 2573 vestrum
1132 2536 1184 2574 nec
1215 2527 1282 2574 aute

223 2620 367 2696 ignorasse
389 2634 417 2680 et
437 2625 572 2682 hesterno
594 2626 649 2693 die,
673 2626 847 2702 explicatam
862 2625 1004 2681 intuentes
1027 2622 1128 2691 aciem,
1151 2623 1280 2679 animad-

224 2729 338 2786 uertisse
359 2740 469 2787 certum
492 2733 595 2792 habeo.
646 2733 694 2790 Ex
717 2733 773 2789 hac
794 2742 895 2788 nostra
918 2730 1063 2805 paucitate
1086 2739 1191 2804 quarta
1211 2747 1281 2805 pars
1304 2733 1322 2788 6

225 2833 337 2892 militum
360 2837 496 2909 prasidio
522 2838 723 2925 inpedimentis
751 2838 851 2895 relicta
881 2845 960 2904 erat3
988 2854 1041 2892 nec
1061 2836 1279 2911 ignavissimum

223 2956 362 3015 quemque
384 2942 506 3017 relinqui
531 2944 568 3000 ad
590 2944 749 3001 custodiam
774 2943 952 3000 sarcinarum
983 2942 1069 3000 scitis.
1114 2942 1173 3001 Sed
1193 2940 1280 2999 fueri·
1305 2947 1322 3001 7

224 3062 281 3101 mus
302 3065 419 3115 omnes;
449 3068 571 3123 parvom
593 3051 649 3107 hoc
670 3050 786 3106 tandem
810 3066 873 3106 esse
896 3047 1056 3116 credimus,
1078 3048 1157 3121 quo‘d
1178 3067 1214 3103 ex
1236 3047 1281 3105 his

220 3151 335 3221 eastris,
364 3154 395 3209 in
424 3154 527 3227 quibus
548 3156 604 3211 hae
624 3164 709 3212 nocte
731 3154 904 3222 mansimus,
933 3153 1037 3210 exituri
1055 3153 1093 3210 *iu
1115 3153 1205 3209 aciem
1228 3154 1281 3210 ho·

221 3255 318 3315 diemo
347 3267 398 3315 aut
426 3278 570 3317 summum
600 3260 725 3318 crastino
751 3260 811 3328 die,
840 3259 865 3316 si
887 3259 929 3315 ita
949 3258 1106 3326 videbitur,
1131 3257 1186 3314 diis
1208 3258 1282 3316 bene

222 3359 394 3428 iuvantibus,
416 3364 535 3421 sumus?
566 3366 684 3423 Nihilne
704 3366 831 3436 interest,
852 3374 948 3421 utrum
971 3363 1100 3432 militem,
1124 3382 1210 3438 quem
1230 3383 1280 3421 ne·
1304 3366 1322 3423 8

225 3523 453 3534 --ψ

226 3602 366 3705 asignis'm
385 3646 543 3710 propositum
561 3661 653 3710 pugna
671 3649 703 3695 ad
727 3648 871 3697 exeundum
892 3647 946 3713 My.
966 3646 1021 3697 Em.
1039 3646 1092 3697 585
1117 3644 1207 3712 (Gryrt.
1228 3646 1282 3709 sig·

226 3743 281 3778 uum
305 3734 462 3796 propositum
481 3749 506 3796 p.
526 3733 558 3781 ad
577 3748 618 3782 ex.
656 3733 868 3798 Interpunctionem
888 3752 950 3784 corr.
969 3733 1051 3783 Drolc.
1088 3732 1149 3783 Auta
1166 3734 1281 3783 sententio

224 3820 391 3868 terminabatur
414 3820 438 3868 in
462 3819 571 3884 fuisset.)
619 3820 662 3878 13,
683 3827 697 3868 2
724 3830 824 3886 tempus
843 3830 882 3870 est
933 3828 948 3871 3
968 3822 1153 3885 intempestime
1201 3827 1217 3869 4
1237 3836 1282 3870 ex·

226 3904 322 3954 trahere
336 3922 467 3955 sermones
482 3906 606 3972 Lacunam
619 3908 712 3957 notavit
726 3906 780 3972 My.
806 3906 907 3957 Videtur
912 3910 1006 3973 subsc.-
1027 3908 1156 3958 Adversus
1172 3922 1216 3956 eos
1228 3922 1283 3956 ser·

224 4003 312 4041 mones
322 3991 413 4059 (Gryn.
424 3993 488 4043 Post
497 3994 635 4058 sermones)
645 3994 742 4058 ltamen
755 3994 844 4043 consul
858 3994 1038 4054 RutiliusAEm.
1046 3992 1103 4044 586
1127 3994 1280 4054 XXXVIII,

227 4075 272 4132 l,l
294 4081 413 4129 omnibus
424 4095 455 4128 ex
466 4080 657 4146 unuaAaouym.
694 4080 743 4139 ἣ]
765 4082 813 4130 alis
832 4084 941 4131 tainum
953 4090 1020 4131 asset
1030 4090 1055 4131 et
1064 4082 1099 4130 ibi
1135 4081 1159 4137 3,
1179 4087 1194 4129 2
1214 4083 1282 4144 quod

227 4167 348 4215 occultius
382 4166 408 4226 4,
419 4174 434 4216 2
445 4167 491 4231 (H.
502 4170 624 4232 peniteat)
652 4173 667 4216 a
687 4168 806 4231 opinione
827 4183 882 4218 esse
894 4183 926 4217 ne
939 4170 996 4234 quis
1010 4170 1064 4218 siue
1077 4182 1155 4216 causa
1167 4176 1281 4217 uestrum

233 4264 322 4317 Vahlen
341 4276 460 4332 (restrum
480 4273 534 4320 sine
552 4286 632 4319 causa
650 4270 766 4336 Kreyss.)
809 4274 960 4321 4ueidetur
1000 4272 1025 4330 b,
1044 4276 1059 4319 8
1078 4271 1223 4335 inplicatam
1243 4272 1283 4320 in·

223 4358 318 4405 tuentis
340 4356 413 4407 Gron.
461 4356 486 4415 7,
514 4358 600 4407 3hoc
617 4366 693 4407 nocte
711 4358 868 4408 munsimrus
887 4360 978 4408 exituri
1020 4358 1191 4407 tuidebatur
