3475 5084
487 467 525 524 90
757 463 837 513 Liber
854 462 940 513 XLII.
972 462 1023 524 (A..
1039 475 1064 510 n.
1084 474 1107 509 c.
1128 461 1202 522 58³.)

444 664 552 721 sosque
573 647 611 703 ad
632 646 779 704 incautum
803 649 916 705 hostem
938 647 1064 717 reditus,
1092 664 1146 703 noo
1167 654 1200 702 ut
1221 652 1286 701 astu
1308 642 1404 717 magis
1427 659 1511 715 quarn

444 770 516 810 vera
536 752 642 809 virtute
662 752 865 827 gloriarentur,
885 752 964 811 balla
977 752 1103 810 maiores
1121 750 1255 825 gessisse.
1286 748 1421 807 Indicere
1435 746 1511 822 prius

444 876 532 932 quam
553 875 654 932 gerere
676 857 777 914 solitos
798 858 890 928 balla3
920 857 1089 916 denuntiare
1117 857 1205 913 etiam
1228 854 1372 911 interdum
1390 871 1512 928 paphum

406 963 472 1019 det
498 963 585 1019 locum
613 964 710 1034 finire,
737 963 767 1020 in
790 983 849 1039 quo
873 964 1037 1022 dimicaturi
1066 971 1171 1019 essent.
1213 960 1326 1018 Eadem
1355 958 1414 1015 fide
1441 957 1512 1013 indi·

445 1076 540 1125 catum
573 1069 689 1142 Pyrrho
718 1070 781 1144 regi
804 1069 952 1143 ,medicum
986 1068 1053 1125 vitas
1082 1068 1144 1125 cius
1174 1066 1375 1132 insidiantem
1412 1062 1510 1119 eadem

406 1171 421 1227 7
445 1172 568 1229 Faliscis
596 1172 724 1230 vinctum
757 1175 895 1232 traditum
926 1174 1104 1248 proditorem
1136 1172 1303 1229 liberorum.
1353 1164 1511 1240 Religionis

444 1274 506 1331 haec
527 1277 668 1335 Romanae
689 1296 768 1349 esse,
789 1297 848 1336 non
869 1278 1063 1336 versutiarum
1085 1259 1262 1335 Punicarum
1284 1290 1380 1345 neque
1403 1269 1511 1326 callidi·

444 1381 513 1436 tatis
542 1380 669 1450 Graecae,
709 1390 780 1456 aput
816 1401 885 1456 quos
916 1382 1018 1441 fallere
1048 1383 1161 1440 hostem
1182 1399 1286 1461 *quam
1317 1377 1348 1433 vi
1375 1394 1512 1451 superare

404 1483 600 1559 dgloriosius
631 1484 726 1543 fuerit.
776 1488 925 1545 Interdum
959 1488 989 1544 in
1023 1476 1150 1563 pr'oesens
1175 1495 1290 1559 tempus
1318 1482 1385 1556 plus
1412 1480 1512 1557 profici

444 1588 512 1645 dolo
542 1608 630 1663 quam
658 1591 776 1661 virtute,
809 1593 860 1650 sad
891 1593 952 1651 eius
979 1593 1094 1650 demum
1126 1592 1252 1649 animum
1282 1589 1312 1646 in
1341 1597 1511 1662 perpetuum

444 1693 535 1764 vinci,
563 1694 609 1751 cui
631 1694 775 1754 confessio
805 1717 945 1772 expressa
967 1700 1020 1770 sit,
1048 1717 1080 1755 se
1109 1715 1205 1770 neque
1232 1703 1295 1750 arte
1316 1711 1414 1766 nequa
1436 1711 1511 1760 casn,

443 1798 504 1869 sed,
519 1799 632 1856 collatis
647 1802 807 1859 comminus
822 1804 942 1874 viribus,
955 1804 1032 1861 iusto
1047 1821 1082 1860 ao
1097 1799 1146 1875 pio
1161 1817 1224 1856 esse
1239 1797 1315 1854 bello
1334 1808 1511 1873 superatum.

403 1903 516 1963 aflaee
546 1906 691 1977 seniores,
728 1908 832 1981 quibus
864 1927 943 1965 nova
971 1910 1033 1965 heec
1062 1907 1156 1963 minus
1191 1904 1328 1984 placebat
1359 1904 1510 1979 sapientia.
1565 1905 1566 1913 ’

444 2007 525 2065 Vicit
545 2018 642 2067 tamen
663 2030 698 2069 ea
726 2031 796 2087 pars
816 2023 951 2084 senatus,
978 2013 1025 2071 oui
1052 2013 1151 2087 potior
1178 2010 1256 2089 utilis
1285 2026 1373 2082 qnam
1399 2008 1511 2066 honesti

444 2130 515 2170 cura
536 2123 616 2187 erat,
646 2126 678 2173 ut
705 2120 934 2192 conprobaretur
962 2118 1042 2193 prior
1071 2116 1179 2192 legatio
1210 2114 1321 2186 Marci,
1353 2122 1382 2171 et
1412 2116 1511 2172 eodem
1566 2114 1567 2119 ’

442 2238 543 2277 rursus
563 2221 594 2278 in
616 2222 761 2281 Graeciam
789 2242 855 2281 oum
878 2218 896 2251 ¹*
924 2222 1180 2297 quinqueremibus
1209 2220 1405 2278 remitteretur
1433 2220 1511 2278 iube-

442 2332 580 2400 returque
606 2337 720 2398 cetera,
739 2329 782 2385 nti
803 2349 819 2386 e
840 2328 1009 2407 republica
1031 2328 1157 2385 maxime
1178 2327 1272 2384 visum
1294 2335 1387 2397 esset,
1417 2345 1511 2402 agere.

385 2433 421 2490 to
443 2431 484 2489 A.
506 2449 623 2506 quoque
636 2432 761 2491 Atilium
783 2434 922 2493 miseruut
947 2435 985 2491 ad
999 2434 1199 2509 occupandam
1214 2433 1351 2491 Larisam
1372 2432 1404 2489 in
1419 2434 1510 2489 Thes·
1568 2492 1569 2496 ,

443 2536 534 2610 salia,
556 2538 699 2610 timentes,
719 2558 772 2610 ne,
794 2540 819 2597 si
841 2541 1017 2597 indutiarum
1040 2540 1102 2597 dies
1125 2539 1242 2608 exisset,
1263 2538 1391 2608 Perseus,
1414 2538 1510 2613 praesi·

320 2635 325 2643 ’
352 2680 355 2687 =
385 2648 416 2702 11
444 2640 492 2697 dio
523 2660 558 2699 eo
587 2642 690 2713 misso,
722 2653 811 2719 caput
842 2645 1003 2702 Thessalia
1030 2645 1060 2700 in
1089 2652 1234 2719 potestate
1262 2644 1392 2704 haberet.
1443 2645 1510 2701 Duo

444 2745 524 2800 milia
554 2747 684 2820 peditum
714 2750 823 2806 Atilius
852 2748 890 2807 ab
918 2748 972 2809 Cn.
995 2749 1104 2809 Sicinio
1134 2749 1267 2824 accipere
1295 2748 1334 2805 ad
1362 2767 1427 2807 eam
1450 2768 1508 2807 rem

385 2857 420 2912 12
443 2850 586 2923 agendam
608 2852 717 2923 iussus,
739 2865 768 2910 et
788 2856 824 2911 P.
848 2855 987 2933 Lentulo,
1009 2856 1059 2930 qui
1081 2874 1117 2912 ex
1140 2854 1256 2912 Achaia
1276 2836 1413 2927 redierat,
1435 2854 1509 2913 CCC
1569 2915 1570 2926 ,

443 2955 548 3012 milites
574 2957 668 3014 Italici
697 2960 811 3033 generis
842 2960 917 3032 dati,
948 2970 979 3018 ut
1008 2960 1118 3019 Thebis
1147 2962 1231 3018 daret
1259 2978 1394 3035 operam,
1424 2971 1457 3019 ut
1482 2962 1508 3019 in
1569 2936 1570 2969 ³

387 3084 394 3100 ·
442 3070 586 3137 potestate
607 3063 723 3120 Boeotia
744 3074 830 3125 esset.

357 3158 401 3229 48
526 3168 582 3226 His
603 3170 789 3243 praeparatis,
817 3189 995 3246 quamquam
1024 3172 1062 3228 ad
1084 3171 1190 3227 bellum
1213 3171 1334 3229 consilia
1356 3182 1440 3231 erant
1461 3174 1507 3230 dc·
1569 3172 1570 3192 ³

403 3272 419 3327 2
442 3272 564 3345 stinata,
593 3283 725 3333 senatum
746 3286 844 3334 tamen
875 3277 998 3353 praeberi
1018 3277 1122 3352 legatis
1143 3277 1261 3351 placuit.
1304 3278 1417 3336 Eadem
1440 3278 1507 3349 iere,

442 3471 547 3519 thalla
564 3472 723 3533 magisqnam
742 3471 852 3520 maiores
876 3472 985 3534 lindioe
1009 3472 1079 3535 prius
1124 3477 1138 3521 5
1163 3439 1290 3520 interdum
1314 3472 1387 3520 finire
1407 3471 1505 3537 Kreyss.

442 3556 536 3621 (Gryn.
555 3556 640 3615 etiam,
660 3557 786 3605 interdurn
805 3558 892 3607 locum
905 3558 996 3621 unire)
1042 3558 1066 3616 6,
1087 3564 1101 3605 2
1121 3560 1268 3621 pyrromogi
1288 3560 1418 3607 medicum
1454 3559 1505 3619 7‚1

441 3645 509 3705 regis
527 3643 582 3691 hec
600 3655 705 3692 romana
723 3657 780 3692 esse
806 3643 898 3695 Vahlen
926 3643 1015 3710 (Grya
1036 3645 1178 3694 liberorum
1195 3646 1272 3709 regis.
1308 3645 1372 3694 Haeo
1390 3646 1507 3695 Murena

442 3765 563 3827 esse-.)
595 3728 789 3830 2publicarnm
826 3769 960 3829 agrariae
979 3776 1040 3831 aput
1059 3768 1147 3818 fallere
1188 3769 1214 3833 8,
1234 3774 1249 3817 3
1269 3760 1352 3832 neque
1371 3779 1445 3834 parte
1464 3785 1507 3818 ne·

442 3867 490 3917 quc
509 3868 584 3902 casus
620 3859 636 3901 4
654 3855 751 3904 bellum
772 3853 904 3917 (Frobll
916 3855 985 3905 bello
1006 3870 1060 3904 esse
1079 3855 1175 3919 super.)
1218 3856 1243 3915 9,
1264 3862 1275 3905 1
1296 3872 1365 3905 nona
1384 3873 1414 3906 ao
1434 3860 1507 3906 nimis

439 3940 562 4005 placebat
584 3946 598 3988 2
619 3950 696 3989 tanen
712 3942 717 4003 1
733 3942 774 3989 oui
793 3942 886 4003 potiori
907 3943 993 3990 utilius
1030 3949 1045 3991 ³
1066 3944 1153 3992 marcii
1174 3945 1205 4005 (l)
1229 3944 1288 3993 Tum
1308 3945 1340 3993 A.
1366 3944 1507 3994 Perizonius

441 4035 467 4076 et
484 4028 551 4075 idem
582 4033 674 4077 tcum
694 4028 918 4088 quinqueremibus
928 4028 1057 4078 Excidisse
1081 4047 1200 4079 numerum
1212 4029 1409 4081 Dulcerusvrdit.
1437 4032 1506 4091 10,1

440 4132 537 4180 exisset
545 4132 664 4195 prasidio
684 4129 753 4190 11‚1
774 4144 808 4179 nr·
828 4132 878 4180 dno
896 4127 1011 4196 peditum
1039 4138 1053 4181 2
1073 4135 1214 4186 atilliusab
1228 4117 1386 4189 edancium
1402 4120 1508 4191 acconi-

440 4236 500 4284 ders
518 4237 551 4285 ad
593 4234 635 4296 12,
656 4219 749 4286 l‘occe
766 4236 861 4286 milites
896 4242 911 4287 ³
930 4236 1032 4288 boetius
