3475 5084
463 538 502 594 58
593 505 599 523 Ι
886 532 1019 582 Periocha

419 733 477 783 sola
494 733 521 781 in
539 732 589 780 fide
607 732 637 781 P.
659 734 689 781 R.
710 741 850 788 manserat,
878 732 1035 795 oppugnarit
1058 742 1082 779 et
1104 731 1202 793 aliquot
1225 728 1323 793 proeliis
1348 726 1472 775 navalibus

421 826 503 874 victus
521 827 634 874 recessit.
671 824 815 873 Archelaus
841 823 975 887 praelectus
1000 825 1067 885 regis
1090 823 1116 871 in
1136 822 1261 872 Graeciam
1286 836 1344 869 curn
1369 820 1473 867 exercitu

420 919 498 981 veuit,
516 919 634 967 Athenas
644 917 788 979 occupavit.
817 916 945 964 Praeterea
957 916 1152 978 trepidationem
1166 917 1266 963 urbium
1280 913 1474 973 insularumque,

420 1012 477 1060 aliis
495 1013 529 1061 ad
547 1011 736 1069 Mithridatem,
766 1009 823 1057 aliis
847 1010 880 1056 ad
904 1009 1026 1072 populum
1045 1010 1189 1059 Romanum
1208 1007 1324 1055 civitates
1348 1021 1407 1054 suas
1430 1012 1475 1052 tra·

419 1104 547 1163 luentibus,
566 1103 689 1151 continet.

811 1261 860 1310 EX
879 1261 946 1311 LlB.
966 1260 1088 1311 LXXIX.

490 1380 520 1428 L.
542 1378 676 1427 Cornelius
703 1376 785 1425 Cinna
809 1392 861 1427 cos,
887 1393 965 1441 quum
991 1378 1144 1441 perniciosas
1168 1376 1238 1437 leges
1260 1388 1307 1438 per
1330 1372 1383 1420 vim
1408 1380 1478 1435 atque

419 1488 491 1521 arma
515 1472 606 1529 ferret,
639 1472 729 1535 pulsus
754 1472 816 1520 urbe
843 1470 877 1517 ab
897 1467 944 1517 Cu.
964 1466 1071 1517 Octavio
1097 1468 1197 1530 collega
1221 1481 1280 1515 cum
1304 1481 1352 1515 sex
1377 1465 1479 1513 tribunis

417 1566 499 1629 plebis
523 1564 681 1628 imperioque
706 1565 729 1612 ei
752 1565 887 1625 abrogato,
915 1569 1063 1624 corruptum
1080 1560 1148 1624 App.
1169 1558 1270 1609 Claudii
1295 1560 1438 1607 exercitum
1456 1560 1479 1606 in

417 1666 570 1722 potestatem
593 1673 665 1706 snam
684 1657 783 1718 redegit
800 1664 826 1703 et
843 1654 938 1703 bellum
959 1654 1014 1701 urbi
1033 1653 1126 1715 intulit,
1155 1653 1276 1700 arcessito
1296 1649 1326 1700 C.
1347 1652 1434 1700 Mario
1451 1666 1480 1699 ex

417 1751 509 1801 Africa
528 1766 586 1798 cum
605 1748 663 1797 aliis
681 1747 827 1806 exauritum
845 1749 872 1795 in
892 1762 943 1810 quo
961 1746 1029 1795 bello
1041 1746 1099 1793 *duc
1118 1744 1218 1801 iratres,
1238 1744 1304 1792 alter
1322 1760 1359 1795 ex
1366 1744 1479 1808 Pompeii

418 1844 547 1902 exercitu,
576 1842 641 1889 alter
666 1856 699 1888 ex
718 1839 822 1903 Cinnae,
854 1841 1001 1903 ignorantes
1029 1846 1223 1896 concurrerunt,
1254 1844 1280 1885 ct
1305 1852 1387 1900 quum
1408 1840 1480 1887 victor

416 1935 540 1999 spoliaret
557 1935 679 1993 occisum,
709 1935 796 1995 agnito
814 1933 902 1990 fratrc,
929 1933 1029 1995 ingenti
1052 1930 1236 1979 lamentatione
1261 1930 1346 1994 edita,
1380 1947 1443 1994 rogo
1460 1932 1479 1977 ei

417 2034 557 2084 exstructo,
583 2026 638 2088 ipae
658 2040 686 2074 se
704 2040 782 2087 supra
805 2039 895 2086 rogum
916 2024 1053 2073 transfodit
1077 2032 1102 2072 et
1127 2024 1216 2072 eodem
1235 2024 1296 2085 igne
1315 2034 1479 2086 consumptus

415 2125 462 2166 est.
498 2118 533 2165 Et
551 2131 629 2178 quum
649 2117 757 2181 opprimi
778 2118 845 2165 inter
863 2117 936 2165 initia
953 2118 1086 2179 potuisset,
1111 2114 1160 2165 Cn.
1178 2114 1294 2178 Pompeii
1312 2115 1416 2175 fraude,
1441 2116 1479 2177 qui

416 2216 551 2271 utramque
573 2220 674 2271 partem
701 2209 811 2258 fovendo
834 2211 901 2258 vires
921 2208 1011 2259 Cinnae
1030 2210 1101 2258 dedit
1126 2224 1173 2257 nec
1198 2209 1248 2257 nisi
1272 2208 1420 2271 profligatis
1439 2225 1478 2272 cp·

340 2334 344 2343 .
416 2301 542 2349 timatinm
560 2303 636 2351 rebus
654 2302 777 2351 auxilinm
797 2303 862 2365 tulit,
883 2311 908 2351 et
926 2303 1038 2352 consulis
1056 2303 1166 2364 segnitia
1190 2302 1334 2351 confirmati
1356 2300 1441 2351 Cinna
1458 2310 1480 2349 et

416 2394 515 2443 Marius
539 2402 660 2457 quattuor
682 2395 849 2457 exercitibus,
881 2411 914 2444 ax
937 2396 1029 2459 quibus
1054 2396 1105 2443 dno
1133 2392 1163 2454 Q.
1183 2394 1297 2445 Sertorio
1322 2402 1349 2441 et
1369 2392 1478 2443 Carboni

415 2488 469 2536 dati
488 2495 556 2546 sunt,
574 2488 663 2536 urbem
682 2488 906 2537 circumsederunt.
944 2488 1044 2538 Ostiam
1063 2487 1189 2537 coloniam
1204 2486 1305 2536 Mariua
1323 2487 1479 2551 expugnavit

415 2588 441 2628 et
459 2579 596 2629 crudeliter
613 2580 726 2644 diripuit.

816 2740 867 2789 EX
885 2741 951 2790 ΠΒ.
971 2740 1081 2790 Lxxx,

486 2857 583 2905 Italicis
601 2858 702 2919 populis
721 2871 737 2903 a
755 2865 846 2905 senatu
865 2858 954 2906 civitas
967 2858 1028 2905 data
1039 2865 1084 2905 est.
1121 2854 1258 2913 Samnites,
1278 2856 1322 2917 qui
1342 2857 1393 2905 soli
1413 2870 1479 2905 arms

417 2950 581 3013 recipiebant,
602 2948 690 2997 Cinnae
712 2959 736 2997 et
754 2950 839 2999 Mario
860 2962 887 2999 se
906 2951 1107 3009 coniunxerunt;
1133 2946 1165 2995 ab
1183 2948 1224 2996 his
1241 2947 1362 2997 Plautius
1381 2950 1478 3013 legatus

416 3058 473 3091 cum
497 3043 611 3091 exercitu
634 3056 715 3091 eaesua
741 3050 787 3091 est.
832 3041 916 3091 Cinna
934 3050 960 3091 et
977 3044 1075 3093 Marius
1100 3056 1157 3089 cum
1176 3039 1295 3090 Carbone
1323 3051 1349 3090 et
1368 3041 1478 3091 Sertorio

415 3136 560 3184 Ianiculum
583 3144 795 3199 oppugnaverunt
822 3143 847 3184 et
874 3135 956 3199 fugati
985 3136 1017 3184 ab
1042 3135 1149 3185 Octavio
1177 3136 1283 3183 consula
1310 3140 1477 3183 recesserunt

415 3229 513 3278 Marius
534 3229 641 3277 Antium
660 3238 685 3276 et
703 3229 818 3277 Ariciam
843 3237 869 3277 ct
889 3228 1033 3277 Lanuvium
1054 3227 1167 3276 colonias
1188 3228 1354 3290 expugnavit
1397 3225 1477 3285 Quum

416 3338 472 3387 spes
490 3322 561 3370 nulla
579 3330 645 3369 esset
668 3322 834 3385 optimatibus
860 3321 995 3369 resistendi
1017 3328 1121 3384 propter
1144 3320 1277 3383 segnitiam
1301 3329 1327 3369 et
1344 3320 1476 3384 perfidiam

415 3424 441 3464 et
458 3418 550 3463 ducum
570 3422 596 3461 et
613 3414 731 3473 militurn,
750 3414 793 3475 qui
813 3415 924 3477 corrupti
942 3422 988 3463 aut
1004 3406 1118 3477 pugnare
1130 3414 1254 3462 nolebant
1268 3415 1352 3461 autin
1366 3412 1477 3459 diversas

416 3514 502 3579 partes
520 3507 677 3566 transibant,
701 3504 785 3555 Cinna
808 3516 834 3555 et
851 3508 949 3555 Marius
970 3508 999 3555 in
1019 3507 1108 3554 urbem
1132 3506 1226 3569 recepti
1246 3514 1318 3565 sunt3
1346 3506 1391 3567 qui
1410 3503 1478 3551 velut

399 3641 401 3648 .
417 3609 518 3662 captam
537 3613 592 3647 eam
613 3600 724 3648 caedibus
747 3615 778 3647 ac
795 3600 893 3664 rapinis
912 3606 1092 3663 vastaverunt,
1120 3597 1167 3648 Cn.
1186 3596 1295 3646 Octavio
1317 3612 1373 3645 cos.
1394 3597 1476 3644 occiso

415 3698 442 3740 et
459 3692 577 3741 omnibus
594 3692 708 3745 adversae
725 3695 804 3757 partis
822 3667 951 3742 nbbilibus
969 3693 1110 3750 trucidatis,
1128 3694 1194 3740 inter
1212 3706 1276 3753 quos
1294 3689 1331 3739 M.
1350 3688 1476 3745 Antonio,

415 3785 627 3847 eloquentissimo
651 3786 721 3842 viro,
749 3794 775 3834 et
794 3784 822 3834 C.
851 3795 874 3834 et
891 3786 921 3835 L.
942 3783 1059 3845 Caesare,
1091 3799 1198 3848 quorum
1225 3784 1310 3847 capita
1333 3783 1360 3830 in
1389 3782 1476 3830 rostris

414 3878 499 3941 posita
512 3886 586 3938 sunt,
613 3875 722 3928 Crassus
738 3878 807 3927 filius
824 3879 857 3927 ab
877 3880 1005 3942 equitibus
1018 3878 1138 3927 Fimbria
1151 3879 1258 3937 occisus,
1276 3883 1350 3939 pater
1360 3873 1475 3935 Crassus,

352 4013 357 4020 .
415 3986 447 4019 ue
465 3971 527 4034 quid
545 3970 678 4033 indignum
697 3972 790 4020 virtute
810 3987 856 4020 sua
874 3979 1010 4035 pateretur,
1035 3972 1121 4034 gladio
1140 3985 1167 4020 se
1185 3970 1319 4019 transfixit.
1360 3968 1396 4016 Et
1414 3968 1473 4015 citra

415 4064 469 4112 ulla
493 4064 597 4112 comitia
622 4063 739 4112 consules
764 4064 792 4111 in
815 4074 965 4126 sequentem
994 4079 1087 4113 annum
1116 4079 1143 4113 se
1168 4064 1237 4128 ipsos
1256 4063 1472 4111 renuntiaverunt

414 4158 564 4221 Eodemque
585 4157 634 4216 die,
654 4170 705 4218 quo
724 4157 901 4219 magistratum
921 4157 1038 4216 inierant,
1057 4156 1155 4207 Marius
1174 4158 1235 4207 Sex.
1254 4156 1382 4206 Licinium
1401 4168 1472 4203 sena·

415 4261 494 4299 torem
515 4251 546 4300 dc
564 4266 627 4300 saxo
647 4252 720 4300 deiici
738 4252 819 4309 iussit,
838 4252 964 4313 editisque
979 4251 1095 4315 plurimis
1113 4251 1261 4311 sceleribus,
1281 4251 1365 4298 idibus
1374 4230 1471 4296 Ibnusr.

414 4344 539 4402 decessit,
568 4343 618 4403 vir,
646 4345 718 4393 cuius
742 4345 763 4393 si
782 4344 962 4393 examinentur
979 4359 1036 4393 cum
1055 4345 1190 4393 virtutibus
1209 4344 1283 4403 vitia,
1311 4341 1381 4390 baud
1398 4339 1471 4391 facile
