3475 5084
543 509 620 557 Liber
637 509 720 557 XLV.
759 509 805 571 (A.
827 509 887 559 cur.
909 510 980 573 168.)
1181 515 1239 571 223

306 696 345 753 Et
366 695 498 770 Popilius
520 705 549 752 et
569 715 605 753 aa
624 695 741 770 legatio,
764 714 828 770 quae
849 698 938 753 missa
958 695 995 752 ad
1010 696 1186 755 Antiochum
1209 708 1281 768 erat,
1325 692 1362 764 13

222 802 346 857 Romam
378 800 472 857 rediit.
529 801 666 871 Rettulit,
698 802 912 859 controversias
943 802 1120 877 interreges
1151 803 1280 861 sublatas

223 924 284 963 esse
314 908 531 982 exercitumque
559 926 596 965 ax
624 909 756 982 AEgypto
783 907 813 963 in
844 906 958 983 Syriam
996 907 1155 977 reductum.
1207 910 1320 968 Post2

220 1012 350 1086 ipsorum
377 1030 478 1087 regum
505 1012 593 1087 legati
618 1022 767 1070 venerunt.
819 1012 959 1070 Antiochi
985 1013 1087 1088 legati,
1114 1012 1280 1087 referentes,

221 1117 298 1173 omni
322 1118 446 1175 victoria
471 1119 613 1193 potiorem
641 1138 743 1193 pacem
770 1120 848 1194 regi,
881 1138 944 1193 quaa
976 1119 1087 1176 senatui
1117 1120 1279 1194 placuisset,

220 1223 324 1293 visam,
346 1242 470 1299 eumque
497 1225 568 1281 haut
595 1244 677 1283 secus
707 1244 793 1299 quam
821 1226 940 1282 deorum
971 1224 1091 1299 imperio
1118 1226 1278 1301 legatorum

219 1329 419 1385 Romanorum
444 1329 529 1387 iussis
556 1330 701 1405 paruisse,
739 1330 877 1405 gratulati
904 1331 970 1387 dein
995 1331 1031 1387 de
1057 1330 1179 1391 victoria
1205 1340 1280 1403 sunt,
1302 1339 1319 1392 3

220 1453 306 1507 quam
337 1454 393 1510 ope
419 1454 485 1505 suc,
517 1436 542 1492 si
570 1436 638 1510 quid
667 1434 837 1511 imperatum
866 1436 957 1508 foret,
988 1436 1151 1493 adiuturum
1182 1456 1278 1512 regem

218 1538 318 1598 fuisse.
360 1540 513 1599 Ptolemaei
532 1541 622 1616 legati
647 1543 791 1599 communi
820 1544 935 1601 nomine
963 1543 1040 1617 regis
1068 1552 1096 1598 et
1115 1541 1316 1617 Cleopatrae4

219 1646 329 1721 gratias
357 1656 489 1721 egerunt:
524 1647 589 1721 plus
617 1666 667 1703 eos
698 1648 811 1705 senatui
839 1649 1005 1724 populoque
1028 1624 1161 1706 Romano
1191 1667 1278 1722 quam
1302 1654 1318 1706 5

218 1754 388 1827 parentibus
410 1754 479 1824 suis,
500 1754 565 1829 plus
588 1773 673 1827 quam
696 1753 750 1809 diis
771 1754 982 1811 immortalibus
997 1754 1110 1823 debera,
1132 1774 1184 1829 per
1206 1774 1278 1829 quos

220 1859 372 1916 obsidione
397 1847 559 1916 miserrima
585 1859 698 1917 liberati
724 1872 838 1931 essent,
872 1879 992 1935 ragnum
1025 1859 1150 1935 patrium
1187 1878 1277 1935 prope

220 1965 358 2021 amissum
391 1967 560 2039 recepissent.
612 1966 782 2041 Responsum
817 1969 854 2024 ab
882 1976 984 2024 senatu
1012 1976 1071 2035 est,
1099 1964 1275 2022 Antiochum
1300 1972 1317 2025 ti

218 2082 294 2127 recte
320 2072 418 2146 adque
438 2071 539 2127 ordine
558 2069 675 2141 fecisse,
700 2072 777 2146 quod
799 2071 902 2147 legatis
924 2072 1084 2147 paruisset,
1106 2082 1277 2146 gratumque

218 2176 244 2231 id
265 2195 333 2233 esse
355 2177 468 2233 senatui
489 2177 655 2251 populoque
677 2179 820 2236 Romano.
872 2179 999 2254 Regibus
1020 2178 1154 2253 AEgypti,
1175 2178 1276 2235 Ptole·
1300 2185 1314 2237 7

218 2302 289 2339 maeo
307 2281 536 2357 Cleopatraeque,
558 2260 666 2356 siquid
687 2301 739 2357 per
760 2302 791 2339 sa
814 2284 884 2341 boni
904 2283 1105 2355 commodique
1127 2282 1276 2354 evenisset,

217 2388 244 2443 id
268 2408 379 2464 magno
400 2408 490 2463 opere
509 2397 639 2444 sanatum
660 2387 761 2456 laetari,
783 2389 975 2462 daturumque
991 2406 1119 2461 operam,
1141 2397 1173 2444 ut
1195 2389 1277 2462 regni

193 2529 199 2572 'J
217 2495 259 2551 sui
289 2496 450 2551 maximum
480 2513 593 2568 semper
621 2494 783 2567 praesidium
815 2495 940 2568 positum
965 2511 1028 2549 esse
1049 2492 1077 2549 in
1100 2494 1156 2550 fide
1177 2493 1276 2569 populi

201 2601 343 2658 ‚Romani
365 2601 480 2657 ducant.
508 2662 515 2670 ,
534 2602 657 2658 Munera
677 2600 780 2674 legatis
804 2609 836 2656 ut
857 2619 894 2655 ex
915 2600 1044 2657 instituto
1066 2599 1205 2655 mittenda
1227 2618 1275 2656 cu·
1299 2606 1315 2661 8

199 2719 304 2779 raret,
327 2706 360 2764 C.
382 2707 502 2780 Papirio
523 2707 639 2779 praetori
662 2706 839 2766 mandatum.
878 2706 995 2762 Littera·
1017 2705 1118 2763 deinde
1140 2724 1154 2761 c
1176 2705 1275 2761 Mace·
1297 2710 1314 2765 9

218 2813 305 2869 donia
327 2812 432 2881 allata,
454 2831 518 2887 quae
538 2811 664 2867 victoria
688 2810 815 2897 laetitiam
837 2812 1026 2885 geminarent,
1048 2812 1157 2869 Persea
1178 2829 1275 2886 regem

194 2895 244 3003 ,in
263 2928 441 2995 potestatem
471 2917 596 2974 consulis
627 2918 749 2974 venisse.
793 2918 928 2976 Dimissis
949 2918 1061 2993 legatis,
1083 2917 1273 2991 disceptatum
1301 2923 1334 2976 10

195 3023 291 3098 „inter
312 3024 437 3081 Pisanos
459 3023 665 3097 Lunensesque
686 3024 814 3099 legatos,
843 3024 959 3081 Pisanis
982 3024 1180 3097 quarentibus,
1203 3041 1273 3096 agro

216 3149 247 3186 sa
268 3150 288 3187 a
310 3130 420 3186 colonis
431 3129 571 3186 Romanis
592 3128 670 3203 pelli,
692 3129 874 3186 Lunensibus
890 3128 1115 3195 adfirmantibus,
1138 3147 1217 3196 eum,
1239 3128 1275 3183 de

203 3254 274 3309 quo
298 3246 412 3311 agatur,
434 3236 471 3292 ab
492 3234 649 3291 triumviris
671 3253 772 3310 agrum
795 3236 851 3292 sibi
872 3236 1052 3310 adsignatum
1075 3252 1147 3290 asse.
1183 3216 1273 3292 Sena·
1300 3236 1332 3288 ll

199 3352 276 3414 „tus,
309 3342 358 3416 qui
389 3342 425 3399 cla
452 3340 556 3396 finibus
583 3348 789 3414 cognoscerent
817 3350 1042 3413 statuerantque,
1070 3339 1274 3414 quinqueviros

215 3536 299 3599 XIII,
335 3536 365 3594 1,
400 3540 411 3583 l
448 3533 595 3582 anthiocum
627 3543 700 3582 erant
726 3549 823 3604 romam
862 3534 958 3582 rettulit
991 3536 1057 3583 radit
1089 3535 1273 3583 controuersias

216 3622 240 3683 2,
266 3630 282 3671 2
311 3622 424 3670 anthioci
469 3627 483 3669 3
511 3636 574 3684 pace
593 3622 646 3682 regi
665 3621 814 3685 senatuique
831 3621 971 3685 placuisset
988 3623 1044 3669 uisa
1085 3628 1100 3669 4
1128 3629 1173 3668 aut
1217 3627 1273 3669 bct

195 3708 240 3770 3,
262 3715 273 3758 l
295 3710 379 3758 iussus
396 3708 509 3771 paruisse
526 3708 604 3769 legati
623 3709 680 3757 delo
696 3711 701 3768 Ι
719 3709 792 3773 Gryn.
812 3709 903 3757 deinde
922 3710 1054 3757 uictoriam
1084 3713 1099 3756 2
1119 3722 1166 3771 ope
1186 3709 1206 3757 si
1217 3706 1271 3771 My.

193 3796 328 3857 (summa
355 3810 402 3859 ope
429 3795 451 3843 ai
482 3792 580 3858 Sigon.)
605 3795 609 3855 Ι
633 3794 779 3844 adiuturum
807 3794 906 3860 Kreyss.
938 3794 1026 3859 (Gryn.
1057 3795 1089 3842 ad
1121 3809 1197 3858 quum
1225 3809 1273 3859 ope

216 3907 248 3917 —-
268 3882 427 3942 adiuturum)
485 3880 511 3939 4,
533 3887 544 3929 l
564 3882 705 3945 ptolomei!
721 3882 848 3945 cleopatra
908 3880 932 3940 5,
954 3888 964 3930 t
986 3896 1017 3929 eo
1033 3884 1037 3941 Ι
1053 3896 1103 3945 qua
1139 3889 1196 3929 4et
1212 3881 1269 3939 6,1

192 3962 204 4040 ,U
217 3971 355 4019 admissum
374 3970 407 4017 ab
426 3977 514 4017 senatu
550 3967 599 4026 6‚1
620 3969 767 4018 anthiocum
804 3969 951 4033 aperuisse
987 3968 1034 4027 7‚1
1055 3968 1185 4032 ptolemeo
1206 3968 1272 4016 clao-

192 4037 338 4119 1patreque
374 4056 533 4103 5ducantur
566 4055 591 4113 8,
614 4056 813 4104 teximtituta
849 4063 941 4103 tcum
961 4057 1058 4118 papirio
1100 4055 1125 4113 9,
1148 4061 1157 4103 l
1180 4055 1272 4103 deiude

193 4125 369 4212 smacedonia
390 4141 463 4192 Gran.
514 4142 557 4201 10,
579 4149 590 4192 l
615 4141 682 4193 Num
701 4143 811 4191 dimissis
828 4142 867 4191 his
890 4143 1005 4205 legatis?
1050 4139 1271 4205 2pisalnolunen·

193 4223 306 4316 &sasque
324 4230 425 4292 legatos
442 4239 468 4277 et
484 4229 607 4294 pisaulnis
650 4231 718 4279 tab
736 4230 883 4278 utrumuiris
931 4229 1006 4287 ll‚2
1032 4229 1135 4290 quidem
1153 4223 1269 4288 linibus!

217 4326 351 4378 poscerent
370 4316 495 4378 (Noscera
510 4332 557 4378 pro
576 4331 731 4377 cognoscere
749 4316 774 4365 iu
792 4315 837 4365 tali
853 4315 975 4365 reLivius
992 4332 1038 4363 nort
1057 4313 1137 4378 dicit.)
