3475 5084
933 552 976 593 XX

512 732 585 809 Oap.
607 736 685 803 34,5
707 733 924 814 recteKochius
945 731 1094 804 intellexit,
1116 751 1202 807 quum
1222 733 1251 789 in
1273 733 1371 790 codice
1392 743 1483 790 esset:

428 819 492 874 illoc
512 817 639 890 (milites)
661 817 730 873 nisit
749 815 854 890 quodid
878 818 1001 881 futurum
1022 819 1058 874 sit
1081 835 1201 892 quarere
1228 817 1276 873 ubi
1302 817 1396 874 dutum
1426 818 1484 890 sip·

429 921 493 958 aum
512 904 549 958 sit
569 910 625 957 tuor
645 901 789 957 militarum
809 917 920 973 operam
947 896 1211 976 [navaredabere],
1233 901 1287 957 sub
1308 900 1357 957 illo
1379 900 1486 974 quodid

429 985 519 1042 latero
538 1003 638 1041 vocem
661 983 894 1057 interrogationis
921 984 956 1039 de
983 993 1113 1057 tempore
1141 983 1278 1053 indicem3
1307 984 1486 1058 significatur

429 1069 504 1125 enim
526 1068 628 1124 milites
661 1084 775 1140 semper
797 1067 835 1123 ad
859 1067 1022 1123 navandam
1052 1085 1170 1141 operam
1198 1078 1316 1141 paratos
1345 1085 1407 1124 esse
1434 1066 1485 1123 de-

428 1152 513 1219 bere,
543 1150 680 1225 temporis
710 1149 850 1206 delectum
883 1149 1051 1224 imperatori
1088 1150 1261 1225 permittere.
1315 1150 1373 1209 Sed
1406 1150 1486 1224 quod

430 1235 541 1308 quondo
560 1233 689 1307 scripsit,
714 1243 829 1307 poterat
849 1233 968 1307 propius
1000 1233 1038 1289 ad
1066 1234 1193 1290 codicem
1216 1233 1322 1301 accedi,
1351 1244 1383 1291 ut
1409 1243 1487 1290 esset

430 1318 499 1374 nibil
516 1337 568 1391 quo
589 1318 649 1386 die,
679 1335 737 1373 una
758 1315 852 1372 littera
874 1326 1018 1383 correcta,
1046 1335 1109 1390 qrrae
1130 1317 1290 1392 depravata
1312 1325 1371 1385 est,
1396 1324 1486 1390 quum

431 1400 602 1458 dlibrarius
630 1400 668 1456 ad
694 1399 819 1474 priorem
847 1417 949 1456 vocem
978 1400 1113 1457 traxisset
1143 1401 1230 1474 (quod
1250 1399 1300 1476 ie);
1334 1409 1362 1456 et
1390 1399 1486 1456 acrius

430 1485 485 1541 boc
506 1494 550 1541 est
572 1502 658 1558 qnam
682 1483 800 1558 quurtdo.
832 1483 943 1540 Eodem
967 1483 1062 1558 capite
1076 1485 1123 1556 §9
1147 1483 1245 1540 omissi
1267 1483 1383 1540 alterius
1404 1483 1488 1540 verbi

431 1569 561 1638 (numeret
582 1584 635 1642 pru
656 1575 783 1632 cerneret,
805 1566 897 1638 sciret)
924 1576 1009 1623 tenue
1030 1578 1160 1641 superest
1180 1567 1210 1623 in
1231 1567 1329 1624 codice
1349 1566 1487 1624 indicium

430 1653 498 1725 (qui,
519 1670 577 1707 non
599 1652 689 1723 quis),
709 1649 759 1705 sed
782 1651 860 1723 quod
881 1649 951 1706 satis
972 1649 1022 1712 sit,
1056 1649 1190 1724 quoniam
1213 1651 1242 1707 in
1263 1650 1401 1725 primaria
1422 1667 1488 1705 sen-

430 1734 520 1790 tentia
549 1735 578 1793 h.
600 1733 618 1789 l.
640 1751 697 1789 non
728 1741 805 1789 recte
836 1733 978 1789 diceretur
1012 1743 1130 1790 cerneret
1161 1753 1215 1809 pro
1249 1735 1408 1805 intelltqeret
1436 1741 1488 1789 aut

431 1819 520 1886 eoiret,
542 1817 578 1872 de
599 1816 763 1873 coniectura
784 1835 822 1872 ex
843 1817 928 1873 rebus
952 1815 1021 1873 visis
1043 1811 1173 1891 cepta.¹)

513 1893 581 1960 bib.
602 1894 696 1975 XbV,
734 1903 770 1967 7,
802 1900 820 1954 2
856 1918 914 1955 non
949 1899 1129 1956 scribendum
1161 1899 1251 1957 fuisse
1286 1908 1362 1955 tantu
1397 1900 1489 1956 multi·

432 1984 513 2049 tudo,
541 1983 607 2050 sed,
634 1981 712 2056 quod
732 1999 834 2055 reapse
854 1983 884 2039 in
905 1981 1004 2039 codice
1025 1992 1083 2052 est,
1106 1992 1210 2039 tautum
1232 1982 1322 2056 (tuum
1345 1982 1440 2038 littera
1462 2001 1488 2038 m

432 2064 521 2122 semel
540 2065 672 2140 scripta),
704 2063 886 2122 manifestum
919 2075 963 2121 est
995 2085 1082 2140 quum
1112 2085 1149 2123 ex
1169 2085 1202 2122 re
1222 2067 1272 2140 (-
1296 2075 1415 2122 namet
1439 2065 1488 2122 alii

432 2168 490 2206 non
515 2150 639 2205 minores
666 2149 825 2206 excercitus
853 2158 1058 2206 concurrerant
1083 2149 1121 2206 ad
1149 2149 1314 2225 spectacula
1341 2158 1369 2205 et
1396 2147 1487 2205 multo
1574 2151 1575 2156 ’

325 2235 328 2241 ’
432 2232 526 2288 maior
545 2232 574 2288 in
596 2233 668 2289 urbe
689 2232 840 2288 multitudo
861 2233 931 2304 -),
960 2242 1018 2289 tum
1046 2251 1083 2289 ex
1105 2251 1156 2303 eo,
1178 2234 1272 2307 quod,
1301 2251 1364 2307 quae
1387 2231 1488 2288 Livius

433 2315 555 2384 subiicit,
577 2315 674 2371 omnia
695 2315 836 2389 pertinent
858 2317 896 2372 ad
917 2316 1072 2391 spectaculi
1093 2317 1317 2390 magnitudinem
1339 2314 1488 2372 declaran-

431 2399 509 2455 dam.
558 2402 575 2472 ξ
598 2403 615 2455 4
639 2398 707 2472 quid
728 2416 815 2454 unum
838 2399 980 2456 sententia
1000 2399 1176 2473 postularet,
1198 2399 1268 2456 vidit
1290 2402 1377 2456 homo
1400 2398 1488 2454 raris·

433 2481 504 2539 sime
535 2481 564 2537 in
595 2481 783 2539 coniectando
811 2481 896 2550 felix,
925 2483 1089 2540 Duuiatius.
1147 2482 1256 2542 Omnes
1289 2483 1338 2540 alii
1370 2482 1489 2540 comites

434 2565 548 2623 evasuri
572 2573 655 2622 erant
675 2565 776 2622 Persei
797 2566 977 2623 solitudinem
1000 2574 1029 2623 et
1050 2566 1259 2634 calamitatem3
1290 2567 1381 2634 filius,
1402 2583 1486 2639 quem

433 2649 525 2706 solum
540 2649 680 2722 ,comitem
702 2648 818 2718 habuit,
838 2649 923 2705 simul
942 2650 972 2706 in
997 2651 1116 2706 eandem
1139 2649 1332 2707 calamitatem
1354 2648 1489 2723 delapsus

433 2732 669 2788 miserabiliorem
690 2742 802 2805 patrem
824 2730 959 2789 faciebat.

515 2812 588 2890 Cap.
614 2818 660 2883 to,
687 2818 721 2870 15
742 2815 773 2870 in
793 2816 849 2872 hac
870 2815 976 2872 codicis
997 2815 1151 2890 scriptura:
1183 2833 1233 2872 nec
1260 2835 1289 2872 co
1319 2818 1427 2888 sequius
1447 2818 1489 2872 iu·

433 2899 506 2954 dicia
532 2917 565 2954 eu
596 2898 702 2954 decreto
731 2916 823 2954 corum
846 2899 903 2978 luia,
921 2895 966 2969 (C.
989 2899 1105 2972 Popilio
1136 2907 1165 2955 ct
1194 2896 1227 2956 C.
1250 2899 1395 2973 Decimio)
1416 2901 1491 2971 sacti

432 2981 525 3037 rhodii
552 2981 745 3037 coercebantur
777 3001 860 3056 quum
888 2983 1103 3057 perseverabunt
1133 2991 1189 3038 tum
1219 2985 1247 3038 io
1274 2983 1432 3057 eaequendu
1461 3003 1490 3039 re
1573 2999 1574 3012 ¹

428 3074 490 3121 tum
511 3065 619 3120 mmmm
641 3066 736 3121 lenitus
758 3084 841 3139 quum
862 3065 919 3121 boec
938 3075 1104 3138 uererentur,
1126 3066 1248 3139 primum
1271 3067 1356 3123 etiam
1371 3066 1488 3124 Vahlen

432 3147 505 3204 vidit
526 3167 563 3204 ex
584 3149 775 3204 uocabantur
796 3147 959 3205 faciendum
982 3167 1060 3216 esse,
1081 3158 1113 3204 ut
1134 3148 1291 3223 sepissime
1311 3149 1340 3205 in
1362 3151 1418 3205 hoc
1441 3168 1490 3206 co·
1573 3161 1574 3164 ’

432 3232 513 3299 dice,
545 3231 710 3287 marcebant.
757 3231 843 3292 Dein.
865 3232 1006 3307 separatis
1027 3232 1071 3298 iis,
1096 3250 1160 3305 quae
1184 3232 1221 3288 ad
1245 3233 1380 3307 proxima
1401 3233 1490 3306 perti·
1573 3249 1574 3284 3

432 3399 626 3406 ---———--⁴—-.

452 3483 480 3544 ¹)
504 3482 565 3546 Cap.
580 3487 622 3537 3ο,
636 3485 650 3527 5
661 3481 745 3543 fratre
767 3488 850 3526 ortum
869 3486 907 3528 est
925 3493 958 3528 ex
967 3478 1060 3542 fratres
1077 3479 1144 3527 inter
1162 3477 1253 3541 dempto
1275 3487 1300 3528 et
1317 3487 1385 3529 metu.
1423 3477 1487 3544 Cap.

502 3551 579 3610 31,3
607 3548 709 3599 barbari
738 3549 847 3596 nominis
873 3547 954 3597 forma
977 3549 1094 3596 restituta
1120 3545 1244 3611 (Clausal)
1274 3549 1384 3612 aequalia
1410 3549 1490 3599 efficit

501 3621 623 3671 orationis
642 3619 754 3667 membra
772 3619 811 3666 bis
830 3619 914 3682 posito
932 3635 956 3667 u.
1005 3615 1068 3681 Cap.
1090 3623 1131 3673 33,
1151 3624 1166 3667 3
1185 3633 1237 3666 non
1262 3635 1340 3667 ansus
1368 3633 1423 3667 sum
1443 3621 1489 3668 ob-

502 3693 579 3740 latam
599 3692 625 3738 in
644 3689 732 3737 codice
750 3689 920 3751 antiquiorem
944 3687 1014 3736 vocis
1032 3686 1139 3736 formam
1160 3689 1307 3753 (scummpml
1333 3689 1489 3749 oblitterare,

502 3762 558 3820 etsi,
577 3760 661 3808 Varro
680 3774 730 3822 quo
753 3773 846 3818 genere
863 3759 992 3822 posuerit,
1020 3772 1071 3806 non
1091 3766 1186 3806 certum
1206 3767 1252 3808 est.
1302 3757 1364 3820 Cap.
1385 3761 1427 3816 37,
1449 3765 1489 3821 13,

501 3831 544 3879 ubi
563 3831 590 3878 iu
608 3830 695 3878 codice
714 3839 765 3877 est:
790 3837 866 3877 tumen
884 3827 967 3877 consul
983 3828 1111 3876 orationem
1130 3827 1225 3885 lubuit,
1247 3843 1323 3891 quum
1342 3825 1489 3877 Gronovius

501 3901 563 3949 lonc
580 3898 663 3948 consul
679 3898 820 3961 suspicatus
839 3905 921 3954 esset,
944 3912 992 3960 ego
1017 3905 1055 3948 et.
1082 3898 1150 3961 qnod
1176 3913 1227 3946 non
1251 3898 1488 3956 animadverteram,

501 3981 560 4019 ante
577 3969 693 4019 Rocllius
711 3967 788 4022 talem.
807 3967 946 4032 Seyffertus
965 3968 1072 4022 dubitat,
1093 3975 1175 4016 utrum
1195 3967 1378 4030 praeferendum
1398 3969 1446 4026 sit,
1464 3976 1490 4017 at

501 4042 584 4103 magis
603 4040 683 4088 credit
699 4038 761 4087 lanc
779 4039 949 4093 scribendum.
977 4038 1053 4086 Hunc
1071 4038 1098 4085 in
1116 4051 1142 4086 re
1162 4039 1307 4102 perpusilla,
1328 4039 1397 4099 quud
1415 4047 1489 4100 pote·

501 4126 554 4159 rum
571 4111 596 4158 in
615 4110 761 4166 maioribus,
780 4110 938 4157 admonitum
957 4107 1017 4156 volo
1042 4109 1112 4168 (nam
1131 4108 1208 4170 paulo
1234 4108 1359 4156 interdum
1387 4108 1489 4171 scripsit

500 4180 660 4243 iactantius),
680 4187 715 4231 ut.
735 4180 855 4242 inspectis
873 4179 972 4226 duobus
990 4177 1056 4226 Livii
1074 4176 1150 4238 locis,
1170 4177 1203 4236 V,
1218 4183 1268 4234 at
1291 4185 1317 4225 et
1334 4177 1430 4236 XLIV,
1447 4183 1489 4236 22,

473 4250 477 4257 ’
504 4256 533 4310 l,
557 4250 640 4311 simul,
659 4250 719 4311 qnid
741 4249 773 4296 sit
790 4249 816 4295 in
834 4262 861 4295 re
880 4248 967 4296 critica
984 4246 1131 4312 probabile,
1160 4248 1237 4310 paulo
1256 4248 1402 4309 diligentius
1426 4261 1488 4296 con·

501 4321 600 4374 uideret.
