3475 5084
554 534 737 586 Liberxmv.
757 538 804 599 (a.
818 534 880 587 cur.
897 536 968 600 rea.)
1192 540 1250 596 203

245 724 287 781 ubi
307 724 400 799 plures
422 724 543 781 diversae
563 726 671 783 semitae
693 736 791 794 erant,
816 734 843 781 et
865 743 925 781 nox
946 724 1207 799 adpropinquabat,
1229 742 1292 781 cum

244 829 387 905 perpaucis
401 829 528 887 maxime
545 831 609 888 fidis
630 831 678 889 via
692 830 823 888 devertit
865 830 997 904 Equites,
1018 830 1079 887 sine
1100 830 1172 887 dttce
1193 829 1293 900 relicti,
1316 831 1333 886 3

245 934 288 990 ulii
313 934 371 992 alia
390 935 421 991 in
443 936 573 994 civitates
598 955 666 993 suas
693 937 797 1012 dilapsi
826 945 906 1005 sunt3
930 935 1068 1011 perpauci
1093 936 1160 994 iude
1181 936 1292 993 Pellam

242 1040 354 1097 celamus
376 1059 463 1115 quam
484 1042 547 1117 ipse
568 1043 701 1114 Perseus,
731 1044 799 1118 quia
820 1052 900 1099 recta
922 1050 947 1098 et
967 1040 1101 1117 expedite
1122 1041 1172 1098 via
1191 1040 1293 1110 ierant,

241 1155 434 1220 pervenerunt.
477 1149 542 1205 Rex
571 1149 609 1205 ad
637 1149 760 1205 mediam
783 1148 874 1206 ferme
896 1158 1009 1205 noctem
1035 1164 1131 1205 errore
1148 1154 1182 1227 et
1205 1145 1292 1202 variis
1317 1153 1333 1204 4

241 1249 451 1308 difficultatibus
481 1252 535 1309 vise
558 1262 682 1311 vexatus
712 1265 760 1312 est.
804 1257 839 1312 Iu
861 1254 943 1329 regia
965 1262 1064 1311 masta
1086 1254 1204 1323 Perseo,
1243 1251 1291 1326 qui
1316 1256 1331 1309 5

241 1356 322 1412 Pellae
343 1369 502 1432 praeeraut,
521 1358 637 1415 Eulaeus
651 1360 819 1435 Euctusque
833 1368 859 1417 et
880 1359 951 1435 regii
973 1358 1054 1434 pueri
1076 1368 1181 1434 presto
1202 1366 1292 1414 erant.

240 1460 343 1520 Contra
372 1482 408 1520 ea
430 1464 605 1534 amicorum,
633 1466 696 1541 qui,
725 1465 775 1523 alii
804 1467 861 1523 alio
884 1483 953 1522 casu
976 1464 1099 1535 servati,
1129 1483 1165 1521 ex
1191 1462 1292 1539 proelio

239 1566 343 1625 Peliam
374 1578 529 1640 venerant,
559 1588 623 1627 cum
650 1590 728 1647 saepe
756 1571 886 1630 arcessiti
915 1578 1025 1646 esseut,
1053 1588 1138 1627 nemo
1167 1569 1292 1625 adeum

238 1673 318 1730 veuit.
369 1674 445 1731 Tres
475 1685 557 1732 eraut
588 1685 699 1734 tantum
732 1697 796 1735 cum
825 1696 860 1734 eo
888 1676 964 1752 fuge
993 1676 1126 1744 comites,
1156 1674 1292 1732 Euander
1316 1680 1333 1733 6

238 1774 386 1850 Cretensis,
408 1780 475 1837 Neo
493 1783 613 1840 Boeotus
639 1792 668 1840 et
684 1785 881 1841 Archidamus
901 1784 1029 1841 AEtolus.
1073 1780 1146 1839 Cum
1168 1780 1212 1851 iis,
1234 1780 1291 1836 iam
1316 1784 1331 1838 7

237 1894 376 1954 metuens,
405 1904 457 1956 ne,
486 1888 534 1961 qui
555 1889 653 1947 venire
676 1890 767 1947 adse
788 1891 955 1957 abnuerent,
978 1890 1070 1945 maius
1093 1885 1201 1961 aliquid
1223 1904 1292 1942 mox

237 1989 384 2061 auderent,
413 2002 518 2067 quarta
538 1993 638 2069 vigilia
659 1996 796 2072 profugit.
840 1996 938 2055 Secuti
959 2014 1024 2053 eum
1046 2002 1112 2051 saut
1134 1994 1289 2051 admodum
1313 1994 1330 2051 8

236 2094 381 2170 quingenti
402 2096 562 2156 Cretenses.
606 2102 731 2160 Petebat
752 2103 965 2178 Amphipolim3
987 2101 1039 2158 sed
1063 2110 1147 2157 nocte
1169 2117 1187 2155 a
1209 2098 1291 2155 Pella

235 2201 354 2273 exierat,
383 2222 542 2278 properans
571 2218 638 2264 ante
666 2208 759 2265 lucem
781 2208 891 2265 Axium
923 2226 1035 2265 amnem
1061 2205 1197 2273 traicere,
1226 2222 1289 2295 eum
1329 2278 1332 2282 Δ

233 2305 312 2364 finem
333 2310 475 2383 sequendi
504 2321 624 2387 propter
648 2290 864 2371 difficultatum
878 2314 1013 2371 mausitus
1041 2311 1206 2369 inroratus
1231 2312 1291 2367 Ro·

233 2414 327 2474 manu.

313 2519 486 2591 Consulem,
508 2541 572 2579 cum
594 2540 626 2579 se
647 2522 676 2579 iu
698 2533 795 2581 castra
816 2524 910 2582 victor
931 2524 1099 2599 recepisset,
1122 2541 1158 2578 ne
1179 2522 1290 2578 siucero

234 2628 336 2699 gaudio
358 2626 519 2699 frueretur,
548 2630 675 2687 curado
698 2630 807 2687 minore
828 2631 888 2688 filio
913 2629 1089 2707 stimulabat.
1136 2631 1171 2687 P.
1195 2626 1292 2702 Scipio
1316 2627 1332 2681 2

233 2731 255 2788 is
279 2743 359 2804 erat,
397 2733 539 2791 naturalis
567 2735 654 2792 Pauli
677 2736 817 2795 ,consulis
840 2738 934 2810 filias,
977 2736 1132 2812 adoptione
1160 2733 1293 2792 Africani

233 2854 329 2913 nepos,
352 2836 510 2895 Africanus
532 2840 643 2915 etipse
664 2852 775 2918 postea,
797 2844 892 2900 deleta
912 2841 1097 2917 Carthagine,
1121 2840 1292 2916 appellatus.

233 2941 262 2997 Ia
281 2953 446 3019 septumum
469 2944 619 3003 decumum
644 2956 712 3005 tunc
733 2968 838 3006 annum
862 2967 961 3024 agens,
984 2949 1062 3023 quod
1081 2948 1176 3022 ipsum
1193 2964 1291 3003 curam
1316 2946 1332 3001 3

234 3049 367 3124 augebat,
396 3050 464 3107 dum
486 3049 578 3109 effuse
605 3052 734 3127 sequitur
762 3055 876 3124 hostes,
905 3054 935 3110 in
963 3063 1074 3129 partem
1098 3052 1185 3109 aliam
1207 3052 1292 3108 turba

233 3154 355 3213 ablatus·
380 3166 451 3227 erat,
483 3167 511 3213 et
542 3157 633 3214 serius
665 3177 729 3215 cum
751 3159 885 3230 redisset,
918 3166 985 3215 tuuc
1013 3158 1142 3227 demum,
1175 3166 1291 3231 recepto

235 3256 341 3330 sospite
362 3255 432 3325 filio,
455 3257 583 3314 victoria
598 3267 686 3315 tanta
700 3259 837 3333 gaudium
852 3259 953 3315 consul
968 3259 1064 3318 sensit.

233 3496 353 3560 addas!
373 3495 447 3562 Grya.
468 3496 571 3545 diuertit
606 3495 631 3556 3,
646 3503 660 3545 2
676 3496 763 3545 alialia
778 3496 783 3559 Ι
798 3496 851 3544 iute
894 3497 1129 3560 tractaexpedita
1149 3493 1223 3546 Groa.
1265 3493 1291 3553 4,

235 3604 245 3647 l
271 3610 368 3650 terrore
402 3599 483 3651 Weiss.
540 3606 554 3648 2
580 3609 602 3649 et
625 3600 655 3661 5,
676 3606 687 3649 l
715 3598 909 3651 difficultatibus
928 3585 1006 3650 uideri
1023 3609 1131 3649 uexatus
1149 3600 1175 3647 in
1194 3599 1290 3661 regiam

233 3694 412 3752 estaperseo
434 3686 489 3752 My.
508 3685 565 3736 Em.
585 3685 753 3761 5891qu
773 3689 819 3737 viae
837 3696 944 3737 rexatus
966 3695 1013 3737 est.
1047 3687 1077 3736 Iu
1096 3688 1166 3750 regia
1184 3686 1292 3749 Perseo)

232 3790 255 3850 5,
273 3798 288 3841 2
308 3773 393 3856 pielltu
402 3799 529 3856 preerant
542 3799 697 3853 coactusque
709 3793 761 3853 regi
774 3793 847 3856 pueri
867 3792 950 3843 Weos.
964 3790 1051 3841 ePIat.
1059 3790 1145 3842 AEmil.
1155 3790 1191 3841 23
1200 3790 1289 3856 (Gryn.

231 3905 338 3959 praerat
350 3898 447 3946 Euctus
458 3897 570 3958 regiique
580 3896 616 3959 p.)
641 3880 758 3944 satiatio
787 3895 919 3956 6,luenit
933 3910 971 3945 res
988 3903 1059 3945 eraut
1087 3896 1236 3946 toreteusis
1250 3876 1289 3944 cu.

232 3983 364 4033 euboetius
375 3981 458 4048 Sipon.
473 3981 565 4048 (Gryu.
574 3981 649 4031 Neon
661 3982 780 4043 Boetius)
793 3978 797 4044 Ι
808 3991 833 4031 et
846 3981 1012 4032 dubitationem
1023 3983 1100 4033 tabes.
1135 3982 1159 4042 7,
1175 3988 1185 4031 l
1201 3998 1257 4032 cum
1269 3982 1290 4030 is
1368 4030 1379 4050 5

231 4086 371 4137 iametueus
406 4087 431 4147 8,
452 4094 462 4136 l
485 4070 597 4137 adsecuti
614 4086 619 4148 1
635 4088 774 4136 admodum
793 4072 809 4135 a
827 4096 954 4137 cretenses
997 4093 1012 4136 2
1033 4068 1154 4152 ampipoli
1178 4090 1182 4152 1
1206 4066 1289 4152 pellae

231 4179 246 4222 3
266 4157 351 4224 auium
386 4174 482 4235 XLIV,
493 4175 517 4235 1,
528 4181 543 4223 2
555 4173 668 4223 fruerent
685 4189 745 4223 cura
780 4172 805 4235 2,
818 4180 889 4224 ΜΒ
900 4183 953 4224 erat
971 4174 1099 4224 africanus
1118 4210 1142 4223 ··
1156 4211 1181 4224 ··
1202 4174 1289 4239 appel-

231 4260 298 4311 latus
322 4262 445 4312 naturalis
470 4262 584 4311 consulis
610 4261 679 4326 pauli
705 4261 982 4326 consulis'adoptioue
1010 4261 1117 4312 africani
1134 4276 1215 4325 nepos
1234 4260 1288 4326 My.

200 4393 204 4403 ‚
230 4346 611 4411 am.590;fl1iuradu.1>oa.
643 4347 770 4397 ttdelecta
788 4350 917 4412 cartagine
947 4348 972 4414 3,
987 4347 1127 4398 taedebat
1156 4348 1290 4413 thospite
