3475 5084
543 520 622 571 uua
639 520 724 572 xuu.
762 521 807 583 (a.
827 504 889 572 cur.
913 520 983 585 171.)
1200 526 1257 583 109

236 706 347 763 cionem
370 706 500 762 honestae
512 706 594 781 pacis
610 713 739 763 uteretur
759 705 866 781 potius,
889 723 987 779 quam,
1009 723 1061 781 spe
1082 724 1160 763 vana
1174 716 1300 779 evectus,

235 811 262 867 in
283 828 388 867 casum
411 811 633 868 irrevocabilem
653 828 686 868 se
710 810 804 873 daret.
848 810 970 868 Modum
995 810 1144 885 imponere
1168 813 1300 870 secundis
1323 817 1340 871 t

234 916 317 973 rebus
344 915 507 973 nec'nimis
533 916 651 974 credere
677 916 825 973 serenitati
851 915 1001 991 praesentis
1015 917 1139 989 fortuna
1154 918 1302 991 prudentes

234 1020 360 1078 hominis
382 1028 411 1077 et
432 1021 535 1077 merito
552 1020 644 1079 felicis
661 1039 732 1080 esse.
764 1021 893 1092 Mitteret
911 1021 947 1077 ad
963 1020 1120 1090 consulem,
1143 1021 1192 1093 qui
1206 1020 1300 1079 foedus
1324 1028 1341 1081 5

232 1127 259 1182 in
280 1128 404 1183 easdem
425 1127 505 1200 leges
519 1133 704 1196 renovarent,
726 1125 831 1200 quibus
846 1124 1000 1200 Philippus
1017 1134 1101 1200 pater
1120 1125 1180 1182 eius
1197 1144 1299 1200 pacem

232 1233 267 1289 ab
289 1234 327 1291 Τ.
351 1232 490 1305 Quinctio
512 1232 623 1289 victore
647 1230 815 1305 accepisset.
854 1231 961 1304 Neque
975 1231 1051 1287 finiri
1066 1229 1171 1287 bellum
1189 1230 1300 1305 magni·
1324 1236 1341 1289 6

232 1335 365 1393 licentius
395 1355 484 1410 quam
511 1338 549 1393 ab
578 1345 638 1394 tam
666 1335 849 1393 memorabili
876 1354 976 1411 pugna
997 1353 1197 1411 passamque
1219 1353 1299 1410 spem

230 1442 388 1500 firmiorem
412 1442 494 1516 pacis
516 1451 663 1517 perpetuae
684 1442 763 1511 dari,
793 1459 881 1515 quam
910 1460 973 1515 quae
1002 1440 1150 1515 perculsos
1176 1440 1299 1496 adverso

232 1546 334 1620 proelio
350 1549 505 1605 Romanos
524 1548 670 1604 molliores
691 1546 806 1604 factura
821 1546 859 1603 sit
880 1547 918 1604 ad
939 1546 1152 1621 paciscendum.
1173 1545 1259 1617 Quod
1277 1546 1301 1602 si
1325 1555 1340 1607 7

231 1654 359 1709 Romani
381 1662 443 1709 tum
460 1671 577 1726 quoque
595 1653 684 1709 insite
698 1652 858 1728 pertinacia
877 1670 962 1725 aequa
975 1659 1208 1726 aspernarentur,
1230 1651 1300 1708 deos

230 1758 424 1831 hominesque
451 1766 480 1814 et
505 1758 713 1815 moderationis
742 1757 844 1815 Persei
872 1766 901 1813 et
928 1756 1043 1813 illorum
1071 1755 1231 1831 pervicacis
1252 1773 1300 1812 su·

231 1863 338 1936 perbiae
361 1863 477 1920 futuros
498 1871 595 1919 testes.
631 1862 803 1936 Numquam
825 1863 863 1919 ab
885 1862 991 1919 talibus
1013 1862 1139 1919 consiliis
1163 1862 1300 1919 abhorre-
1324 1872 1341 1927 s

232 1970 279 2025 bat
306 1968 389 2043 regis
416 1969 539 2028 animus.
581 1968 687 2041 Itaque
714 1968 839 2043 plurium
867 1968 992 2024 adsensu
1023 1968 1204 2043 conprobata
1232 1984 1300 2023 sen-

232 2074 330 2145 tentia,
353 2073 460 2148 legati,
489 2072 526 2127 ad
554 2071 701 2153 consulem
724 2072 818 2143 missi,
853 2072 985 2130 adhibito
1014 2070 1159 2146 frequenti
1180 2072 1302 2129 consilio
1325 2078 1342 2132 9

233 2180 320 2236 auditi
346 2187 426 2239 sunt.
464 2179 573 2235 Pacem
595 2176 714 2252 petiere,
736 2176 870 2252 vectigal,
894 2186 1033 2251 quantum
1056 2178 1209 2255 Philippus
1231 2196 1300 2255 pac·
1326 2183 1361 2235 10
1407 2220 1410 2227 .

232 2293 275 2340 tus
296 2294 386 2355 esset,
409 2284 545 2340 daturum
567 2284 678 2340 Persea
699 2283 842 2341 Romanis
863 2282 1048 2358 pollicentem
1071 2284 1200 2355 urbibus,
1223 2285 1301 2359 agris

234 2389 372 2464 locisque,
396 2389 500 2463 quibus
522 2387 675 2463 Philippus
697 2388 839 2459 cessisset,
863 2406 1011 2445 cessurum
1034 2398 1062 2445 et
1084 2388 1188 2463 ipsum.
1228 2388 1301 2445 Haec
1328 2393 1359 2447 ll

232 2474 327 2569 legati.
375 2494 535 2553 Summotis
556 2493 616 2563 his,
649 2511 713 2549 cnm
741 2493 952 2563 consultarent,
980 2495 1115 2551 Romana
1137 2492 1301 2550 constantia

233 2599 298 2657 vicit
318 2601 351 2657 in
379 2599 509 2657 consilio.
553 2599 601 2655 Ita
628 2608 690 2654 tum
721 2616 786 2654 mos
814 2606 893 2669 erat,
914 2598 944 2653 in
967 2598 1097 2655 adversis
1119 2597 1229 2674 voltum
1255 2615 1300 2653 se·

233 2706 330 2763 eundae
353 2705 481 2762 fortunae
501 2723 611 2779 gerere,
633 2702 779 2759 moderari
801 2703 898 2760 animo
921 2703 951 2760 in
972 2704 1115 2763 secundis.
1166 2689 1299 2777 Respon·
1325 2707 1361 2763 12

234 2808 291 2866 deri
312 2810 441 2886 placuit,
462 2810 504 2865 ita
525 2826 626 2883 pacem
649 2808 727 2878 dari,
749 2808 775 2865 ei
797 2809 833 2865 de
857 2827 972 2865 summa
992 2828 1089 2865 rerum
1111 2809 1233 2865 liberum
1254 2827 1299 2866 se·

234 2916 312 2973 natui
333 2915 486 2991 permittat
506 2933 559 2971 rex
580 2913 616 2970 de
637 2914 780 2987 sedeque
801 2913 939 2971 universe
959 2914 1134 2971 Macedonia
1155 2912 1301 2973 statuendi

233 3018 284 3076 ius.
328 3022 405 3079 Haec
433 3040 498 3077 cum
529 3019 742 3076 renuntiassent
763 3018 867 3094 legati,
889 3019 1029 3077 miraculo
1051 3019 1160 3094 ignaris
1181 3018 1302 3075 Romani
1326 3025 1361 3080 13

235 3127 320 3183 moris
343 3126 507 3203 pertinacia
528 3143 606 3195 esse,
636 3133 665 3181 et
685 3125 817 3201 plerique
839 3132 939 3182 vetare
971 3125 1094 3201 amplius
1125 3124 1300 3181 mentionem

234 3430 278 3498 4,1
287 3442 410 3499 {poneret
428 3414 588 3483 2necminus
597 3435 601 3500 l
610 3436 747 3484 serenitate
756 3437 890 3500 praesentis
899 3435 1011 3485 hominis
1030 3442 1121 3485 aesset
1140 3434 1164 3494 5,
1174 3440 1188 3482 2
1197 3448 1300 3498 spacem

236 3518 276 3568 bt.
288 3521 404 3583 quinctio
429 3522 454 3581 6,
467 3527 477 3570 l
489 3536 573 3585 neque
585 3523 666 3571 sinere
686 3528 700 3570 2
715 3538 790 3586 quam
802 3531 863 3587 apta
873 3523 1029 3572 memorabili
1039 3518 1136 3586 lpugna
1146 3537 1217 3587 spem
1230 3520 1298 3571 Grau.

236 3614 257 3653 et
265 3606 319 3671 My.
327 3608 384 3657 Em.
395 3606 451 3657 546
461 3608 550 3674 (Grpe.
562 3624 577 3657 a
587 3617 639 3658 tam
648 3624 723 3659 mem.
733 3608 793 3672 (Kr.
802 3610 929 3673 desinere)
939 3626 1039 3673 pugna:
1050 3624 1132 3674 neque
1145 3610 1229 3673 spem)
1249 3607 1273 3668 7,
1284 3614 1299 3657 2

237 3707 341 3743 romana
374 3694 400 3754 8,
414 3695 493 3755 aaa,
507 3701 518 3743 l
530 3698 670 3745 adsensum
681 3697 840 3761 conprobata
850 3705 891 3747 est
900 3699 1025 3747 sententia
1034 3689 1111 3759 legati
1119 3696 1174 3759 My.
1183 3694 1301 3744 Emona

238 3795 260 3854 9,
281 3803 291 3846 l
314 3779 399 3848 conss.
416 3798 421 3860 Ι
444 3797 518 3847 Vocas
531 3800 647 3849 adhibito
656 3799 783 3864 frequenti
797 3803 904 3850 consilio
923 3802 957 3850 bis
970 3796 1076 3865 'scriptae
1116 3799 1157 3858 10,
1181 3805 1192 3847 1
1213 3807 1300 3863 petere

238 3881 345 3934 Perizon.
376 3892 391 3933 2
410 3885 593 3949 pollicentibus
622 3889 770 3949 accessisset
788 3903 911 3937 caesarum
926 3888 1018 3954 (Gryn.
1034 3888 1177 3949 cessurum)
1190 3888 1299 3949 primum

241 3967 311 4021 Gran.
332 3970 422 4032 (Periz.
444 3972 658 4037 quamprimum)
701 3973 743 4034 11,
763 3981 779 4023 8
798 3975 863 4024 uidit
881 3977 907 4023 in
931 3976 1045 4025 considio
1060 3977 1064 4038 Ι
1080 3976 1106 4022 in
1125 3975 1247 4022 aduersus
1283 3978 1299 4021 3

239 4059 364 4107 moderari
382 4059 483 4107 animos
502 4058 557 4123 My.
577 4058 634 4109 Em.
653 4059 710 4110 546
753 4061 796 4123 12,
815 4068 831 4110 3
849 4062 975 4127 permittit
1011 4060 1300 4123 13‚1hacumtig·

240 4145 304 4194 naris
322 4145 402 4196 moris
419 4144 562 4209 pertinacia
578 4148 659 4195 moris
678 4162 735 4197 esse
754 4147 809 4214 My.
830 4148 921 4215 (Grpe.
945 4150 1042 4212 ignaris
1062 4150 1140 4207 moris
1158 4148 1300 4210 pertinacia

240 4230 408 4284 Romanorum
427 4232 499 4295 esse)
536 4234 653 4282 auctari
