3475 5084
515 522 594 571 Liber
610 522 694 573 XLV.
730 523 778 585 (A.
798 521 860 573 chr.
883 522 954 581 tut.)
1177 526 1237 583 243

218 705 392 780 principibus
409 706 470 763 suis
490 707 617 779 vicisset,
640 707 733 780 ,Qua
752 725 807 765 vos
827 707 943 765 rabies“
967 706 1060 779 inquit
1084 706 1209 781 „agitat,
1231 707 1282 780 qui

219 812 341 867 duorum
362 812 512 869 hominum
534 831 620 871 noxa
640 814 786 871 civitatem
809 812 1004 871 accessionem
1026 810 1143 868 facitis?
1190 812 1282 886 Equi·
1305 816 1323 871 8

218 916 299 986 dem,
333 936 388 991 pru
411 918 508 992 patria
530 919 579 993 qni
608 920 696 976 letum
718 918 915 994 oppetissent,
948 934 1025 991 saepe
1051 915 1142 974 lando
1169 915 1283 985 audivi3

218 1024 264 1095 qui
285 1022 413 1097 patriam
437 1040 491 1096 pro
512 1040 545 1079 se
566 1022 661 1097 perire
688 1042 779 1080 ascum
808 1030 974 1090 censerent,
1006 1021 1035 1079 hi
1062 1021 1148 1097 primi
1174 1021 1284 1078 inventi

217 1138 291 1183 sunt.
357 1126 436 1199 Quin
458 1128 604 1203 aperimus
634 1138 736 1204 portas
766 1137 797 1185 et
822 1126 974 1202 imperium
996 1126 1172 1201 accipimus,
1205 1126 1283 1200 quod

219 1232 295 1288 orbis
324 1240 468 1289 terrarum
491 1232 644 1309 accepit?“
693 1234 766 1291 Hac
794 1233 934 1291 dicentem
965 1249 1030 1289 cum
1058 1231 1210 1288 multitudo
1238 1228 1323 1289 se·9

218 1346 371 1411 queretur,
407 1338 554 1396 Antinous
585 1347 613 1395 et
634 1339 806 1397 Theodotus
834 1339 864 1395 in
894 1337 1018 1412 primam
1049 1338 1202 1394 stationem
1231 1338 1284 1395 ho·

218 1442 301 1499 stium
324 1442 497 1517 inruperunt
521 1444 617 1518 adque
632 1443 682 1512 ibi,
704 1442 858 1502 offerentes
880 1460 912 1499 se
931 1442 986 1517 ipsi
1000 1442 1175 1513 volneribus,
1197 1444 1284 1501 inter·

218 1546 294 1618 fecti,
319 1548 391 1604 urbs
413 1546 512 1604 dedita
533 1559 578 1605 est
601 1528 753 1610 Romanis.
803 1548 898 1609 Simili
925 1548 1086 1624 pertinacia
1108 1546 1284 1623 Cephalonis
1310 1548 1345 1601 to

218 1653 358 1729 principis
379 1653 509 1711 clausum
538 1654 733 1724 Tecmonem,
753 1654 819 1729 ipso
839 1652 1010 1723 interfecto,
1037 1672 1090 1728 per
1110 1654 1284 1711 deditionem

218 1757 338 1831 recepit.
401 1759 466 1815 Nee
487 1758 618 1833 Phylace
638 1777 692 1816 nec
713 1760 861 1817 Horreum
873 1758 1128 1834 ,oppugnationem
1151 1758 1286 1815 tulerunt.

219 1863 335 1919 Pacata
357 1862 450 1937 Epiro
472 1861 630 1937 divisisque
653 1864 682 1921 in
705 1865 828 1921 hiberna
849 1864 941 1940 copiis
963 1883 1016 1939 per
1037 1872 1216 1938 opportunas
1238 1882 1286 1919 ur·
1312 1862 1344 1917 il

219 1969 286 2037 bes,
317 1984 468 2047 regressum
488 1968 552 2043 ipse
572 1970 602 2027 in
624 1969 789 2043 Illyricum,
812 1968 946 2039 Scodra,
968 1988 1026 2043 que
1051 1968 1177 2043 quinque
1197 1965 1287 2042 legati

221 2073 256 2129 ab
283 2074 384 2130 Roma
417 2082 574 2143 venerant,
603 2074 733 2131 evocatis
762 2093 798 2131 ex
828 2083 891 2155 tota
919 2076 1071 2150 provincia
1099 2074 1286 2150 principibus,

221 2187 395 2233 conventum
417 2177 530 2237 habuit.
566 2180 612 2237 Ibi
633 2199 688 2254 pro
709 2180 847 2237 tribunali
868 2180 1067 2255 pronuntiavit
1088 2181 1124 2237 de
1144 2177 1286 2236 sententia
1311 2175 1346 2230 tt

221 2281 349 2339 consilii:
378 2281 517 2341 Senatum
547 2284 745 2359 populumque
766 2286 932 2341 Romanum
957 2284 1072 2360 illyrius
1096 2302 1160 2341 esse
1180 2284 1287 2339 liberos

221 2387 337 2457 iubere3
359 2389 493 2462 praesidia
514 2409 552 2447 ex
574 2391 707 2447 omnihus
729 2388 859 2464 oppidis,
892 2389 1007 2446 arcibus
1028 2398 1057 2446 et
1078 2388 1203 2447 castellis
1224 2406 1287 2445 sese

222 2492 422 2552 deducturum.
468 2493 539 2549 Non
559 2492 652 2549 solum
676 2494 801 2563 liberos,
823 2494 875 2551 sed
896 2494 984 2551 etiam
1005 2492 1286 2551 inmunes·iore1s-
1312 2490 1347 2544 13

222 2616 321 2656 sensea
343 2608 372 2655 et
385 2597 569 2668 Taulantios,
587 2599 825 2657 Dassaretiorum
839 2599 984 2670 Pirustas,
1007 2598 1186 2667 Rhizonitas,
1210 2597 1288 2655 Olci-

221 2704 328 2773 uiatas‚
346 2704 424 2777 quod
440 2704 577 2761 incolumi
591 2705 699 2763 Gentio
716 2705 754 2762 ad
769 2707 919 2762 Romanos
934 2701 1114 2759 defecissent.
1147 2702 1287 2761 Daorseis
1314 2702 1349 2756 14

223 2828 342 2884 quoqne
365 2809 573 2867 immunitatem
596 2810 670 2878 don,
691 2809 780 2883 quod,
800 2808 901 2865 relicto
916 2807 1104 2880 Caravantio,
1119 2827 1183 2867 cum
1200 2810 1288 2867 armis

224 2916 260 2972 ad
271 2918 425 2974 Romanos
440 2916 619 2973 transissent.
655 2914 866 2974 Scodrensibus
878 2924 906 2971 et
917 2914 1148 2971 Dassarensibus
1170 2923 1199 2971 et
1209 2913 1289 2973 Sele·

223 3020 332 3094 pitanie
364 3022 525 3095 ceterisque
559 3021 667 3098 illyriis
699 3020 824 3094 vectigal
853 3020 1003 3076 dimidium
1033 3019 1094 3075 eius
1125 3021 1289 3093 impositum,
1349 3008 1360 3025 Χ

225 3127 304 3200 quod
325 3125 388 3200 regi
408 3128 622 3202 pependissent.
669 3126 742 3183 Inde
762 3125 792 3181 in
813 3134 873 3182 tres
894 3132 992 3198 patres
1014 3122 1162 3197 Illyricum
1182 3124 1288 3181 divisit.
1315 3120 1350 3175 ¹5

226 3332 461 3342 ——--—-

225 3449 369 3497 tuicisset
388 3462 452 3511 quos
470 3446 555 3495 rabies
573 3444 663 3509 inquid
708 3442 859 3492 trinitates
875 3441 880 3503 Ι
895 3442 970 3492 factis
1008 3441 1034 3499 8,
1061 3439 1185 3489 starum
1205 3441 1291 3505 obpre-

226 3537 319 3585 tissent
333 3532 338 3598 Ι
354 3534 441 3583 audini
460 3533 568 3597 patriam
605 3532 676 3581 snit
712 3530 893 3593 taccepimus
929 3529 954 3587 9,
973 3534 989 3576 3
1007 3534 1131 3591 ruperunt
1171 3534 1290 3577 trome-

226 3621 333 3672 nisimili
369 3621 412 3681 10,
426 3626 437 3670 l
451 3619 584 3683 cepalonis
603 3618 734 3681 principiis
744 3615 834 3675 (Gran.
847 3614 964 3679 Cephali.
981 3612 1034 3663 Sed
1040 3622 1168 3678 potueruut
1184 3623 1291 3679 copaottr

226 3710 346 3758 nominum
356 3709 449 3773 soraee
466 3707 499 3755 ob
515 3706 569 3769 ipso
579 3703 813 3769 Liciopernaton'.)
832 3709 1004 3763 ttegmouem
1035 3706 1050 3749 3
1068 3701 1160 3763 recipit
1171 3702 1174 3766 Ι
1184 3702 1291 3765 pylacen

227 3795 274 3854 11,
297 3800 309 3843 l
331 3804 486 3858 pacataepro
509 3792 648 3854 diuisisque
692 3796 707 3838 2
728 3804 807 3839 scorta
827 3801 930 3851 qnoque
948 3788 1061 3851 quinque
1106 3786 1148 3845 12,
1168 3793 1183 3835 2
1202 3788 1292 3837 consili

230 3880 234 3946 l
253 3896 419 3931 romanorum
456 3886 472 3928 3
492 3880 593 3928 arciuus
611 3886 650 3928 eat
667 3877 778 3927 castellis
796 3874 865 3938 (Mp.
878 3874 933 3924 Era.
949 3872 984 3923 70
1002 3890 1035 3923 ex
1053 3874 1172 3923 omnibus
1190 3875 1291 3923 arcibus

230 3976 255 4016 et
273 3967 401 4030 castellis)
438 3965 482 4023 13,
504 3970 514 4014 l
536 3965 680 4015 ioresseuea
704 3971 730 4011 et
755 3962 891 4016 audentior
916 3961 1132 4011 desserantiorum
1159 3961 1292 4011 tirustaras

228 4053 317 4103 inittas
328 4054 477 4105 celciniatas
488 4053 556 4114 quod
568 4050 693 4112 (Pirustas
703 4047 798 4113 Siqua,
808 4047 956 4098 Rhizonitas
968 4045 1043 4096 Frob.
1053 4044 1102 4106 11,,
1113 4055 1190 4097 cetera
1202 4045 1292 4112 (ἶφι.)
1399 4102 1410 4113 1

230 4140 271 4200 14,
294 4140 515 4189 timmanitatem
536 4151 587 4199 quo
613 4135 704 4201 (ὂψ.-
723 4136 794 4187 imm.
812 4135 874 4183 dare
899 4134 980 4196 quod,
1004 4134 1058 4183 dari
1077 4132 1147 4197 My.)
1172 4134 1177 4195 1
1201 4134 1292 4183 relicto

231 4235 352 4278 canerent
390 4233 405 4276 a
425 4224 606 4283 scordeusibus
625 4231 651 4271 et
668 4221 828 4271 deterrentis
864 4220 979 4283 tillyris
999 4217 1002 4283 l
1021 4220 1075 4269 eius
1094 4221 1163 4283 quod
1181 4218 1293 4269 Muretus

231 4320 244 4362 5
263 4315 412 4380 pendissent
431 4310 514 4377 Sipott.

1046 4394 1091 4445 ld‘
