3475 5084
453 494 491 550 72
715 492 793 541 Liber
810 490 894 539 XLII.
932 492 979 553 (Α.
1000 504 1025 539 u.
1045 504 1067 538 e.
1089 490 1163 553 583.)

366 679 384 732 t
407 682 562 749 potestate.
608 672 741 733 Consulti
761 684 879 751 patres,
907 675 953 733 cui
975 674 1155 735 consulatum
1178 674 1304 752 populus
1324 673 1485 729 Romanus

407 796 468 836 non
488 788 634 855 negasset,
659 781 697 838 ab
718 798 751 838 se
770 782 953 856 provinciam
975 782 1085 857 negari,
1108 781 1263 856 superbum
1289 778 1356 848 rati,
1378 776 1482 834 sortiri

367 884 542 942 boonsules
569 885 724 946 iusserunt.
782 888 818 944 P.
843 886 955 945 Licinio
977 886 1169 956 Macedonia,
1207 885 1238 942 Ο.
1262 883 1365 943 Cassio
1388 884 1482 941 Italia

408 988 540 1045 obvenit.
586 990 731 1065 Legiones
752 991 825 1066 inde
840 991 936 1049 sortiti
956 999 1037 1060 sunt3
1059 991 1155 1065 prima
1176 999 1205 1047 et
1225 991 1312 1047 tertia
1333 989 1363 1045 in
1376 990 1482 1045 Mace·

408 1092 527 1151 doniam
550 1094 767 1166 traiicerentur,
795 1096 924 1154 secunda
945 1105 974 1154 et
998 1103 1104 1171 quarta
1129 1095 1212 1151 utin
1233 1095 1322 1152 Italia
1342 1111 1482 1151 remane-

407 1206 482 1255 rent.
530 1198 677 1257 Dilectum
700 1200 835 1258 eonsules
857 1200 948 1259 multo
972 1199 1142 1271 intentiore,
1171 1218 1259 1275 quam
1282 1200 1372 1269 alias,
1406 1216 1480 1257 cura

368 1300 387 1355 6
408 1301 566 1363 habebant.
613 1305 744 1364 Licinius
764 1315 879 1363 veteres
897 1323 1015 1381 quoque
1040 1305 1186 1362 scribebat
1206 1304 1310 1363 milites
1332 1303 1482 1361 centurio-

409 1424 537 1481 nesque;
570 1417 600 1465 et
631 1409 715 1467 multi
743 1408 893 1467 voluntate
914 1410 1034 1466 nomina
1059 1410 1185 1481 dabant,
1222 1410 1291 1484 quia
1318 1409 1483 1483 locupletes

409 1511 558 1583 videbant,
581 1514 631 1588 qui
652 1514 749 1588 priore
759 1514 951 1571 Macedonico
974 1514 1050 1571 bello
1072 1523 1123 1570 aut
1145 1514 1285 1571 adversus
1297 1513 1483 1571 Antiochum

370 1618 386 1670 7
410 1614 439 1670 in
461 1617 538 1673 Asia
559 1617 704 1693 stipendia
724 1618 863 1677 iecerunt.
913 1618 986 1676 Cum
1009 1618 1117 1676 tribuni
1143 1618 1283 1689 militum,
1306 1618 1356 1691 qui
1379 1625 1484 1675 centu-

409 1720 507 1779 riones
528 1734 634 1794 essent,
655 1724 780 1799 primum
803 1741 948 1797 quemque
970 1724 1101 1791 citarent,
1124 1732 1183 1779 tres
1205 1732 1234 1779 et
1254 1722 1357 1797 viginti
1380 1730 1483 1779 centu·

410 1824 517 1897 rienes,
539 1829 590 1901 qui
610 1828 721 1903 primos
742 1828 817 1902 pilos
839 1828 993 1899 duxerant,
1015 1828 1096 1885 citati
1116 1827 1249 1884 tribunos
1269 1826 1484 1902 plebisappel-

411 1928 517 1986 larunt.
563 1932 632 1989 Duo
659 1951 697 2008 ex
720 1931 854 2006 collegio,
876 1934 917 1989 M.
930 1933 1053 1990 Fulvius
1074 1932 1212 1991 Nobilior
1232 1940 1261 1988 et
1282 1929 1485 1989 M.Olaudius

370 2032 584 2107 8Marcellus‚
617 2037 655 2093 ad
685 2035 819 2094 consules
852 2037 1025 2107 reiciebaut3
1058 2056 1158 2094 eorum
1188 2036 1383 2111 cognitionem
1417 2054 1486 2093 essa

410 2136 534 2210 debere,
567 2141 673 2214 quibus
706 2141 827 2198 dilectus
859 2141 1022 2215 quibusque
1054 2142 1162 2199 bellum
1196 2141 1365 2198 mandatum
1395 2148 1484 2197 essct.

411 2239 509 2300 Ceteri
530 2245 697 2321 cognituros
719 2262 766 2315 se,
798 2245 915 2320 dequo
938 2244 1077 2320 appellati
1098 2253 1208 2315 esseut,
1230 2245 1348 2303 aiebant
1380 2254 1425 2316 et,
1439 2267 1443 2273 ’
1457 2246 1486 2303 si

411 2347 517 2405 minsis
537 2351 628 2421 lieret,
651 2349 789 2407 auxilium
812 2350 924 2407 civibus
945 2349 1067 2406 laturos.
1130 2374 1133 2386 ·

327 2447 369 2517 33
496 2455 548 2512 Ad
568 2455 707 2513 subsellia
726 2455 908 2512 tribunorum
930 2473 977 2511 res
998 2455 1148 2529 agebatur.
1198 2454 1243 2510 Eo
1269 2450 1326 2529 [M.
1346 2454 1487 2527 Popilius

371 2560 388 2615 2
412 2560 574 2618 consularis
602 2558 779 2637 advocatus]
807 2560 990 2617 centuriones
1018 2568 1047 2616 et
1076 2559 1177 2616 consul
1203 2567 1353 2614 venerunt.
1404 2557 1487 2615 Con-

411 2663 474 2720 sule
494 2663 563 2720 inde
583 2665 763 2739 postulante,
786 2674 819 2721 ut
838 2666 868 2722 in
891 2664 1025 2720 contione
1049 2683 1084 2721 ea
1104 2682 1151 2720 res
1174 2671 1322 2737 ageretur,
1353 2662 1487 2737 popalus

410 2767 441 2823 in
462 2768 625 2824 contionem
648 2769 817 2826 advocatus.
865 2770 927 2825 Pro
949 2767 1165 2825 centurionibus
1186 2768 1228 2826 M.
1251 2766 1395 2841 Popilius,
1433 2768 1486 2843 qui

370 2874 388 2928 3
412 2871 529 2928 biennio
551 2882 620 2929 ante
641 2872 744 2930 consul
766 2872 871 2943 iuerat,
890 2872 933 2929 ita
953 2874 1046 2931 verba
1066 2872 1151 2931 fecit:
1182 2870 1324 2929 Militares
1346 2873 1487 2930 homines

410 2985 440 3031 et
461 2976 606 3051 stipendia
626 2977 704 3034 iusta
735 2986 765 3035 et
791 2996 919 3053 corpora
953 2986 981 3035 at
1010 2986 1095 3034 atate
1127 2985 1156 3034 et
1179 2977 1308 3034 adsiduis
1329 2977 1487 3035 laboribus

411 3079 545 3139 confecta
577 3083 701 3151 habere3
732 3082 805 3139 nihil
825 3100 962 3140 recusare
990 3091 1106 3152 temen,
1139 3100 1198 3156 quo
1230 3082 1325 3139 minus
1359 3101 1484 3157 operam

410 3187 591 3263 reipublicae
612 3188 696 3259 deut3
717 3189 748 3245 id
765 3197 879 3245 tantum
897 3187 1058 3262 deprecari,
1079 3204 1116 3243 ne
1130 3186 1282 3243 inferiores
1297 3187 1332 3243 iis
1353 3188 1486 3257 ordines,

370 3294 388 3349 4
411 3311 499 3369 quam
523 3312 614 3367 quos,
645 3312 706 3352 cum
727 3294 915 3362 militassent,
936 3293 1120 3362 habuissent,
1153 3291 1396 3349 adtribuerentur.
1445 3294 1484 3351 P.

409 3458 642 3515 5.1mecedouia
660 3460 743 3509 caesio
788 3460 918 3522 2primse
937 3458 1014 3506 tertia
1056 3456 1188 3505 3italiam
1226 3456 1426 3505 tinteutiorem
1449 3482 1480 3491 -

409 3558 498 3593 curam
505 3543 731 3610 Kreyss.Mq.Em.
739 3542 827 3594 5271..
838 3543 930 3609 (Gryu.
941 3544 1063 3593 Deiectus
1075 3569 1106 3579 -
1116 3542 1418 3603 intentiorem-curam)
1456 3540 1484 3600 6,

409 3652 425 3696 ³
444 3634 802 3715 macedoniacolantbioeum
824 3653 840 3695 4
859 3646 979 3695 serebant
1006 3644 1030 3706 7,
1044 3652 1055 3695 l
1068 3653 1098 3695 tr.
1119 3646 1172 3695 mil.
1195 3646 1237 3709 qui
1259 3645 1423 3693 centuriones
1436 3644 1480 3693 sed

409 3751 520 3814 primum
540 3752 595 3817 My.
607 3751 663 3801 Em.
677 3749 740 3801 528.
760 3748 853 3815 (an.
873 3749 984 3799 militum
1003 3750 1165 3799 centuriones
1183 3751 1228 3799 sed
1247 3748 1369 3812 primum)
1394 3755 1410 3797 8
1429 3748 1482 3813 pri·

409 3838 491 3904 meme
506 3856 511 3917 Ι
527 3856 687 3904 deduxerant
727 3859 743 3901 4
771 3868 806 3901 nr.
834 3852 931 3902 fuluius
956 3852 1082 3901 nouiliore
1100 3867 1135 3901 m.
1154 3851 1251 3902 suluias
1270 3852 1382 3901 nouilior
1400 3860 1427 3901 et
1444 3866 1480 3901 m.

409 3941 525 3989 claudius
565 3940 591 3998 8,
610 3945 626 3987 4
646 3945 758 3988 staturos
793 3935 921 3997 XXXIII,
940 3939 965 3997 1,
987 3944 998 3987 l
1019 3937 1101 3986 tribus
1120 3939 1181 4000 real
1203 3937 1282 3987 Uncus
1299 3936 1404 3998 addidi5
1422 3937 1479 3987 Em.

408 4025 465 4075 528
481 4042 533 4073 cura
551 4023 674 4085 addend,
693 4024 735 4074 ubi
749 4023 832 4073 similis
850 4023 976 4074 adnotatio
987 4012 1194 4073 demonstraturus
1206 4022 1297 4084 XLV,
1308 4024 1348 4085 41,
1361 4023 1385 4073 1.
1419 4023 1444 4084 2,
1465 4030 1479 4073 2

409 4111 564 4176 postulantia
601 4110 692 4176 (Gryn.
710 4111 862 4176 postulanti)
898 4111 923 4171 3,
943 4117 1080 4175 scorporc
1112 4111 1243 4159 thabeut
1258 4111 1262 4173 Ι
1278 4118 1428 4159 recusarent
1464 4115 1481 4158 4

408 4200 471 4247 dent
488 4198 615 4246 intantum
634 4198 772 4262 deprecari
788 4198 831 4258 lis
849 4196 974 4261 (Debebat
990 4214 1039 4246 esse
1057 4196 1118 4261 sibi)
1157 4202 1170 4245 5
1191 4211 1268 4259 quam
1287 4211 1351 4260 quos
1371 4197 1484 4245 militas·

407 4291 466 4334 sent
482 4284 614 4334 habuisset
632 4285 809 4334 adtribuerent
