3475 5084
449 593 486 646 54
872 587 1003 638 Periocha

407 786 493 849 ibique
525 786 605 833 multa
633 787 690 835 loca
716 785 830 849 populati
860 800 877 832 a
900 784 1033 833 Celtiberis
1063 786 1150 847 fugati
1183 795 1271 848 sunt,
1302 787 1478 847 reversiqucin

409 875 522 926 Galliam
541 879 567 925 in
587 878 744 926 Veliocassis
764 893 790 927 se
811 878 934 926 Teutonis
951 879 1151 928 coniunxerunt.

795 1039 845 1088 EX
861 1040 928 1089 LIB.
949 1040 1073 1089 vanl.

476 1153 512 1201 M.
533 1154 662 1202 Antonius
687 1162 781 1218 prator
806 1155 833 1203 in
852 1152 970 1205 Ciliciam
996 1154 1141 1204 maritimos
1168 1155 1324 1218 praedones
1349 1162 1476 1216 persecutns

408 1251 454 1293 est.
492 1244 521 1295 C.
542 1245 638 1295 Marius
658 1262 708 1298 eos,
729 1262 828 1296 summa
851 1251 875 1297 vi
901 1256 1048 1313 oppugnata
1072 1263 1087 1295 a
1107 1247 1250 1296 Teutonis
1271 1258 1299 1295 et
1318 1247 1476 1296 Ambronibus

407 1345 491 1386 castra
510 1338 631 1388 defendit.
669 1339 777 1388 Duobus
805 1341 898 1389 deinde
921 1340 1018 1404 proeliis
1039 1342 1108 1388 circa
1127 1342 1232 1403 Aquas
1255 1339 1367 1390 Sextias
1392 1342 1475 1388 eosden
1517 1404 1518 1411 ἵ

406 1429 494 1479 hostes
524 1431 626 1491 delevit,
657 1433 682 1480 in
714 1432 805 1506 quibus
837 1447 904 1489 caesa
932 1435 1066 1482 traduntur
1094 1432 1221 1482 ho'stium
1245 1433 1309 1493 CC,
1345 1442 1419 1498 capta
1432 1434 1473 1482 XC.

406 1522 505 1572 Marius
524 1524 616 1575 absens
635 1526 751 1590 quintum
772 1526 863 1575 consul
873 1536 973 1575 creatus
983 1535 1027 1574 est.
1064 1525 1248 1588 Triumphum
1262 1527 1396 1583 oblatum,
1412 1528 1475 1575 donec
1517 1586 1518 1597 γ

409 1624 434 1663 et
453 1613 570 1665 Cimbros
589 1619 710 1676 vinceret,
730 1618 835 1670 distulit.
871 1615 968 1666 Cimbri
993 1633 1069 1680 quum
1089 1619 1200 1681 repulso
1221 1619 1257 1667 ab
1277 1620 1398 1684 Alpibus
1418 1619 1475 1682 iugr-

410 1714 487 1770 toque
507 1707 537 1768 Q.
558 1707 651 1760 Catulo
669 1712 835 1774 proconsule,
863 1711 906 1775 qui
933 1710 1019 1760 fauces
1037 1710 1144 1774 Alpium
1173 1710 1330 1760 obsidebat
1349 1711 1475 1774 flumenque

413 1801 529 1849 Athesim
556 1803 684 1863 obiecerat,
716 1804 751 1852 ito
777 1812 803 1852 ct
825 1802 950 1868 lapionem,
979 1820 1032 1866 qaoe
1059 1803 1200 1867 castellum
1228 1804 1338 1853 editum
1357 1805 1474 1861 insederat,

410 1894 579 1958 relinqueret,
607 1909 663 1958 qua
688 1903 773 1945 temen
794 1897 886 1944 virtute
905 1911 951 1945 sua
970 1897 1098 1959 explicata
1116 1894 1269 1957 fugientem
1291 1911 1400 1959 procos.
1418 1911 1475 1944 exer·
1517 1954 1518 1963 ἵ

410 1985 538 2049 citumque
557 1995 694 2036 consecuta
712 1997 764 2047 est,
783 1990 809 2036 iu
827 1989 928 2037 ltaliam
947 1988 1119 2047 traiecissem,
1138 1988 1240 2037 iunctis
1261 1989 1389 2038 eiusdem
1408 1987 1475 2037 Catuli

409 2086 433 2126 et
444 2075 473 2125 C.
486 2078 561 2127 Marii
580 2081 731 2130 exercitibus
749 2082 839 2146 proelio
857 2080 918 2128 victi
933 2089 1005 2139 sunt3
1024 2081 1050 2127 in
1069 2095 1119 2144 quo
1133 2094 1205 2129 caesa
1217 2082 1369 2130 traduntur
1381 2081 1475 2130 hostium

408 2157 488 2232 dih,
508 2183 583 2238 capta
595 2158 661 2224 ITX
694 2176 791 2224 Marius
811 2174 888 2223 totius
908 2172 1015 2222 civitatis
1032 2187 1157 2222 consensu
1171 2183 1312 2236 exceptus
1330 2191 1379 2240 pro
1393 2176 1476 2224 duobus

408 2268 556 2331 triumphis,
584 2270 626 2330 qui
652 2267 836 2326 offerebantur,
863 2277 916 2313 uno
941 2273 1075 2314 contentus
1096 2265 1153 2314 fuit.
1201 2266 1349 2317 Primores
1375 2269 1476 2324 civitatis,

409 2360 451 2423 qui
469 2362 491 2408 ei
510 2361 667 2424 aliquamdiu
685 2368 714 2409 ut
732 2375 799 2408 novo
814 2359 912 2419 homini
931 2360 963 2407 ad
982 2367 1067 2408 tantos
1084 2361 1199 2408 honores
1219 2369 1320 2410 evecto
1340 2363 1476 2416 inviderant,

407 2463 584 2525 ¹conservatam
611 2455 644 2503 ab
673 2468 704 2502 eo
733 2467 787 2501 rem
813 2452 944 2514 publicam
971 2450 1126 2501 fatebantur.
1173 2453 1326 2503 Publicius
1351 2453 1477 2502 Malleolus

409 2555 489 2594 matre
509 2549 593 2597 occisa
610 2548 707 2611 primus
726 2547 753 2593 in
766 2545 850 2594 culleo
861 2547 961 2594 insutus
971 2546 997 2593 in
1009 2560 1078 2593 mare
1089 2547 1271 2610 praecipitatus
1294 2557 1346 2594 est.
1387 2546 1479 2594 Ancilla

410 2655 466 2688 cum
486 2642 590 2703 strepitu
609 2649 680 2688 mota
698 2653 766 2698 esse,
794 2645 930 2699 antequam
951 2636 1105 2688 Cimbricum
1124 2639 1225 2688 bellum
1246 2650 1479 2695 consummaretur,

410 2732 525 2781 refertur.
562 2733 635 2780 Bella
653 2740 776 2797 praeterea
793 2732 860 2779 inter
880 2731 959 2793 Syria
979 2746 1051 2792 reges
1073 2736 1144 2790 gesta
1162 2729 1296 2779 continet.

813 2893 862 2943 EX
880 2893 946 2942 LIB.
967 2891 1063 2941 LXIX.

478 3012 507 3061 L.
525 3011 653 3075 Apuleius
672 3011 831 3068 Saturninus,
854 3009 990 3056 adiuuante
1010 3007 1038 3054 G.
1058 3005 1143 3054 Mario
1166 3011 1193 3051 et
1211 3018 1261 3066 per
1281 3004 1387 3053 milites
1406 3003 1479 3052 occiso

410 3106 444 3154 A.
464 3104 567 3154 Nunnio
587 3104 764 3166 competitore,
793 3103 908 3150 tribunus
930 3102 1012 3164 plebis
1036 3113 1081 3162 per
1104 3097 1154 3144 vim
1178 3103 1303 3153 creatus,
1335 3112 1389 3146 non
1410 3098 1479 3144 minus

411 3198 535 3246 violenter
554 3197 722 3255 tribunatum,
746 3210 822 3257 quam
841 3195 963 3259 petierat,
983 3192 1076 3253 gessit,
1100 3199 1126 3236 et
1145 3203 1224 3251 quum
1244 3189 1340 3250 legem
1360 3188 1479 3251 agrariam

411 3292 522 3354 pervim
543 3291 651 3348 tulisset,
671 3288 777 3336 Metello
795 3286 946 3344 Numidico,
967 3286 1033 3347 quod
1053 3285 1080 3330 in
1099 3297 1154 3328 eam
1174 3295 1228 3328 non
1246 3281 1405 3339 iuraverat,
1424 3281 1478 3328 dieu

411 3384 483 3431 dixit.
521 3383 571 3441 Qui
590 3397 667 3446 quum
687 3397 702 3429 a
720 3381 793 3429 bonis
812 3379 909 3427 civibus
927 3376 1118 3433 defenderetur,
1147 3387 1178 3421 ue
1205 3387 1290 3421 causa
1317 3374 1478 3422 certaminum

412 3483 490 3535 esset,
513 3476 540 3522 in
558 3475 675 3524 exsilium
694 3471 863 3521 voluntarium
879 3470 999 3518 Rhodum
1018 3468 1146 3532 proiectus
1165 3475 1217 3525 est,
1240 3466 1338 3528 ibique
1358 3464 1478 3514 audiendo

412 3574 438 3615 et
461 3567 570 3628 legendo
596 3581 704 3628 magnos
728 3566 796 3613 viros
816 3560 991 3612 avocabatur(
1016 3559 1134 3610 Proiecto
1155 3557 1183 3606 G.
1205 3556 1328 3621 Mariua,
1356 3555 1478 3607 seditionis

412 3667 508 3717 auctor,
528 3662 570 3721 qui
589 3667 687 3709 sextum
707 3657 868 3705 consulatum
887 3655 995 3718 pecunia
1013 3668 1058 3716 per
1076 3653 1156 3701 tribus
1175 3665 1268 3713 sparsa
1289 3660 1402 3709 emerat,
1421 3662 1478 3712 aqut

413 3759 438 3798 et
462 3753 515 3813 igni
541 3752 680 3800 interdixit.
716 3750 787 3798 Idem
813 3750 939 3812 Apuleius
963 3747 1114 3798 Saturninus
1144 3753 1176 3792 tr.
1201 3743 1237 3806 pl.
1269 3741 1302 3792 Ο.
1334 3743 1478 3792 Memmium

413 3845 577 3893 candidatum
609 3845 770 3902 consulatus,
802 3843 925 3904 quoniam
955 3841 1126 3888 adversarium
1157 3851 1215 3884 eum
1246 3836 1407 3884 actionibus
1436 3834 1478 3884 suis

413 3939 532 3998 timebat,
557 3939 658 3987 oceidit.
697 3936 795 3996 Quibus
814 3938 890 3984 rebus
910 3935 1038 3984 concitato
1057 3939 1161 3988 senatu,
1187 3930 1215 3976 in
1233 3930 1314 3978 cuius
1335 3944 1443 3978 eausam
1459 3934 1477 3973 et

414 4031 444 4082 C.
459 4033 564 4090 Marius,
583 4034 660 4080 homo
678 4030 740 4077 varii
759 4038 785 4076 et
802 4028 933 4077 mutabilis
947 4026 1043 4089 ingenii
1057 4023 1208 4083 consiliique
1221 4036 1330 4085 semper
1342 4023 1476 4071 secundun
1517 4078 1518 4083 ¹

414 4124 555 4184 fortunam,
584 4125 731 4183 transierat,
762 4136 897 4185 oppressus
924 4120 1001 4168 armis
1030 4132 1087 4166 cum
1108 4115 1216 4164 Glaucia
1239 4108 1358 4177 praetore
1386 4124 1414 4162 et
1431 4112 1477 4161 eliis

414 4218 528 4265 eiusdem
557 4217 649 4267 luroris
680 4217 751 4265 sociis
781 4214 850 4263 bello
878 4214 989 4279 quodam
1020 4209 1168 4258 interiectus
1199 4215 1245 4256 est.
1305 4205 1338 4266 Q.
1364 4205 1477 4256 Caecilius

413 4309 533 4357 Metellus
547 4311 579 4360 ab
590 4311 682 4361 exsilio
700 4309 798 4373 ingenti
814 4309 892 4357 totius
903 4306 1011 4356 civitatis
1021 4304 1107 4352 favore
1120 4302 1239 4350 reduetus
1251 4308 1304 4349 est.
1344 4300 1393 4350 Μ’.
1407 4297 1477 4362 Aqui-

345 4403 581 4494 Mocos.
602 4407 631 4457 in
648 4405 740 4459 Sicilia
753 4403 855 4454 bellum
873 4400 965 4450 seruile
981 4398 1123 4445 excitatum
1140 4393 1257 4440 coniecit.
