3475 5084
670 579 727 631 Lib.
747 581 971 630 XXIII-XXVI.
1271 584 1308 639 '29

293 779 415 843 Philippo
438 780 606 829 Macedonum
629 782 683 841 regi
706 780 800 829 bellum
831 781 953 829 indictum
981 787 1030 837 est,
1063 780 1106 841 qui
1130 777 1160 829 ad
1187 778 1351 842 Apolloniam

293 882 420 922 nocturno
438 873 527 936 proelio
546 887 682 936 oppressus
697 872 851 935 fugatusque
863 872 888 920 ia
902 873 1080 921 Macedoniam
1094 887 1150 921 curn
1166 885 1244 935 prope
1262 870 1351 919 inermi

292 966 411 1015 exercitu
428 962 549 1028 profugit.
587 966 629 1013 Ad
648 966 673 1013 id
692 964 788 1013 bellum
805 966 943 1026 gerendum
956 966 992 1013 M.
1005 964 1123 1013 Valerius
1140 970 1233 1027 praetor
1251 962 1350 1013 missus.

292 1061 346 1109 Res
368 1066 491 1121 praterea
509 1056 537 1104 in
554 1057 680 1120 Hispania
697 1072 713 1105 a
730 1058 760 1107 P.
779 1065 806 1106 et
824 1057 870 1106 Cn.
891 1056 1055 1120 Scipionibus
1080 1057 1199 1105 adversus
1218 1054 1352 1119 Carthagi·

292 1153 394 1221 aienses
419 1156 505 1213 gestas
529 1150 655 1209 continet3
679 1151 804 1213 aquibus
825 1150 932 1213 Syphax
952 1164 997 1197 rex
1014 1148 1139 1197 Numidia
1164 1149 1191 1197 in
1215 1149 1351 1197 amicitiam

293 1243 422 1302 adscitus,
449 1243 493 1305 qni
520 1256 535 1289 a
563 1242 700 1291 Masinissa
726 1244 907 1307 Massyliorum
935 1257 995 1304 rega
1024 1257 1070 1305 pro
1099 1241 1352 1303 Carthaginiensibus

291 1343 424 1401 pugnante
436 1336 517 1383 victus
531 1335 558 1381 in
568 1334 718 1399 Hispaniam
734 1337 765 1384 ad
776 1335 922 1399 Scipionem
939 1350 999 1383 cum
1019 1350 1110 1397 magna
1128 1349 1205 1382 manu
1223 1327 1351 1399 transiit¹)

293 1436 384 1478 contra
402 1428 502 1484 Gades,
526 1426 570 1475 nbi
589 1437 698 1488 angusto
715 1427 781 1478 freto
799 1428 890 1477 Africa
911 1436 937 1477 et
954 1428 1078 1491 Hispania
1096 1428 1253 1476 dirimantur.
1294 1424 1353 1473 Cel·

292 1522 369 1569 tiberi
389 1534 489 1585 quoque
509 1519 536 1567 in
554 1522 691 1569 amicitiam
710 1521 807 1584 recepti
825 1530 897 1580 snnt3
921 1534 1029 1583 quornm
1050 1520 1151 1569 auxiliis
1170 1520 1273 1569 adscitis
1291 1526 1352 1567 tunc
1407 1530 1411 1539 ‘

241 1639 244 1644 -
291 1614 606 1679 primummercenarium
625 1615 731 1663 militem
749 1614 868 1662 Romana
885 1621 968 1662 castra
986 1613 1135 1662 habuerunt.

705 1750 754 1799 EX
772 1751 837 1800 LIB.
857 1751 943 1801 XXV.

303 1908 306 1912 .
363 1867 393 1916 P.
414 1864 547 1914 Cornelius
567 1864 667 1928 Scipio,
692 1873 782 1929 postea
799 1865 952 1925 Africanus,
976 1874 1035 1914 antc
1059 1868 1139 1914 annos
1162 1863 1242 1913 aedilis
1261 1861 1352 1913 factas.

293 1959 426 2010 Hannibal
443 1959 532 2006 urbem
552 1958 681 2006 Tarenton
698 1968 788 2021 praeter
806 1973 899 2018 arcem,
920 1961 946 2007 in
965 1974 1040 2021 quam
1059 1959 1204 2022 presidium
1223 1958 1353 2009 Romano·

293 2068 351 2100 rnm
369 2051 478 2113 fugerat,
497 2065 541 2114 per
553 2050 706 2099 Tarentinos
724 2052 835 2108 iuvenes,
855 2053 898 2115 qui
919 2067 945 2101 sa
964 2061 1041 2100 noctu
1059 2061 1176 2100 venatum
1196 2052 1232 2099 ire
1251 2049 1353 2098 simula-

293 2154 392 2204 verant,
413 2144 488 2207 cepit.
525 2143 591 2191 Ludi
604 2144 764 2210 Apollinares
780 2160 812 2192 ex
823 2144 915 2193 Marcii
928 2146 1091 2205 carminibus,
1110 2144 1201 2209 quibus
1212 2140 1354 2190 Cannensis

292 2238 379 2285 clades
397 2236 519 2299 praedicta
537 2234 633 2294 fuerat,
661 2236 768 2284 instituti
787 2246 854 2285 sunt.
902 2240 927 2286 A
947 2237 978 2297 Q.
998 2238 1087 2296 Fulvio
1112 2246 1137 2286 ct
1156 2237 1223 2299 App.
1244 2233 1354 2284 Claudio

293 2344 361 2377 coss.
392 2329 513 2375 adversus
536 2326 688 2378 Hannonem
707 2308 843 2377 Plancium
872 2331 960 2379 ducem
988 2346 1107 2393 prospere
1138 2336 1277 2394 pugnatum
1306 2333 1352 2375 est.

293 2422 352 2470 Tib.
373 2419 538 2483 Sempronius
557 2417 689 2469 Gracchus
714 2436 814 2483 procos.
839 2423 871 2470 ab
893 2422 992 2487 hospite
1018 2438 1063 2471 suo
1081 2424 1186 2471 Lucano
1204 2422 1230 2469 in
1249 2420 1354 2468 insidias

294 2514 418 2563 deductus
441 2511 586 2573 aMagone
610 2502 758 2562 interfectus
783 2524 829 2563 cst.
867 2513 1006 2565 Centenius
1024 2516 1143 2577 Paenula,
1174 2513 1217 2577 qui
1241 2512 1354 2561 centurio

295 2606 460 2663 militaverat,
480 2619 558 2666 quum
575 2605 683 2668 petisset
700 2621 716 2652 a
734 2616 836 2666 senatu,
860 2617 888 2657 ut
907 2608 956 2657 sibi
976 2610 1101 2657 exercitus
1120 2609 1235 2665 daretur,
1254 2605 1355 2669 pollici-

295 2706 387 2760 tusque
411 2705 490 2755 esset,
517 2698 539 2745 si
562 2697 734 2760 impetrasset,
763 2700 793 2747 de
811 2701 958 2749 Hannibale
981 2702 1126 2761 victoriam,
1154 2686 1222 2749 iffi
1244 2696 1355 2765 acceptis

296 2792 404 2841 militnm
427 2792 482 2837 dux
499 2788 582 2838 factus
601 2789 715 2838 conflixit
733 2792 789 2839 acie
808 2808 864 2841 eum
876 2794 1020 2842 Hannibale
1038 2803 1064 2842 et
1078 2808 1134 2841 cum
1150 2793 1262 2841 exercitu
1275 2805 1356 2839 eaesns

295 2894 342 2934 est.
380 2883 469 2947 Capua
487 2883 595 2931 obsessa
606 2891 677 2931 esta
692 2880 721 2941 Q.
733 2885 824 2933 Fulvio
844 2887 869 2933 e't
880 2888 948 2949 App.
962 2886 1068 2934 Claudio
1088 2900 1152 2934 coss.
1192 2883 1237 2931 Cn.
1249 2882 1356 2931 Fulvius

296 2986 390 3043 praetor
411 2978 477 3026 male
496 2978 615 3024 adversus
634 2976 805 3025 Hannibalem
823 2979 954 3040 pugnavit,
980 2980 1006 3025 in
1025 2993 1075 3039 qno
1093 2978 1183 3041 proelio
1201 2961 1254 3025 XX
1273 2974 1356 3023 homi·

296 3064 388 3136 nnm²)
408 3069 567 3127 ceciderunt3
585 3069 639 3131 ipse
658 3083 716 3116 cum
737 3070 865 3132 equitibus
886 3068 929 3119 CC
948 3068 1044 3132 effugit.
1085 3070 1205 3117 Claudius
1218 3068 1357 3116 Marcellus

297 3164 438 3229 Syracusas
457 3160 611 3227 expugnavit
638 3162 713 3208 tertio
739 3177 806 3210 anno
833 3171 858 3211 et
884 3164 1013 3225 ingentem
1041 3164 1119 3210 virum
1138 3161 1227 3224 gessit.
1276 3160 1308 3212 ln
1326 3174 1357 3208 eo

297 3257 410 3306 tumultu
428 3265 508 3319 capta
527 3254 595 3302 urbis
616 3254 783 3303 Archimedes
803 3256 916 3304 intentus
935 3254 1037 3313 formis,
1066 3270 1129 3317 quas
1147 3256 1172 3302 in
1191 3252 1294 3316 pulvere
1313 3252 1357 3300 de-

298 3350 440 3411 scripserat,
461 3344 607 3395 intcrfectns
625 3354 671 3394 est.
708 3346 738 3395 P.
759 3355 785 3395 et
803 3346 851 3396 Cn.
875 3347 1008 3411 Scipiones
1030 3348 1057 3396 in
1075 3347 1200 3409 Hispania
1218 3353 1256 3393 tot
1274 3348 1357 3393 seium

298 3438 406 3488 feliciter
424 3447 554 3499 gestarum
573 3439 670 3486 tristem
690 3440 786 3487 exitum
806 3441 926 3499 tulerunt,
950 3455 1029 3505 prope
1048 3455 1106 3487 cum
1126 3441 1185 3489 totis
1205 3438 1357 3487 exercitibus

298 3530 357 3579 caesi
375 3546 443 3580 anno
461 3540 567 3590 octavo,
596 3545 673 3593 quarn
698 3532 724 3580 in
742 3533 893 3595 Hispaniam
917 3533 1009 3581 ierunt.
1054 3532 1209 3595 Amissaque
1228 3533 1282 3581 eius
1299 3546 1358 3595 pro·

298 3623 389 3671 vinciae
398 3624 526 3686 possessio
541 3623 614 3683 foret,
634 3625 692 3683 nisi,
711 3625 741 3674 L.
752 3625 842 3673 Marcii
862 3626 953 3688 equitis
963 3625 1071 3674 Romani
1083 3626 1173 3673 virtute
1192 3633 1216 3673 et
1234 3622 1359 3672 industria

299 3716 437 3764 contractis
461 3716 618 3763 exercituum
643 3716 768 3779 reliquiis,
795 3718 908 3767 eiusdem
933 3719 1036 3767 hortatu
1060 3718 1120 3766 bina
1144 3725 1227 3765 castra
1246 3717 1358 3764 hostium

299 3816 446 3872 expugnata
463 3817 555 3858 essent.
596 3808 641 3857 Ad
660 3794 767 3858 iffi
782 3805 886 3871 casa⁸),
905 3814 960 3872 †ex
974 3811 1043 3860 mille
1056 3803 1254 3873 octingentos⁴),
1273 3808 1358 3872 proeda

299 3901 390 3963 ingens
410 3910 497 3965 capta3
521 3888 574 3951 dux
592 3901 704 3951 Marcius
722 3902 863 3965 appellatus
883 3909 929 3951 est.

702 4040 751 4089 EX
768 4040 835 4088 LIB.
854 4040 953 4088 XXVI.
991 4048 998 4063 ¹

371 4154 501 4204 Hannibal
519 4156 551 4204 ad
571 4156 672 4205 tertium
691 4156 800 4220 lapidem
819 4156 852 4204 ab
871 4156 933 4203 urbe
945 4138 1028 4203 Roma
1047 4154 1257 4217 superAnienem
1277 4158 1359 4201 castra

357 4332 378 4384 ¹)
392 4339 461 4376 Aliter
474 4338 515 4375 liu.
533 4348 551 4375 a.
565 4336 598 4374 49.
655 4333 677 4383 ²)
691 4333 745 4372 XVI
760 4332 827 4371 millia
842 4333 954 4371 hominnm
968 4336 1008 4373 tia.
1023 4346 1040 4372 c.
1050 4335 1082 4372 21.
1140 4328 1161 4380 ¹)
1175 4328 1279 4369 XXXVII
1294 4326 1361 4367 millia

302 4408 343 4447 Aio.
359 4420 376 4446 c.
393 4409 424 4446 39.
473 4405 495 4455 ⁴)
512 4408 584 4455 captos
601 4405 628 4445 sd
642 4405 701 4445 milla
715 4407 850 4453 octingentos
864 4406 952 4453 triginta
965 4406 1007 4444 Ain.
1021 4405 1062 4443 ild.
