3475 5084
545 554 623 603 uther
639 553 723 605 xuu.
744 555 789 619 (n.
812 554 871 606 eur.
894 558 963 620 ιη.)
1204 564 1243 621 97

225 737 297 793 timis
319 737 400 808 fore;
422 756 454 795 se
479 744 508 795 et
531 736 682 812 pecuniam
705 746 735 795 et
754 738 948 810 frumentum,
971 749 1076 816 praeter
1095 743 1205 800 reditus
1227 762 1287 803 me-

227 843 366 914 ullorum,
387 844 417 899 iu
439 845 538 901 decem
559 860 652 899 anuos
673 844 846 918 seposuisse.
911 844 1035 915 Omnia,
1069 867 1133 921 quse
1165 849 1285 908 deorum
1313 854 1347 911 ts

227 948 417 1023 indulgentia,
441 948 609 1023 quaeregio
631 966 700 1004 eure
721 949 914 1023 praepuruudu
936 949 1058 1021 fuerint,
1080 952 1166 1027 plenu
1187 972 1285 1011 eumu-

226 1053 336 1127 letaque
365 1055 475 1111 hebere
502 1053 695 1121 Macedonus;
728 1053 856 1111 animum
891 1056 1057 1113 habendum
1087 1074 1163 1127 esse,
1200 1076 1285 1131 quem
1312 1066 1346 1125 14

224 1159 375 1215 habuerint
396 1149 523 1216 maiores
546 1176 662 1226 eorum,
695 1156 754 1230 qui,
787 1158 908 1235 Europa
930 1161 1009 1217 omni
1033 1162 1159 1233 domita,
1191 1145 1288 1221 treus-¹

222 1265 310 1337 gressi
331 1266 364 1321 in
386 1266 507 1335 Asiam,
538 1262 716 1337 incognitum
748 1261 836 1320 femae
868 1267 1034 1341 aperuerint
1063 1267 1150 1323 armis
1184 1269 1286 1327 orbem

225 1377 373 1441 terrarum,
395 1390 450 1427 nee
465 1379 540 1427 ‘ante
555 1369 671 1425 vincere
684 1368 830 1439 desierint,
843 1390 930 1445 quam
946 1374 1047 1431 Rubro
1063 1371 1137 1428 mari
1158 1371 1287 1442 inclusis,

222 1476 295 1546 quod
318 1476 483 1545 vincerent,
521 1473 653 1530 defuerit.
713 1475 757 1531 At
782 1475 899 1532 hercule
924 1496 1000 1533 nune
1030 1496 1082 1533 non
1110 1476 1146 1532 de
1179 1476 1286 1534 ultimis
1313 1482 1347 1536 15

223 1578 308 1635 Iudiee
330 1580 412 1651 oris,
444 1581 495 1638 sed
527 1580 563 1636 de
594 1577 684 1654 ipsius
713 1578 894 1635 Macedoniae
925 1572 1109 1655 possessione
1140 1590 1286 1639 certamen

223 1683 367 1742 fortunam
389 1685 538 1744 indixisse.
582 1681 657 1741 Cum
678 1692 762 1757 putre
783 1701 836 1739 suo
858 1697 992 1759 gerentes
1014 1686 1121 1745 bellum
1137 1687 1286 1744 Romanos

221 1790 383 1862 speciosum
407 1790 530 1849 Graeeiae
553 1788 711 1845 liberandus
731 1788 892 1863 praetulisse
913 1790 1042 1862 titulum;
1074 1810 1150 1851 nune
1177 1812 1286 1869 prope·
1313 1800 1347 1855 16

223 1893 274 1950 lam
299 1896 507 1953 Macedoniam
529 1896 560 1951 iu
574 1895 740 1951 servitutem
763 1904 876 1969 petere,
897 1914 934 1953 ne
955 1917 1008 1955 rex
1029 1899 1142 1957 vicinus
1164 1898 1285 1973 imperio

222 1999 256 2054 sit
276 2003 431 2072 Romano,
455 2021 492 2058 ne
513 2020 584 2076 gens
606 1999 682 2056 bello
706 1999 811 2056 nobilis
836 2019 920 2059 erma
940 2004 1058 2064 hebeat.
1115 2004 1188 2061 Haeo
1210 2003 1286 2060 euim

223 2105 360 2163 tradenda
382 2108 515 2182 superbis
537 2106 661 2163 dominis
683 2122 833 2163 esserum
860 2124 930 2181 rege
959 2126 1122 2183 regnoque,
1157 2112 1184 2167 ei
1209 2108 1286 2167 ubsi·

222 2219 292 2267 stere
313 2212 392 2268 bello
410 2222 444 2286 „et
464 2212 561 2270 fecere
581 2200 725 2285 imperete
746 2210 845 2273 velint.

300 2316 378 2374 Cum
402 2336 591 2392 peromnem
613 2316 775 2373 orationem
806 2315 878 2372 setis
901 2314 1045 2389 frequenti
1069 2318 1193 2374 adsensu
1219 2336 1283 2375 suo·
1328 2310 1368 2382 53

223 2421 376 2481 clamatum
390 2432 478 2496 esset,
500 2430 561 2478 tum
584 2440 654 2478 vero
676 2423 716 2478 ad
737 2423 794 2477 lure
816 2430 937 2477 eutrema
960 2440 995 2477 ea
1009 2421 1180 2479 vociferatio
1200 2422 1285 2479 simul

224 2526 431 2603 indignantium
454 2528 712 2601 minuentiumque,
734 2526 839 2601 partim
862 2525 1019 2587 iubentium
1036 2529 1144 2584 bouum
1156 2526 1285 2585 animum

224 2633 324 2691 hebere
346 2654 463 2709 regem,
497 2644 600 2703 exorte
622 2641 679 2701 est,
713 2640 744 2687 ut
765 2633 851 2687 finem
875 2630 988 2687 dicendi
1017 2630 1140 2702 laceret,
1172 2640 1284 2690 tantum
1308 2633 1325 2689 2

225 2735 302 2795 iussis
325 2741 366 2796 ad
388 2739 443 2796 iter
463 2717 564 2814 peruri
571 2758 578 2807 3
614 2738 672 2794 iem
696 2736 771 2793 enim
794 2736 850 2793 diei
873 2754 991 2793 movere
1013 2745 1110 2795 cestra
1131 2738 1169 2795 ab
1190 2738 1284 2814 Nym·

224 2842 300 2913 phaeo
322 2847 484 2901 Romanos.
547 2837 675 2901 Contione
698 2833 834 2912 dimisse,
864 2842 903 2897 ed
934 2842 1093 2901 audiendas
1124 2843 1284 2918 legationes
1307 2852 1310 2857 ’

223 2946 379 3005 eivitatium
402 2949 584 3006 Macedoniae
605 2966 637 3005 se
658 2946 786 3005 eontulit.
833 2946 983 3004 Venerunt
1012 2958 1107 3005 sutem
1133 2950 1171 3005 ed
1195 2968 1284 3024 pecu·
1307 2950 1324 3007 3

225 3051 296 3122 nias,
318 3073 375 3129 pro
397 3052 583 3110 facultatibus
606 3071 728 3127 quaeque
749 3051 822 3120 suis,
845 3060 874 3107 et
894 3050 1070 3120 frumentum
1091 3054 1285 3129 pollicendum

224 3156 259 3211 ed
279 3159 396 3216 bellum.
444 3156 587 3216 Omnibus
609 3156 711 3231 gratiae
732 3166 820 3226 eotae,
854 3157 1005 3215 remissum
1034 3161 1182 3237 omnibus,
1215 3161 1325 3219 satisl

223 3264 313 3337 regios
336 3246 497 3338 apparetus
520 3264 558 3320 ed
582 3282 617 3319 ea
639 3263 746 3318 dietum
769 3262 919 3333 sufficere,
942 3264 1074 3322 vehicula
1096 3273 1208 3322 tentum
1229 3265 1284 3322 im·
1347 3316 1351 3319 .

225 3380 336 3440 perata,
365 3378 398 3425 ut
419 3377 563 3424 tormenta
583 3368 766 3441 telorumque
789 3368 938 3425 missilium
961 3369 1105 3444 ingentem
1126 3370 1186 3427 vim
1208 3347 1283 3444 oraea

224 3486 352 3544 paratam
375 3474 566 3550 bellicumque
587 3473 666 3531 uliud
687 3473 907 3531 instrumentum
931 3475 1077 3531 veherent.
1130 3470 1285 3533 Profectus
1308 3484 1324 3537 5

228 3724 339 3784 tpreter
376 3719 685 3782 teruennenses.
714 3719 756 3779 14,
777 3721 919 3769 lanimum
937 3721 1143 3772 hoshebendum
1157 3722 1209 3786 (N.
1223 3722 1285 3787 iisl)

225 3810 240 3853 ³
256 3809 280 3856 iu
290 3807 405 3871 itulieml
421 3808 474 3874 δίᾳ.
490 3808 569 3869 sumu,
580 3807 692 3871 sortasse
709 3816 778 3856 recte.
789 3803 792 3866 Ι
803 3814 958 3870 operuerunt
981 3815 997 3856 4
1010 3809 1109 3858 incluse
1134 3816 1147 3857 5
1160 3808 1287 3859 defuerint

226 3890 265 3953 15,
283 3902 293 3944 l
313 3893 443 3959 edlnuno
461 3897 492 3943 de
521 3892 807 3943 uindicaeVascosanue.
839 3893 977 3943 3lortuus
993 3896 997 3957 1
1014 3898 1124 3959 gerentIs
1161 3897 1286 3946 dtuli‘sse

231 3978 298 4032 Grou.
331 3983 373 4042 16,
394 3990 409 4031 2
428 3989 543 4045 peterent
561 3996 605 4029 rex
641 3980 745 4029 abello
765 3980 840 4028 nobis
856 3982 861 4040 Ι
877 3980 932 4029 haec
953 3982 981 4029 iu
999 3984 1122 4031 tradenda
1159 3989 1286 4047 tregue-

229 4080 278 4127 qure
297 4072 419 4120 obsistere
455 4069 528 4125 LIII,
548 4068 573 4126 1,
593 4073 608 4115 2
626 4077 755 4115 tumuere
773 4082 811 4115 ee.
822 4066 970 4117 uociferatio
978 4068 1032 4133 Mq.
1041 4068 1173 4129 Em.539;
1191 4069 1285 4135 supple·

228 4157 292 4204 uenti
307 4159 380 4206 verba
398 4158 488 4206 iucem
505 4164 567 4204 sunt.
609 4154 634 4212 2,
655 4162 670 4201 2
689 4155 721 4202 ud
740 4146 788 4202 iter
805 4169 894 4217 perere
913 4152 997 4219 Siqen.
1017 4155 1117 4220 (pat-ure
1134 4156 1229 4217 Drale.)
1270 4164 1284 4207 2

229 4245 348 4305 nympheo
384 4242 668 4294 aromunoudimissu
702 4239 728 4301 4,
750 4246 760 4289 l
782 4241 844 4289 sutis
864 4242 1013 4303 regionibus
1032 4251 1171 4309 apparatus
1207 4247 1286 4295 tim-

230 4339 310 4388 perute
326 4339 375 4396 uut¹
406 4331 520 4379 lulium
631 4393 633 4398 Ι

252 4423 321 4467 Livius
334 4439 363 4468 ex
375 4438 417 4468 ree.
433 4426 542 4474 Madvigii.
571 4426 619 4465 vn.
1071 4423 1084 4469 7
