3475 5084
497 436 536 492 aa
759 433 838 483 Liber
856 432 941 486 xm.
980 433 1026 496 (A.
1046 447 1072 483 u.
1092 448 1114 483 ο.
1135 432 1208 497 sas.)

454 632 557 673 manos
580 616 713 674 Larisam
735 616 874 693 profecti,
896 637 1014 677 causam
1037 638 1102 677 cum
1124 621 1234 677 Perseo
1256 614 1401 675 societatis
1421 615 1449 672 in
1468 616 1505 673 Is·

396 714 432 778 to
455 719 580 776 maniam
616 722 806 779 contulerant.
864 724 912 781 Ex
944 743 977 781 aa
1009 724 1193 781 contentione
1232 730 1326 780 ortum
1361 731 1503 778 certamen

454 824 616 899 Utriusque
637 834 734 883 tamen
756 828 849 902 partis
871 828 960 903 legati
978 829 1015 885 ad
1031 831 1182 887 Romanos
1198 835 1347 896 venerunt,
1369 834 1397 882 et
1417 825 1505 883 exules

453 940 697 1005 accusatoresque
718 932 851 989 Ismeniae
874 942 903 989 at
924 934 1066 991 Ismenias
1087 934 1159 1009 ipse.

368 1029 413 1104 44
538 1034 706 1094 Chalcidem
728 1046 760 1092 ut
781 1049 898 1093 ventum
921 1046 973 1108 est,
996 1037 1118 1095 aliarum
1137 1037 1296 1095 civitatium
1313 1033 1463 1111 principes,
1481 1032 1506 1088 id

453 1141 532 1216 quod
554 1160 690 1199 maxume
711 1153 827 1217 gratum
847 1152 910 1200 erat
931 1143 1088 1214 Romanis,
1119 1161 1171 1200 suo
1201 1141 1309 1215 quique
1330 1140 1446 1215 proprie
1465 1137 1505 1193 de·

453 1255 532 1304 creto
555 1246 667 1321 regiam
689 1246 858 1304 societatem
889 1249 1051 1322 aspernati,
1081 1247 1223 1306 Romanis
1253 1264 1285 1302 se
1308 1244 1506 1317 adiungebant3

451 1351 595 1409 Ismenias
626 1328 742 1427 gentem
775 1337 946 1411 Boeotorum
979 1354 1009 1409 iu
1039 1354 1125 1410 fidem
1156 1354 1358 1411 Romanorum
1391 1345 1506 1422 permitti

412 1454 543 1514 2aecum
573 1457 718 1513 censebat.
767 1457 840 1515 Inde
869 1457 1026 1514 certamine
1048 1468 1130 1528 orto,
1159 1457 1214 1514 nisi
1236 1456 1264 1513 in
1288 1452 1415 1541 tribunal
1435 1453 1506 1526 lega-

452 1566 548 1619 torum
570 1561 762 1636 perfugisset,
783 1562 862 1619 haud
886 1564 1005 1621 multum
1029 1561 1118 1632 afuit,
1149 1560 1218 1635 quin
1240 1560 1278 1615 ab
1301 1559 1432 1616 exulibus
1452 1557 1506 1614 fau·

412 1666 429 1721 3
452 1667 622 1742 toribusque
648 1686 748 1725 eorum
775 1667 991 1724 interficeretur.
1041 1668 1150 1724 Thebae
1178 1683 1295 1753 quoque
1322 1665 1408 1739 ipsas,
1438 1663 1507 1738 quod

452 1772 575 1829 Boeotias
596 1783 684 1847 caput
706 1780 764 1843 est,
785 1772 814 1829 in
838 1790 945 1848 magno
967 1781 1047 1828 motu
1070 1779 1166 1841 erant,
1191 1769 1255 1826 aliis
1277 1769 1316 1825 ad
1337 1788 1434 1844 regem
1458 1778 1508 1853 tra·

411 1879 430 1933 4
452 1877 587 1935 bentibus
609 1878 765 1948 civitatem,
788 1878 852 1934 aliis
874 1879 912 1935 ad
933 1880 1093 1936 Romanos.
1139 1874 1178 1931 Et
1200 1875 1285 1930 turba
1307 1872 1507 1932 Coronaeorum

451 1981 723 2057 Haliartiorumque
754 1991 929 2040 convenerat
958 1982 995 2038 ad
1026 1980 1236 2039 defendendum
1261 1979 1407 2037 decretum
1429 1979 1508 2053 regia
1567 2052 1568 2056 ἵ

417 2125 419 2128 v
451 2087 607 2144 societatis.
655 2088 714 2147 Sed
736 2087 899 2145 constantia
920 2086 1092 2163 principum,
1113 2085 1276 2142 docentium
1298 2084 1427 2142 cladibus
1447 2084 1508 2141 Phi·

451 2189 522 2267 lippi
545 2193 751 2269 Antiochique,
774 2202 884 2268 quanta
906 2200 982 2249 esset
1000 2193 1089 2248 viset
1109 2188 1227 2247 fortuna
1245 2190 1359 2265 imperii
1380 2188 1507 2257 Romani,

451 2295 530 2354 victa
551 2299 666 2355 tandem
687 2299 839 2356 multitudo
860 2309 898 2368 et,
921 2306 952 2354 ut
972 2296 1121 2352 tolleretur
1135 2296 1217 2372 regia
1237 2297 1371 2366 societas,
1391 2293 1509 2351 decrevit

452 2411 481 2459 at
509 2420 575 2473 eos,
612 2403 661 2476 qui
690 2414 823 2460 auctores
853 2403 1033 2477 paciscendae
1060 2401 1193 2458 amicitiae
1213 2399 1343 2470 fuerent,
1373 2400 1410 2456 ad
1432 2399 1508 2455 satis·
1568 2402 1569 2441 l

424 2517 427 2524 ’
452 2505 615 2565 faciendum
633 2508 737 2585 legatis
750 2507 916 2567 Chalcidem
940 2509 1026 2577 misit,
1042 2507 1166 2581 fideique
1187 2484 1349 2581 legatorum
1372 2523 1508 2562 commen·

414 2619 430 2672 5
453 2612 517 2669 dari
539 2612 685 2670 civitatem
707 2614 798 2670 iussit.
852 2615 1011 2670 Thebanos
1037 2612 1166 2669 Marcius
1193 2621 1221 2668 et
1244 2611 1353 2669 Atilius
1382 2610 1440 2667 laeti
1467 2629 1509 2667 au·

452 2717 583 2787 dierunt,
613 2728 804 2792 auctoresque
831 2725 859 2774 et
888 2717 933 2774 his
962 2725 988 2772 et
1015 2716 1171 2789 separatim
1201 2716 1321 2791 singulis
1343 2715 1460 2773 fuerunt
1480 2715 1510 2771 ad

411 2829 429 2883 6
451 2821 650 2878 renovandam
672 2822 829 2878 amicitiam
855 2820 987 2879 mittendi
1008 2822 1133 2877 Romam
1155 2821 1277 2895 legatos.
1321 2821 1402 2876 Ante
1421 2819 1511 2876 omnia

452 2926 552 2983 exules
581 2926 691 2983 restitui
721 2927 866 2985 iusserunt
895 2937 924 2983 et
951 2935 1083 2983 auctores
1111 2924 1198 2999 regiae
1226 2924 1373 2982 societatis
1402 2926 1510 2981 decreto

451 3047 504 3088 suo
525 3000 709 3087 damnarunt.
742 3032 799 3103 Ita,
818 3033 896 3107 quod
917 3050 1053 3089 maxume
1071 3032 1218 3102 volebant,
1237 3030 1367 3088 discusso
1387 3030 1510 3087 Boeotico
1569 3110 1570 3116 Ι

451 3135 590 3207 concilio,
612 3139 640 3192 in
662 3136 897 3212 Peloponnesum
922 3136 1161 3212 proficiscuntur,
1184 3136 1247 3195 Ser.
1271 3133 1408 3194 Cornelio
1430 3135 1511 3195 Chal·
1569 3127 1570 3138 ¹

451 3430 632 3479 tutamentum
664 3430 706 3490 10,
720 3438 730 3479 1
745 3446 778 3479 ax
787 3431 951 3480 contentione
960 3430 1015 3495 My.
1034 3436 1049 3479 2
1063 3430 1174 3492 (Tamen
1187 3430 1367 3494 quorsumnam,
1378 3431 1482 3492 tresdo.)
1498 3434 1511 3479 8

390 3508 392 3512 ’
450 3506 575 3565 iismeniae
594 3516 743 3576 xt1v‚1‚1
757 3518 878 3566 calcidam
888 3516 891 3582 Ι
901 3518 1000 3567 alarum
1019 3524 1087 3566 2suo
1098 3518 1308 3580 quoqueproprio
1323 3516 1430 3579 Vallem
1444 3517 1510 3582 crya

447 3617 498 3652 suo
511 3604 605 3667 quique
617 3604 720 3667 proprio
735 3603 849 3670 (Kreyss.
868 3604 921 3654 roto·
933 3605 1036 3669 proprio
1047 3602 1161 3666 colebat.)
1192 3609 1208 3651 3
1221 3605 1350 3669 propriam
1370 3606 1513 3652 societatem

451 3686 552 3755 Kreyaa
574 3688 663 3755 (Grya.
675 3690 762 3740 Persei
772 3692 935 3752 societatem)
961 3692 965 3755 Ι
990 3699 1124 3753 aspernata
1148 3691 1153 3752 Ι
1178 3691 1337 3752 diungebant
1355 3691 1513 3739 4boctorum

450 3774 476 3833 3,
499 3780 510 3822 1
531 3776 585 3840 ipse
639 3782 653 3825 2
673 3778 828 3838 hostialia
851 3785 976 3839 magnotu
995 3783 1067 3825 erant
1086 3775 1185 3840 Kreyss.
1208 3774 1297 3841 (Gryn.
1319 3777 1346 3824 in
1365 3792 1462 3838 magno
1480 3785 1512 3824 tu·

450 3862 534 3935 multu
552 3864 638 3927 eraut)
655 3862 660 3929 Ι
676 3864 721 3912 alii
739 3866 815 3913 aulis
851 3863 878 3920 4,
893 3864 1117 3926 saltaturumque
1137 3861 1250 3928 (Kreyss.
1271 3878 1302 3911 eo
1321 3866 1490 3924 convenerat)
1508 3860 1511 3923 Ι

450 3948 589 3999 delendum
613 3952 797 4001 ⁴,iconatuntiaa
821 3949 1013 4013 tartthiooique
1029 3952 1034 4011 Ι
1049 3950 1139 4013 imperi
1168 3950 1367 4012 5uictaeadem
1381 3950 1513 3997 multitudo

451 4035 507 4103 My.
526 4036 582 4087 Em.
601 4037 657 4088 535
694 4038 852 4086 tcalcidem
899 4034 924 4096 b,
946 4041 956 4084 l
978 4036 1021 4083 leti
1037 4037 1042 4098 Ι
1059 4044 1084 4084 et
1101 4036 1141 4084 his
1160 4037 1295 4100 separatim
1324 4034 1417 4086 Gran..
1457 4036 1512 4094 6,t

450 4124 790 4188 boeticoncilioponneusum
827 4116 916 4189 (crya.
943 4123 1061 4173 Boeotico
1092 4124 1199 4172 consilio
1223 4122 1366 4187 Pelopoun.
1396 4121 1513 4187 Proeposi·

420 4256 422 4260 Α
448 4212 534 4261 donata
551 4227 594 4276 epo
612 4209 723 4274 addidi.)
760 4216 776 4258 4
795 4224 860 4272 serg.
880 4210 992 4260 cornelio
1012 4210 1152 4259 calchidem
1171 4209 1295 4260 arcersito
