3475 5084
532 442 537 467 r
600 404 604 411 ’
698 440 754 488 arn.
774 438 935 489 arv-xm.

686 633 736 687 EX
753 637 820 686 LIB.
840 636 941 688 XVIII.

355 751 453 801 Atilius
468 753 582 814 Regulus
602 754 627 801 in
647 753 735 803 Africa
754 760 897 817 serpentem
916 758 1067 816 portentosae
1086 752 1267 813 magnitudinis
1287 766 1343 801 cum

283 858 381 906 magna
398 844 471 893 clade
489 846 598 895 miiitum
617 849 723 909 occidit,
750 854 776 895 et
800 859 877 907 quum
902 846 999 909 aliquot
1019 844 1116 909 proeliis
1140 844 1203 892 bene
1222 845 1343 894 adversus

286 935 511 999 Carthaginienses
529 945 682 1001 pugnasset,
709 951 890 999 successorque
915 938 937 987 ei
960 954 974 986 e
997 946 1087 987 senatu
1111 950 1229 1000 prospere
1248 937 1343 986 bellurn

284 1030 384 1092 gerenti
396 1044 447 1078 non
461 1031 609 1089 mitteretur,
629 1032 655 1079 id
667 1030 748 1095 ipsum
768 1044 812 1092 per
830 1030 927 1077 litteras
947 1031 978 1077 sd
997 1036 1112 1078 serratum
1131 1030 1220 1078 missas
1239 1038 1344 1093 questus

284 1130 336 1181 cst,
360 1124 387 1171 in
406 1123 497 1186 quibus
515 1123 581 1171 inter
599 1136 688 1171 causas
707 1121 809 1185 petendi
828 1123 980 1171 successoris
997 1131 1061 1180 crat,
1089 1122 1156 1185 qnod
1176 1120 1272 1183 agellus
1290 1124 1344 1171 eins

284 1216 481 1265 amereenariis
505 1217 620 1264 desertus
645 1222 720 1265 esset.
760 1213 895 1273 Quaerente
923 1214 1012 1263 deinde
1037 1213 1152 1272 fortuna,
1178 1221 1206 1262 ut
1224 1229 1343 1277 magnum

282 1308 417 1371 utriusque
440 1322 514 1357 casus
533 1307 677 1371 exemplum
700 1309 726 1355 in
745 1308 846 1369 Regulo
874 1307 1035 1370 proderetur,
1062 1308 1184 1355 arcessito
1203 1322 1219 1355 a
1236 1306 1345 1357 Cartha-

283 1400 445 1462 giniensibus
463 1399 612 1463 Xanthippo
632 1400 886 1449 Lacedaemoniorum
906 1400 978 1459 duce,
1002 1399 1083 1446 nictus
1101 1398 1191 1461 proelio
1212 1407 1237 1448 et
1256 1408 1343 1463 captus

283 1503 331 1543 est.
367 1493 420 1543 Res
438 1492 529 1541 deinde
548 1508 564 1541 a
582 1493 689 1542 ducibus
708 1493 830 1542 Romanis
853 1492 972 1541 omnibns
997 1499 1063 1539 terra
1087 1492 1199 1555 marique
1225 1506 1344 1555 prospere

283 1592 373 1649 gestas
392 1583 600 1633 deformaverunt
616 1584 751 1647 naufragis
768 1584 898 1634 classium.
934 1585 992 1633 Tib.
1007 1582 1183 1633 Coruncanius
1198 1586 1293 1648 primus
1313 1600 1345 1635 ex

281 1679 360 1743 plebe
386 1675 502 1741 pontifex
529 1678 656 1727 maximus
684 1686 782 1726 creatus
809 1686 854 1726 est.
900 1678 936 1726 M.
960 1676 1125 1740 Sempronius
1151 1676 1264 1739 Sophus,
1296 1672 1343 1729 Μ’.

281 1771 405 1821 Valerius
423 1768 552 1818 Maximus
572 1785 687 1820 censores
707 1786 784 1835 quum
803 1779 918 1818 senatum
937 1770 1067 1833 legerent,
1096 1768 1161 1817 XVI
1180 1778 1270 1818 senatu
1288 1786 1345 1819 mo-

282 1872 383 1913 verunt.
421 1864 541 1913 Lustrum
560 1864 737 1923 condiderunt,
756 1876 807 1924 quo
827 1876 902 1911 censu
918 1871 978 1911 sunt
995 1863 1086 1911 civium
1101 1862 1183 1925 capita
1196 1846 1345 1914 O‘CE‘VII

282 1953 468 2007 DCCXCVII.
504 1955 619 2017 Regulus
638 1954 728 2004 missus
752 1969 768 2002 a
789 1953 1042 2017 Carthaginiensibus
1061 1955 1093 2003 ud
1112 1962 1240 2017 senatum,
1267 1967 1296 2005 nt
1314 1958 1344 2007 de

281 2063 348 2113 pace
369 2056 403 2107 et,
422 2049 444 2097 si
463 2063 519 2096 eam
538 2062 591 2095 non
608 2057 694 2112 posset
710 2049 854 2110 impetrare,
876 2049 908 2096 de
927 2049 1113 2097 commutandis
1128 2048 1233 2111 captivis
1248 2058 1345 2111 ageret,

283 2141 331 2189 sed
349 2140 404 2188 inre
422 2140 528 2189 iurando
548 2141 697 2199 adstrictus,
719 2140 859 2188 rediturum
883 2154 911 2189 ae
931 2139 1127 2201 Carthaginem,
1154 2142 1174 2189 si
1194 2144 1344 2192 commutari

283 2234 397 2297 captivos
415 2248 467 2282 nou
484 2232 630 2297 placuisset,
648 2240 783 2295 utrumqne
798 2233 910 2295 negandi
924 2240 1013 2281 auctor
1031 2212 1130 2280 senatui
1149 2231 1205 2295 init,
1226 2243 1250 2283 et
1268 2249 1344 2297 quum

282 2326 334 2374 fide
353 2326 481 2375 custodita
492 2340 608 2374 reversus
621 2333 697 2383 esset,
715 2324 839 2387 supplicio
852 2339 868 2372 a
878 2324 1130 2386 Carthaginiensibus
1147 2326 1178 2372 de
1198 2339 1229 2373 eo
1244 2335 1345 2390 sumpto

282 2418 368 2483 periit.

699 2554 748 2603 hx
767 2555 834 2603 LIB.
855 2552 929 2603 XIX.

356 2668 605 2719 CaeciliusMetellus
624 2668 699 2717 rebus
717 2673 835 2720 adversus
853 2671 947 2720 Poenos
968 2683 1087 2733 prospere
1104 2668 1184 2729 gestis
1201 2671 1343 2732 speciosum

283 2762 342 2824 egit
356 2762 519 2825 triumphum,
538 2760 605 2809 XIII
624 2762 730 2810 ducibus
747 2762 856 2810 hostium
874 2771 899 2809 et
913 2760 986 2811 CXX
1001 2760 1141 2823 elephantis
1159 2754 1186 2809 iri
1204 2778 1234 2811 eo
1252 2764 1342 2814 ductis.

283 2852 409 2903 Claudius
431 2854 543 2903 Pulcher
567 2869 618 2902 coa.
644 2863 733 2903 eontra
756 2855 871 2918 auspicia
893 2854 1021 2918 proiectus
1046 2852 1119 2901 iussit
1147 2856 1227 2916 mergi
1252 2856 1343 2918 pullos,

283 2947 328 3008 qni
348 2946 427 2994 cibari
445 2947 581 3006 nolebant;
600 2946 735 2995 infeliciter
746 2948 868 2996 adversus
875 2945 1101 3007 Carthaginienses
1115 2945 1196 2995 classe
1213 2948 1343 3011 pugnavit,

282 3045 311 3089 et
327 3045 460 3087 revocatus
477 3053 494 3085 a
512 3046 601 3089 senatu
626 3038 760 3101 iussusque
783 3040 932 3088 dictatorem
951 3040 1049 3097 dicere,
1077 3037 1213 3088 Claudium
1234 3039 1343 3089 Gliciam

282 3130 359 3189 dixit,
378 3131 454 3179 sortia
472 3130 566 3179 ultimae
585 3130 723 3189 hominem,
743 3133 785 3194 qui
803 3139 908 3181 coactus
919 3130 1037 3181 abdicare
1055 3147 1081 3181 se
1095 3133 1242 3193 magIstratu
1255 3142 1344 3196 postea

282 3224 359 3272 ludos
382 3229 546 3286 pretextatus
562 3222 693 3285 spectavit.
731 3221 1015 3273 A.Ariliusca1arinns
1033 3224 1128 3286 primns
1147 3225 1255 3273 dictator
1272 3232 1344 3273 extra

281 3315 385 3364 Italiam
410 3315 549 3363 exercitum
574 3314 654 3363 duxit.
698 3311 872 3363 Commutatio
901 3316 1054 3379 captivorum
1080 3320 1137 3365 cnm
1164 3315 1250 3367 Poenis
1275 3316 1343 3366 facta

282 3414 331 3457 est.
377 3407 491 3457 Colonire
514 3407 629 3455 dednctae
652 3414 712 3455 sunt
735 3408 859 3470 Fregenoe
886 3416 908 3457 et
932 3409 959 3457 in
984 3424 1048 3471 agro
1068 3408 1211 3459 Sallentino
1233 3409 1343 3458 Brundi·

282 3500 359 3550 sium.
392 3500 517 3549 Lustrum
536 3514 552 3547 a
570 3500 718 3548 censoribus
736 3501 866 3548 conditum
887 3509 934 3550 est.
971 3500 1056 3551 Cansa
1074 3510 1131 3552 snut
1149 3500 1240 3550 civium
1260 3501 1344 3564 capita

282 3578 393 3645 CCXXI
415 3592 520 3643 CCXII.
564 3591 685 3649 Claudia,
703 3608 775 3642 soror
798 3592 828 3642 P.
854 3592 968 3653 Claudii,
995 3595 1037 3657 qui
1056 3594 1207 3657 contemptis
1225 3594 1343 3658 auspiciis

281 3686 351 3739 male
360 3692 526 3749 pugnaverat,
536 3684 626 3733 aludis
638 3696 767 3734 revomens
779 3698 856 3746 qnurn
865 3685 941 3734 turba
948 3694 1110 3748 premeretur,
1124 3686 1199 3735 dixit:
1224 3685 1342 3749 ,Utinam

281 3778 441 3829 fratermeus
458 3775 554 3823 viveret
571 3777 699 3826 etiterum
718 3778 827 3827 classem
841 3777 969 3827 duceret.'’
1008 3777 1048 3827 Ob
1067 3794 1122 3827 eam
1142 3793 1244 3829 cansam
1264 3780 1344 3828 multa

282 3869 307 3919 ei
326 3868 395 3917 dicta
415 3874 460 3917 est.
491 3867 550 3916 Duo
568 3875 688 3931 praetores
701 3878 761 3918 tunc
778 3871 887 3933 primum
902 3871 978 3920 creati
990 3878 1056 3919 sunt.
1094 3868 1211 3921 Coecilins
1223 3871 1342 3921 Meteilus

282 3958 403 4024 pontiIex
424 3961 552 4009 maximus
570 3963 605 4010 A.
624 3960 786 4012 Postumium
807 3964 950 4023 consulem,
976 3964 1098 4026 qnoniam
1121 3965 1188 4013 idem
1208 3972 1234 4013 et
1250 3963 1342 4037 flamep

283 4052 412 4103 Martialis
432 4058 493 4111 erat,
519 4066 595 4114 quum
614 4053 636 4103 is
654 4056 687 4102 ad
705 4056 800 4105 beilum
819 4059 959 4118 gerendum
977 4056 1104 4119 proficisci
1121 4056 1207 4114 vellet,
1235 4056 1261 4105 in
1280 4056 1342 4105 urbe

283 4146 366 4195 tenuit
389 4159 436 4194 nee
460 4159 551 4208 passus
575 4151 615 4195 est
637 4159 654 4194 a
677 4148 756 4196 sacris
780 4150 907 4197 recedere.
955 4148 1042 4197 Rebus
1067 4150 1189 4197 adversus
1207 4147 1301 4197 Poenos
1327 4164 1343 4197 a

282 4237 399 4301 pluribus
423 4237 529 4285 ducibus
552 4251 672 4301 prospere
690 4240 783 4301 gestis,
812 4256 936 4289 summam
961 4241 1073 4290 victorias
1092 4239 1121 4290 C.
1143 4240 1261 4291 Lutatius
1279 4254 1342 4302 cos,
