3475 5084
657 555 714 604 nn.
734 552 1030 605 cxxvi-cmm.
1275 536 1330 616 '75

315 756 407 797 terram
417 750 510 799 milites
518 751 545 798 in
555 766 649 814 magno
660 753 773 815 periculo
783 758 875 801 essent.
902 751 993 801 Victus
1004 752 1096 801 deinde
1104 752 1242 817 Pompeius
1254 755 1280 803 in
1288 754 1373 805 Asiam

314 841 442 891 exSieilis
451 842 573 905 profugit.
609 845 646 895 M.
662 845 781 909 Lepidus,
800 846 843 908 qni
862 859 894 893 ex
906 843 996 893 Airiea
1014 846 1085 893 velut
1103 846 1135 895 ad
1150 846 1297 895 societatem
1311 848 1372 897 belli

316 943 404 982 eontra
433 934 492 985 Sex.
516 936 667 1000 Pompeium
694 952 710 985 a
731 934 833 985 Gaessre
860 937 964 998 gerendi
995 938 1138 1001 traiecerat,
1168 952 1245 1000 quum
1272 920 1374 988 bellurn*

315 1022 410 1089 Casani
434 1041 536 1089 quoque
558 1027 676 1090 inferret,
704 1030 806 1079 relictus
833 1029 866 1077 ab
892 1030 1020 1088 exercitu,
1051 1030 1175 1092 abrogato
1199 1031 1370 1081 triumviratus

314 1117 507 1167 honorevvitam
524 1122 676 1184 impetravit.
714 1122 750 1169 M.
763 1122 881 1185 Agrippa
899 1121 981 1170 navali
1000 1118 1241 1181 eorona'aCaesare
1260 1124 1371 1174 donatus
1471 1130 1475 1139 '

274 1233 279 1237 ·
314 1219 361 1270 est,
380 1211 423 1274 qui
442 1212 524 1296 honos
544 1213 608 1262 nulli
627 1222 687 1262 aute
706 1228 763 1262 enm
783 1214 885 1263 habitus
904 1221 965 1262 erat.

710 1373 759 1423 EX
777 1375 845 1423 LIB.
865 1371 974 1423 CXXX.

383 1486 418 1534 M.
437 1488 566 1537 Antonius
590 1490 651 1537 dum
677 1503 733 1537 eum
753 1487 892 1552 Cleopatra
915 1458 1072 1546 luxuriatur,
1101 1486 1172 1534 tarde
1195 1486 1308 1536 Mediam
1331 1489 1370 1537 in·

313 1590 415 1639 gressus
433 1577 529 1628 bellum
553 1596 608 1628 cum
633 1581 779 1643 legionibus
796 1580 876 1629 XVII
897 1589 922 1628 et
940 1563 1006 1629 XVI
1024 1579 1138 1641 equitum
1157 1577 1258 1629 Parthis
1276 1580 1369 1641 intulit,

312 1677 340 1717 et
358 1685 449 1733 qaum,
475 1671 574 1721 duabus
597 1674 741 1733 legionibus
759 1672 872 1730 amissis,
896 1672 968 1720 nulla
989 1686 1017 1719 re
1035 1685 1154 1734 prospere
1178 1672 1283 1720 cedente
1301 1681 1370 1722 retro

313 1764 419 1822 rediret,
444 1764 565 1814 insecutis
589 1765 696 1814 subinde
720 1764 836 1824 Parthis,
860 1772 886 1812 et
912 1765 1009 1825 ingenti
1037 1764 1203 1828 trepidatione
1228 1771 1253 1811 et
1276 1778 1370 1825 magno

314 1856 393 1905 totius
411 1858 537 1905 exercitus
554 1858 667 1920 periculo
686 1858 711 1906 in
732 1856 880 1905 Armenium
906 1870 1019 1905 reversus
1038 1864 1089 1915 est,
1111 1855 1176 1903 XXI
1193 1855 1283 1904 diebus
1302 1854 1370 1905 000

313 1947 395 1995 millia
419 1946 480 2009 fuga
510 1964 635 1999 emensus.
680 1949 756 1999 Cirea
779 1933 848 1998 ffil‘l
887 1949 1019 1998 hominum
1053 1949 1243 2012 tempestatibus
1277 1948 1369 1997 amisit.

313 2038 489 2103 Tempestates
508 2057 610 2106 quoque
628 2042 735 2091 infestas
749 2057 825 2105 super
842 2052 894 2090 tam
913 2040 1050 2089 infeliciter
1063 2051 1207 2104 susceptum
1221 2040 1369 2090 Parthicum

312 2131 409 2180 bellum
429 2134 505 2197 eulpa
526 2150 572 2183 sna
590 2150 680 2198 passus
699 2144 746 2195 est,
770 2136 830 2198 quia
847 2134 959 2182 hiemare
976 2134 1002 2181 in
1021 2134 1145 2182 Armenia
1162 2134 1281 2194 nolebat,
1308 2135 1369 2183 dnm

312 2225 345 2272 ad
364 2223 526 2290 Cleopatram
545 2227 656 2277 festinat

703 2386 753 2436 EX
769 2386 835 2435 LIB.
857 2384 980 2437 CXXXI.

381 2501 441 2551 Sex.
454 2497 591 2567 Pompeias
609 2515 686 2563 quum
704 2501 732 2549 in
750 2502 825 2551 iidem
837 2503 873 2553 hd.
885 2503 993 2552 Antonii
1007 2502 1111 2561 veniret,
1133 2499 1229 2549 bellurn
1248 2502 1368 2552 adversus

312 2609 368 2644 enm
394 2596 421 2643 in
450 2596 511 2644 Asia
537 2595 644 2643 moliens
671 2609 805 2658 oppressus
831 2610 847 2643 a
869 2594 961 2657 legatis
985 2596 1039 2643 eius
1066 2594 1164 2643 occisus
1187 2580 1233 2641 est.
1285 2594 1370 2645 Cesar

310 2688 463 2736 seditionem
480 2695 655 2736 veteranorum
677 2703 737 2736 eum
758 2702 850 2762 magpn
866 2688 978 2752 pernicie
997 2693 1092 2734 motam
1110 2685 1231 2745 inhibuit,
1257 2685 1368 2751 Iapydas

312 2787 337 2828 et
360 2780 496 2829 Dalmatas
521 2788 546 2828 et
567 2779 715 2829 Pannonios
739 2780 849 2841 subegit.
894 2779 1023 2829 Antonius
1051 2778 1210 2827 Artavasden
1236 2780 1368 2828 Armenia

312 2886 398 2934 regem
421 2872 471 2920 fide
495 2873 555 2920 data
577 2874 726 2936 perductum
750 2872 777 2919 in
795 2873 896 2921 vincula
913 2872 1006 2921 eoniiei
1024 2870 1110 2929 iussit,
1138 2886 1294 2934 regnumque
1314 2872 1367 2920 Ar·

310 2941 470 3014 menies'filio
489 2980 535 3013 suo
553 2979 586 3012 ex
599 2964 735 3027 Cleopatra
750 2972 810 3011 nato
826 2965 904 3024 dedit,
924 2980 998 3028 quam
1018 2963 1104 3011 uxoris
1122 2963 1180 3012 loeo
1199 2964 1249 3012 iam
1267 2964 1365 3039 pridem

311 3065 401 3120 eaptus
420 3070 507 3105 amore
525 3056 578 3105 eius
596 3055 691 3103 habere
709 3062 827 3119 eoeperat
895 3044 900 3047 ’

602 3227 611 3262 ·.
692 3215 742 3265 EX
759 3215 827 3263 LIB.
846 3213 981 3264 cxxxll.

382 3332 466 3381 Caesar
495 3331 521 3379 in
546 3330 650 3393 lllyrieo
678 3330 812 3379 Dalmatas
843 3332 949 3379 domuit.
1000 3328 1084 3389 Quum
1114 3328 1150 3377 M.
1175 3329 1305 3379 Antonius
1334 3332 1368 3380 ob

310 3439 423 3473 amorem
435 3423 585 3486 Cleopatras,
604 3438 637 3471 ex
654 3438 705 3485 qua
717 3423 781 3471 duos
794 3422 860 3471 filios
873 3423 991 3481 habebnt,
1009 3421 1204 3484 Philadelphum
1219 3422 1368 3471 etAlexau·

312 3516 397 3574 drnm,
421 3530 503 3579 neque
521 3515 548 3563 in
567 3516 656 3564 urbem
674 3516 761 3564 venire
778 3515 855 3563 vellet
873 3530 954 3579 neque
974 3515 1045 3563 finito
1064 3515 1236 3562 triumviratus
1255 3523 1367 3578 tempore

309 3608 443 3672 imperium
462 3610 589 3670 deponere
607 3608 753 3671 bellumque
778 3607 921 3664 moliretur,
948 3608 1016 3669 quod
1034 3607 1091 3655 urbi
1110 3616 1135 3655 et
1153 3606 1234 3655 Italiae
1254 3606 1368 3668 inferret,
1471 3636 1474 3643 ι

310 3670 455 3763 ingeirtibus
478 3710 529 3748 tam
553 3700 686 3749 navalibus
711 3715 787 3763 quam
811 3700 975 3750 terrestribus
1004 3700 1083 3763 copiis
1108 3700 1141 3748 ob
1163 3701 1211 3748 hoo
1230 3701 1368 3750 contractis

311 3796 469 3856 remissoque
487 3793 600 3844 octavia
625 3794 706 3842 sorori
731 3792 838 3842 casaris
864 3794 984 3857 repudio,
1017 3790 1105 3841 Caesar
1129 3792 1155 3839 in
1180 3786 1286 3855 Epiruin
1311 3806 1367 3840 eum

311 3889 425 3937 exercitu
442 3887 547 3935 traiecit.
590 3886 688 3947 Pngnoe
713 3887 804 3935 deinde
827 3887 932 3935 navales
956 3893 982 3935 et
1006 3885 1095 3949 praelia
1112 3886 1238 3949 equestria
1256 3886 1368 3933 secanda

311 3977 419 4029 (laseris
437 3977 587 4028 reseruntur.

686 4136 736 4185 EX
753 4138 822 4190 LIB.
841 4136 990 4188 CXXXIII.

381 4254 419 4304 M.
438 4254 567 4304 Antonius
585 4255 617 4303 ad
635 4252 740 4303 Aetium
764 4252 845 4301 classe
863 4253 945 4301 vietus
966 4252 1149 4301 Alexandriam
1169 4249 1295 4312 profugit,
1321 4253 1367 4301 ob*

312 4361 446 4410 aestusque
468 4363 485 4396 a
504 4346 618 4407 Caesare,
646 4346 673 4394 in
697 4346 788 4393 ultima
806 4346 983 4409 desperatione
1006 4358 1104 4404 rernm,
1131 4344 1258 4409 praecipne
1278 4345 1367 4393 oeeisas
