3475 5084
557 502 635 552 Liber
652 502 736 553 XLV.
774 506 820 565 (Δ.
840 502 902 555 chr.
926 506 996 569 167.)
1208 510 1268 567 249

233 686 321 761 ipsos
344 685 458 743 cadere
485 696 514 745 at
535 688 609 747 alios
634 687 697 765 pati
721 689 821 748 vomit.
874 689 1070 766 Regionibns,
1103 708 1168 763 quse
1200 691 1310 749 adfines

232 791 377 850 barbaris
400 801 497 849 essem
517 789 657 870 (excepta
677 805 775 851 antam
796 796 892 878 tertia,
914 814 1014 853 omnes
1038 793 1149 871 erant),
1170 796 1310 871 permisit,

231 905 265 953 ut
284 896 429 971 praesidia
450 908 566 958 armata
585 898 616 957 in
636 899 742 957 finibus
762 901 900 958 extremis
921 902 1072 959 haberent.

320 1003 399 1059 Hoec
424 1004 612 1077 pronuntiata
639 1004 733 1079 primo
765 1005 812 1062 die
845 1017 1005 1065 conventus
1033 1005 1114 1063 varie
1141 1004 1310 1062 adiecerunt
1352 998 1393 1069 30

229 1107 364 1165 animos.
408 1109 544 1167 Libertas
557 1119 757 1186 prseterspem
773 1113 843 1171 data
859 1113 975 1171 adrexit
989 1124 1017 1171 et
1031 1112 1159 1169 levatum
1181 1129 1308 1167 annuum

229 1213 376 1288 vectigal.
420 1214 606 1290 Regionatim
628 1218 801 1275 commercio
822 1218 984 1294 interrupto
1006 1218 1047 1275 ita
1067 1215 1158 1274 videri
1179 1214 1308 1285 lacerati,
1332 1215 1350 1270 2

227 1326 392 1391 tamquam
408 1319 527 1377 animali
546 1320 578 1377 in
593 1331 675 1379 amus
688 1322 811 1380 alterum
829 1323 948 1381 alterius
971 1322 1133 1396 indigentes
1155 1320 1308 1388 distract03

227 1423 322 1493 adeo,
346 1433 458 1498 quanta
472 1425 647 1484 Macedonia
667 1438 757 1499 esset,
779 1446 868 1502 qnam
894 1428 988 1487 divisu
1014 1426 1117 1495 facilis,
1139 1435 1172 1483 nt
1192 1443 1224 1481 se
1244 1425 1310 1500 ipsa

227 1547 363 1603 quaeque
374 1538 511 1587 contenta
521 1548 592 1606 pars
603 1540 688 1601 esset,
701 1533 878 1593 Macedones
891 1548 1006 1607 quoqne
1017 1533 1200 1607 ignorabant.
1232 1531 1308 1589 Pars
1331 1530 1348 1585 s
1384 1566 1393 1623 ¹

226 1634 333 1707 prima
357 1634 486 1692 Bisaltas
507 1636 605 1703 habet,
625 1634 800 1695 fortissimos
822 1638 901 1695 viros
925 1636 1017 1710 (trans
1043 1638 1170 1695 Nessum
1193 1653 1307 1693 amnem

225 1738 369 1798 incolunt
389 1749 421 1796 et
447 1740 525 1797 cirea
544 1741 760 1815 Strymonem),
787 1752 817 1799 et
846 1742 952 1803 multas
973 1741 1089 1817 frugum
1114 1742 1308 1816 proprietates

226 1854 258 1901 et
283 1844 410 1903 metalla
431 1855 460 1902 at
479 1846 724 1920 opportunitatem
744 1847 947 1922 Amphipolis,
972 1866 1036 1922 quae
1065 1848 1178 1905 obiecta
1200 1844 1309 1903 claudit

226 1966 340 2006 omnes
371 1948 410 2006 ab
440 1950 551 2007 crisme
572 1950 685 2009 soleio
706 1952 911 2011 Macedoniam
934 1953 1038 2011 aditus.
1081 1952 1216 2010 Secunda
1237 1953 1348 2025 parat

226 2055 443 2113 celeberrimas
464 2058 567 2126 urbes,
590 2057 817 2116 Thessalonicen
839 2068 866 2115 et
887 2056 1116 2128 Cassandream,
1143 2056 1246 2124 habet,
1270 2056 1308 2111 ad
1350 2082 1356 2085 ·

226 2161 290 2217 hoc
302 2159 456 2231 Pallenen,
476 2160 601 2219 fertilem
623 2181 658 2219 ac
679 2163 850 2238 frugiferam
868 2172 991 2231 terram3
1014 2162 1176 2223 maritimas
1191 2178 1308 2234 quoquc

228 2265 474 2341 opportunitates
500 2266 528 2323 ei
556 2268 686 2341 prebent
711 2280 812 2345 portus
841 2288 860 2325 a
889 2270 1009 2327 Torone
1035 2286 1070 2325 aa
1100 2276 1197 2324 moute
1224 2266 1306 2323 Atho

225 2371 260 2429 in
285 2371 455 2429 Favonium
477 2371 527 2429 alii
547 2372 731 2447 insulamque
751 2374 912 2442 Enboeem,
949 2372 999 2431 alii
1027 2373 1063 2429 ad
1085 2372 1306 2446 Hellespontum

191 2496 197 2502 ·
230 2486 406 2551 opportune
427 2477 512 2537 versi.
559 2476 661 2536 Tertia
683 2477 764 2553 regio
790 2478 903 2535 nobiles
925 2478 1010 2535 nrbes
1032 2477 1173 2535 Edessam
1198 2484 1227 2531 et
1249 2475 1304 2531 Be·
1329 2474 1346 2527 5

227 2600 330 2639 roeam
353 2590 382 2637 et
405 2581 518 2640 Pellam
540 2583 630 2641 habet
651 2594 681 2639 et
700 2582 891 2641 Bottiaeornm
914 2583 1081 2641 bellicosam
1103 2591 1235 2655 gentem,
1262 2579 1305 2635 in·

228 2688 317 2745 colae
342 2705 459 2761 qnoque
490 2689 649 2763 permultos
671 2687 776 2747 Gallos
798 2697 827 2745 et
848 2689 980 2765 Illyrios,
1010 2688 1141 2763 inpigros
1171 2686 1305 2743 cultores.

230 2793 383 2866 Quartam
405 2793 555 2868 regionem
576 2794 694 2856 Eordaei
715 2806 745 2855 et
758 2796 910 2870 Lyncesta
932 2805 961 2853 et
975 2795 1140 2870 Pelagones
1161 2792 1306 2859 incolunt;
1329 2790 1347 2847 6

231 3074 279 3133 14,
300 3080 316 3122 3
337 3080 472 3136 exceptam
500 3073 505 3134 1
532 3072 635 3122 tertiam
687 3070 775 3130 XXX,
794 3068 820 3131 1,
844 3076 855 3120 l
877 3075 954 3123 naria
1008 3080 1087 3136 tspe
1107 3073 1168 3120 data
1187 3072 1306 3121 adrexsst

233 3171 262 3210 et
300 3160 327 3218 2,
350 3165 359 3208 l
383 3161 536 3222 regionatim
556 3159 650 3207 mesciu
667 3158 815 3220 interruptis
835 3159 951 3208 aduideri
971 3160 1086 3208 lacerata
1105 3158 1166 3222 (csr.
1181 3153 1304 3221 infro56,

233 3249 267 3310 1)
299 3246 356 3312 Mp.
376 3256 400 3297 st
420 3243 488 3295 Gran.
509 3245 640 3307 (lacerati)
667 3243 760 3306 (Aliter
778 3244 841 3295 Em:
858 3244 919 3295 610.
962 3246 1035 3311 Gryn.
1062 3258 1115 3307 reg.
1144 3242 1305 3293 commerciis

229 3334 388 3398 interruptis
407 3334 444 3383 ita
459 3333 538 3381 uideri
556 3331 683 3394 lacerata)
712 3330 859 3380 tanimalia
871 3332 899 3381 in
913 3332 1099 3381 ortnsalteram
1117 3330 1221 3379 alterins
1240 3329 1305 3377 indi·

231 3422 320 3471 centis
340 3421 465 3469 distracto
475 3418 530 3484 My.
541 3418 598 3467 Em.
615 3416 668 3467 610
685 3415 777 3483 (Gryn.
796 3419 918 3469 animalia
937 3419 963 3467 iu
977 3426 1045 3467 artus
1065 3418 1171 3467 alterum
1185 3417 1229 3466 alt.
1240 3416 1306 3465 indi-

231 3509 339 3572 gonteis
357 3506 495 3568 distracta)
539 3505 668 3553 raimoni
693 3501 761 3553 Creo.
788 3504 793 3565 Ι
821 3513 847 3553 et
864 3520 881 3555 a
908 3520 936 3556 sc
955 3502 1039 3570 sipon.
1079 3504 1148 3554 Fert.
1177 3505 1215 3553 ita
1232 3510 1260 3551 ut
1278 3516 1306 3553 se

232 3602 250 3645 4
271 3600 424 3657 contempta
433 3590 518 3657 Sigon.
534 3590 540 3656 Ι
554 3591 738 3653 ignorabantur
771 3591 797 3652 3,
817 3598 832 3641 2
851 3591 947 3641 bisalta
982 3598 997 3639 8
1016 3591 1163 3641 incoluntur
1181 3599 1208 3642 et
1221 3591 1305 3639 circas

234 3680 410 3746 'proprietas
445 3677 619 3743 tampipolis
654 3678 769 3727 osclum
789 3679 967 3730 macedoniam
1007 3676 1034 3739 4,
1054 3684 1068 3726 2
1088 3686 1114 3727 et
1132 3694 1176 3727 om.
1194 3677 1198 3739 Ι
1214 3692 1306 3726 cacan·

231 3772 328 3820 dream
368 3766 530 3830 8pellencm
545 3768 551 3826 Ι
567 3763 706 3827 rugileram
741 3765 808 3814 aad
826 3772 958 3814 toroneam
979 3774 1091 3815 montem
1117 3765 1307 3816 athoeneaeno·

232 3864 300 3907 cant
317 3852 449 3903 hunaalii
467 3852 628 3915 insulamque
646 3850 703 3917 My.
724 3851 824 3913 (Minus
842 3860 903 3901 recte
921 3851 976 3901 Eu.
1000 3850 1069 3913 611.)
1105 3850 1181 3916 Gryn.
1201 3852 1233 3900 ad
1252 3852 1305 3901 Το-

231 3956 328 3994 ronam
346 3954 378 3989 ac
397 3947 509 3989 montem
531 3938 601 3987 Atho
628 3937 730 4000 (AEnea
756 3947 849 3987 vocant
872 3938 952 4001 hunc)
981 3939 1023 3987 alii
1047 3940 1080 3988 ad
1102 3939 1210 3989 insulam
1237 3938 1304 3989 Eub.

234 4028 447 4090 5elleapontum
481 4023 673 4084 binarum
709 4024 880 4076 tnettiorum
900 4024 955 4090 ddp.
971 4024 1027 4075 Em.
1041 4024 1090 4077 611
1109 4024 1233 4089 (Niebuhr
1242 4025 1305 4073 Bot-

232 4114 359 4176 tiornm)
397 4111 422 4171 6,
444 4116 454 4159 l
475 4110 607 4174 regionem
625 4112 710 4161 sordui
728 4112 883 4163 commercio
907 4112 1054 4174 interruptis
1078 4113 1114 4161 ita
1138 4112 1219 4161 uideri
1236 4112 1306 4161 lace·

232 4212 322 4252 ratam
351 4207 378 4249 at
394 4200 519 4263 lingente,
544 4196 661 4250 translato
679 4197 726 4247 luc
742 4214 812 4250 nemu
829 4216 841 4247 e
857 4200 874 4261 ξ
893 4198 920 4252 2.
950 4199 1037 4265 (Gryn.
1056 4198 1152 4249 Eordoi
1171 4206 1196 4251 ct
1213 4200 1306 4249 Lince·

234 4296 292 4340 stae.
323 4286 460 4350 Lyncesto
478 4282 596 4349 Medius)
795 4266 805 4276 ‘
