3475 5084
488 474 522 527 16
844 426 849 435 '
904 469 1034 521 Periocha

442 666 571 715 luxerunt.
606 666 636 714 P.
650 666 769 716 Valerius
785 668 874 717 consul
894 668 975 732 legem
995 669 1026 718 de
1043 669 1226 733 provocatione
1243 671 1276 718 ad
1293 672 1411 736 populum
1427 672 1479 721 tulit

443 756 598 822 Capitolium
618 760 761 809 dedicatum
779 770 825 809 est.
866 760 1006 819 Porsenna,
1028 761 1188 811 Clusinorum
1207 777 1261 821 rex,
1285 763 1354 813 bello
1371 779 1413 829 pro
1431 765 1482 813 Tar·

442 852 535 913 quiniis
561 861 679 917 suscepto
704 866 780 915 quum
803 854 835 901 ad
859 852 1004 902 Ianiculum
1026 855 1151 918 venisset,
1181 870 1213 904 ne
1236 855 1350 905 Tiberim
1375 858 1484 915 tmnsiret,

441 944 535 993 virtute
555 943 660 994 Coclitis
680 943 778 993 Horatii
796 946 938 1008 prohibitus
958 954 1005 1007 est,
1024 947 1075 1009 qui,
1095 948 1154 996 dum
1176 948 1219 997 alii
1236 956 1339 1011 pontem
1358 946 1485 999 Sublicium

440 1036 596 1095 rescindunt,
615 1038 685 1086 solus
701 1038 823 1087 Etruscos
842 1039 962 1090 sustinuit
979 1048 1011 1097 et,
1030 1048 1107 1104 ponte
1125 1050 1208 1105 rupto,
1227 1050 1340 1091 armatus
1362 1042 1487 1091 indumen

441 1143 468 1178 se
487 1130 557 1180 misit
581 1139 605 1179 et
626 1132 659 1179 ad
686 1145 745 1180 suos
768 1132 917 1180 transnavit.
959 1132 1080 1181 Accessit
1104 1134 1211 1182 alterum
1237 1134 1336 1184 virtutis
1357 1134 1488 1199 exemplum

440 1237 456 1270 a
474 1222 574 1282 Mucio,
600 1224 642 1287 qui
662 1237 739 1285 quum
757 1225 790 1271 ad
808 1222 949 1273 feriendum
968 1224 1124 1273 Porsennam
1143 1234 1227 1274 castra
1244 1226 1355 1275 hostiurn
1375 1228 1489 1283 intrasset,

441 1316 527 1364 occiso
546 1316 638 1375 scriba,
659 1331 734 1380 quem
753 1331 841 1379 regem
857 1332 912 1366 esse
929 1318 1124 1377 existimaverat,
1143 1318 1339 1381 comprehensus
1357 1319 1490 1383 impositam

440 1424 543 1458 manum
562 1408 694 1468 sitatibus,
713 1413 740 1459 iu
759 1411 850 1473 quibus
869 1410 1038 1458 sacrificatum
1057 1420 1120 1473 erat,
1139 1410 1211 1459 exuri
1223 1425 1315 1473 passus
1333 1418 1373 1460 est
1389 1410 1492 1475 dixitque

429 1503 507 1563 ,tales
534 1508 662 1551 trecentos
690 1514 755 1551 esse.
809 1500 923 1561 Quorum
950 1502 1119 1551 admiratione
1148 1512 1250 1553 coactus
1267 1504 1403 1553 Porsenna
1430 1502 1493 1567 pacis

441 1595 605 1645 condiciones
624 1592 698 1653 t'erre,
721 1594 817 1643 bellum
839 1596 925 1645 omisit
949 1596 1059 1659 acceptis
1086 1594 1225 1645 obsidibus.
1258 1594 1301 1645 llx
1321 1596 1414 1659 quibus
1431 1596 1493 1657 virgo

440 1704 492 1737 una
516 1686 609 1737 Cloelia
639 1687 751 1750 deceptis
782 1688 929 1737 custodibus
953 1703 1000 1751 per
1024 1688 1137 1737 Tiberim
1163 1688 1195 1737 sd
1217 1703 1277 1738 suos
1301 1689 1446 1737 transnavit
1467 1696 1494 1745 et,

441 1796 519 1845 quum
543 1780 643 1829 reddita
667 1789 746 1840 esset,
777 1796 793 1829 a
816 1781 949 1831 Porsenna
973 1780 1112 1830 honorifice
1135 1781 1252 1843 remissa,
1283 1781 1395 1845 equestri
1421 1788 1496 1831 status

441 1875 537 1924 donata
556 1883 602 1922 est.
640 1873 770 1922 Adversus
791 1874 959 1937 Tarquinium
979 1872 1120 1937 Superbum
1142 1888 1198 1921 cum
1217 1874 1367 1923 Latinorum
1389 1874 1496 1922 exercitu

440 1964 536 2013 bellum
567 1963 719 2013 inferentem
747 1969 778 2014 A.
796 1965 944 2015 Postumius
970 1966 1079 2014 dictator
1108 1978 1229 2028 prospere
1256 1967 1386 2029 pugnavit.
1435 1966 1496 2029 App.

443 2057 567 2107 Claudius
585 2072 618 2105 ex
631 2057 732 2107 Sabinis
744 2059 852 2107 Romam
872 2058 1016 2121 transfugit.
1054 2057 1094 2107 Ob
1113 2058 1162 2107 boc
1179 2055 1286 2107 Claudia
1304 2058 1384 2106 tribus
1406 2058 1497 2105 adiecta

441 2160 466 2199 et
485 2165 604 2200 numerus
623 2151 736 2200 tribuum
754 2152 890 2216 ampliatus
910 2160 955 2209 est,
974 2158 1002 2199 ut
1021 2158 1106 2199 essent
1123 2148 1211 2211 viginti
1230 2164 1289 2198 una.
1326 2149 1409 2199 Plebs
1428 2164 1497 2213 quun

440 2249 544 2308 propter
561 2259 642 2294 nexos
661 2244 694 2293 ob
718 2258 753 2292 as
771 2244 883 2292 alianum
901 2245 927 2292 iu
947 2243 1052 2294 Sacrum
1071 2248 1183 2291 montem
1208 2244 1368 2303 secessisset,
1396 2242 1497 2294 consilio

441 2336 554 2387 Mencuii
583 2338 704 2401 Agrippa
732 2353 748 2385 a
776 2338 902 2387 seditione
935 2343 1055 2386 revocata
1084 2342 1129 2383 cst
1173 2334 1245 2384 Idem
1274 2336 1394 2401 Agrippa
1428 2351 1498 2399 quum

353 2438 364 2447 ·
440 2431 602 2489 decessisset,
629 2438 732 2494 propter
750 2436 925 2494 paupertatem
944 2430 1046 2495 publico
1064 2428 1193 2492 impendio
1211 2429 1293 2478 elatus
1312 2436 1356 2477 est.
1395 2427 1498 2477 Tribuni

440 2524 523 2587 plebis
548 2523 660 2585 quinque
685 2524 763 2572 creati
786 2531 852 2573 sunt.
898 2522 1026 2586 Oppidum
1044 2521 1199 2571 Volscorum
1220 2521 1315 2571 Corioli
1339 2529 1447 2585 captum
1471 2530 1499 2568 est

440 2616 532 2666 virtute
557 2624 582 2664 et
606 2630 683 2680 opera
702 2615 749 2665 Cu.
767 2617 873 2676 Marcii,
902 2615 944 2678 qui
969 2615 1002 2664 ob
1022 2614 1071 2664 boc
1092 2614 1243 2663 Coriolanus
1261 2623 1367 2663 vocatus
1389 2623 1440 2662 est.
1475 2612 1498 2660 T.

440 2709 572 2766 Latinius,
601 2708 639 2755 vir
664 2708 696 2756 de
720 2708 809 2771 plebe,
840 2724 917 2773 quum
942 2709 967 2756 in
990 2709 1045 2756 visu
1065 2707 1222 2766 admonitus,
1253 2714 1282 2755 nt
1299 2707 1330 2754 de
1350 2705 1498 2768 quibusdam

441 2800 608 2862 religionibus
626 2802 659 2849 ad
678 2808 793 2849 senatum
813 2801 949 2865 perferret,
977 2798 1145 2862 neglexisset,
1175 2800 1271 2848 amisso
1295 2797 1362 2859 filio,
1397 2799 1498 2861 pedibus

440 2893 531 2942 debilis
558 2892 656 2952 lactus,
684 2903 818 2956 postquam
845 2894 944 2944 delatus
969 2894 1000 2941 sd
1028 2901 1145 2942 senatum
1169 2892 1261 2941 lectica
1285 2891 1374 2939 eadem
1402 2891 1452 2939 illa
1469 2891 1498 2937 in·

441 2985 579 3043 dicaverat,
598 3000 645 3035 usu
663 2986 755 3050 pedum
774 2995 876 3052 recepto
895 2987 999 3035 domum
1018 3000 1130 3034 reversus
1149 2990 1194 3034 est
1233 2982 1316 3042 Quum
1330 2978 1379 3033 Cn.
1391 2981 1497 3031 Marcius
1515 3008 1516 3095 q

443 3076 603 3138 Coriolanus,
621 3080 666 3143 qui
679 3081 706 3127 in
717 3079 834 3129 exsilium
852 3087 908 3129 erat
924 3079 1019 3141 pulsus,
1038 3080 1091 3125 dux
1101 3076 1254 3126 Volscorum
1267 3074 1350 3124 factus
1362 3076 1497 3124 exercitun
1514 3122 1515 3127 ,

440 3170 552 3219 hostium
576 3172 633 3220 urbi
662 3174 830 3231 admovisset,
864 3180 889 3222 et
916 3171 985 3221 missi
1010 3170 1043 3218 ad
1070 3183 1127 3217 eum
1152 3169 1261 3232 primum
1285 3167 1376 3229 legati,
1415 3176 1497 3232 poster

441 3264 586 3312 sacerdotes
604 3262 699 3313 frustra
716 3263 844 3329 deprecati
862 3271 960 3322 essent,
987 3276 1018 3311 ne
1037 3262 1132 3311 bellum
1151 3262 1239 3325 patria
1258 3260 1374 3318 inferret,
1394 3260 1497 3309 Veturia

441 3362 525 3403 mater
537 3363 562 3403 et
574 3355 715 3406 Volumnia
726 3372 791 3405 uxor
803 3357 999 3420 impetraverunt
1013 3355 1045 3403 ab
1058 3368 1098 3417 eo,
1117 3362 1144 3402 ut
1156 3354 1293 3402 recederet.
1328 3351 1385 3400 Lex
1403 3353 1499 3415 agraria

441 3446 550 3509 primum
577 3447 630 3495 lata
662 3457 707 3497 est.
758 3449 802 3512 Sp.
827 3448 932 3499 Cassius
961 3447 1102 3496 consularis
1130 3448 1200 3508 regni
1230 3444 1334 3495 crimine
1366 3446 1497 3494 damnatus

441 3546 481 3586 est
499 3547 666 3602 necatusque.
703 3537 782 3607 Ilia¹)
809 3542 881 3604 virgo
899 3540 1011 3590 Vestalis
1030 3539 1063 3588 ob
1082 3539 1206 3588 incestum
1237 3539 1295 3586 viva
1320 3536 1428 3587 defossa
1460 3546 1496 3585 est

355 3642 359 3649 ·
444 3628 528 3688 Quum
546 3632 623 3680 vicini
642 3634 763 3682 Veientes
782 3633 937 3683 incommodi
956 3633 1037 3695 magis
1062 3646 1138 3696 quam
1163 3645 1253 3693 graves
1277 3638 1375 3690 essent,
1404 3629 1496 3678 semilis

441 3722 580 3772 Fabiorum
599 3724 625 3773 id
644 3726 738 3775 bellum
759 3727 898 3790 gerandum
918 3725 1065 3789 depoposcit
1083 3724 1200 3785 misitque
1222 3723 1248 3770 iu
1266 3722 1291 3769 id
1309 3728 1441 3791 trecentos
1461 3732 1496 3769 ser

442 3824 566 3875 armatos,
604 3819 647 3881 qui
681 3821 714 3868 ad
743 3820 888 3870 Cremeram
917 3828 1009 3883 praeter
1039 3830 1119 3865 unum
1146 3816 1178 3864 ab
1206 3815 1322 3865 bostibns
1349 3815 1408 3863 coesi
1437 3824 1495 3863 sunt

390 3902 393 3907 ’
441 3910 510 3973 App.
535 3906 658 3960 Claudius
685 3928 755 3971 cos,
790 3928 868 3975 quum
896 3913 1015 3961 adversus
1038 3909 1148 3958 Volscos
1179 3905 1341 3957 coutumacia
1372 3906 1494 3955 exercitus

442 4002 508 4050 male
527 4010 666 4064 pugnatum
686 4011 761 4063 esset,
780 4005 906 4053 decimum
926 4016 1052 4067 quemque
1070 4000 1177 4049 militum
1197 3997 1264 4048 fuste
1279 3998 1415 4061 percussit.
1453 3998 1494 4047 Ru

498 4284 518 4333 ¹)
532 4292 592 4339 Oppia
605 4291 646 4329 lto.
661 4305 678 4330 s.
693 4293 726 4329 12.
