3475 5084
736 567 804 611 xm

239 751 378 818 sidenem,
409 751 600 823 auqusnssimo
630 759 657 806 et
685 749 855 806 celeberrimo
882 753 910 804 in
934 751 1046 824 templo,
1074 751 1151 805 tertio
1172 747 1299 823 Delphis.

241 834 286 892 Sic
316 833 392 890 enim
417 845 459 889 est
486 833 515 888 in
545 833 651 889 codiee.
707 833 792 905 Quod
823 833 959 906 Sigonius
987 833 1101 908 scripsit
1130 832 1170 887 od
1190 831 1300 898 Delum,

239 918 365 974 debebat
385 914 454 972 Deli
474 915 546 982 diei;
577 934 671 989 neque
692 915 722 973 id
744 915 977 990 angustissimum
1001 934 1063 972 esse
1084 915 1221 990 templum
1246 914 1300 970 ad-

238 1001 360 1056 didisset
376 999 477 1055 Livios
493 999 585 1072 magis
600 1017 687 1073 quam
704 999 733 1055 io
748 999 884 1073 Delphis3
906 1017 1000 1072 neque
1013 999 1128 1055 omnino
1150 996 1301 1073 probabile

238 1095 291 1149 est,
325 1094 430 1157 praeter
463 1081 593 1156 Delphos
625 1083 735 1138 vicinos
767 1095 851 1137 extra
879 1082 1021 1139 Boeotiam
1055 1081 1179 1156 positum
1211 1080 1301 1138 fuisse

238 1166 343 1223 foedus.
377 1165 436 1223 Sed
455 1183 550 1239 neque
569 1164 714 1221 lanuuium
735 1167 853 1222 subesse
876 1175 980 1239 potest,
1003 1164 1081 1238 quod
1103 1165 1213 1220 Thebis
1230 1171 1302 1230 erat,

239 1249 391 1322 multoque
415 1247 508 1303 minus
527 1247 666 1304 incertum
691 1249 788 1304 neseio
816 1249 896 1322 quod
917 1247 1073 1305 Posideum
1096 1247 1157 1303 sive
1179 1247 1301 1304 Posido·

238 1332 328 1388 nium.
383 1331 580 1404 Relinquitur,
614 1332 692 1404 quod
722 1338 827 1388 nomen
860 1351 877 1388 e
907 1331 1009 1388 litteris
1043 1331 1140 1386 denum
1167 1329 1302 1387 facillime

240 1415 368 1482 eruitur,
393 1414 520 1482 Delium,
546 1414 754 1471 nobilissimum
784 1433 841 1470 nou
865 1414 952 1490 louge
973 1433 991 1470 a
1012 1415 1116 1470 tinibus
1138 1413 1243 1471 Attirae
1265 1411 1303 1468 ad

243 1498 383 1572 Euripum
407 1497 552 1571 Apollinis
575 1498 710 1572 templum
734 1510 761 1554 et
782 1497 929 1572 oppidum.
970 1497 1123 1572 Templum
1147 1497 1253 1554 Strabo
1275 1504 1304 1552 et

241 1580 407 1638 Pausanias
429 1598 482 1635 sua
504 1599 619 1654 quoque
640 1591 724 1637 atate
746 1582 859 1637 stetisse
881 1582 1042 1637 ostendunt.

324 1662 400 1737 Cap.
428 1667 473 1728 14,
500 1668 535 1718 tu
572 1681 588 1719 e
613 1663 720 1720 oodiris
749 1664 907 1738 scriptura:
940 1665 1065 1737 donaque
1092 1663 1219 1736 cuiquam
1244 1681 1302 1718 urn-

237 1747 366 1821 piissima
389 1747 458 1802 dato
482 1747 549 1820 quin
569 1746 640 1804 nihil
655 1747 733 1805 aliud
754 1761 832 1804 recte
850 1747 1000 1816 efficiatur,
1016 1765 1101 1820 qnam
1118 1745 1194 1820 quod
1210 1745 1303 1819 posui,

239 1829 396 1904 geminatis
418 1829 520 1885 litteris
542 1849 594 1903 que
615 1830 714 1904 (quoe):
745 1822 806 1904 pule
827 1833 953 1906 cuiquurn
975 1831 1143 1904 amplissimo
1164 1829 1302 1902 (uuquam

240 1915 311 1969 data
333 1910 424 1987 sunt),
447 1913 524 1979 doto,
546 1932 602 1968 non
624 1926 694 1988 puto
716 1933 889 1988 quemquam
916 1914 1120 1971 dubitaturum.
1131 1909 1154 1984 ¹)

326 1993 402 2069 Cap.
431 1999 482 2058 19.
506 2000 523 2052 6
551 2015 587 2068 err
610 2015 662 2064 eo,
690 1998 767 2070 quod
790 1996 940 2053 innodius
962 2008 1020 2053 est:
1052 1997 1099 2052 nbi
1119 2027 1157 2037 -
1181 1995 1306 2051 habitare

243 2097 287 2135 reo
305 2087 435 2153 possent,
467 2076 549 2136 effeci
574 2080 698 2135 habiture
718 2089 789 2136 reete
806 2089 927 2155 possent.
972 2079 1156 2154 significatur
1177 2079 1254 2133 bona
1276 2087 1305 2134 et

242 2162 400 2218 commoda
422 2174 509 2234 atque
531 2162 704 2218 conveniens
725 2163 867 2219 habitatio
891 2163 934 2236 (ut
957 2181 1044 2236 quum
1067 2161 1125 2217 ludi
1148 2170 1219 2217 reete
1231 2161 1308 2234 sueti

243 2245 389 2310 dicuntur,
409 2254 482 2300 recte
501 2247 617 2301 arridere
637 2257 664 2301 et
686 2246 816 2320 similia),
846 2265 904 2320 qno
927 2246 1049 2320 pertinet
1068 2245 1161 2320 ipsum
1184 2246 1304 2300 verbum

238 2338 348 2403 posset3
370 2327 498 2401 alioquin
524 2329 621 2385 Livius
644 2329 764 2386 dixisset
785 2331 948 2386 habitarent.
985 2329 1098 2385 Deinde
1120 2329 1148 2384 in
1171 2327 1306 2403 proxima

243 2409 386 2468 sententia
414 2424 491 2467 reete
513 2411 780 2481 Weissenbornius,
806 2413 884 2486 quod
909 2431 969 2468 rem
999 2411 1138 2480 continet,
1165 2409 1306 2468 intellexit

244 2494 277 2550 in
300 2494 442 2568 corruptis
463 2495 570 2551 codicis
597 2495 726 2569 vestigiis
759 2496 892 2567 (tirrenum
915 2497 1012 2568 tepetis
1038 2513 1066 2550 se
1089 2495 1306 2568 disoepnatisque

244 2586 274 2633 et
293 2578 372 2650 satis)
394 2577 484 2633 latere
505 2576 622 2633 nomina
643 2579 730 2634 trium
752 2579 935 2653 populorum,
958 2597 1079 2651 quorum
1102 2577 1189 2650 legati
1211 2576 1305 2632 venis·

244 2672 323 2728 sent3
345 2679 382 2716 ex
407 2660 477 2734 ipsis
498 2661 661 2717 nominibus
682 2663 806 2735 primum
829 2662 942 2718 videtur
962 2673 1038 2718 reete
1052 2660 1209 2717 restituisse
1224 2659 1307 2732 (rhe-

246 2743 290 2799 dis
310 2743 373 2798 sive
396 2743 515 2816 Medis),
547 2744 576 2799 in
605 2745 728 2811 duobus,
755 2746 821 2801 dum
853 2747 891 2802 ab
919 2746 983 2819 ipso
1006 2745 1089 2801 Livio
1111 2742 1308 2818 (XXXVIII,

250 2830 297 2894 to,
310 2828 339 2897 7)
351 2827 448 2893 sumit,
467 2845 486 2881 a
501 2827 599 2883 codiee
616 2828 700 2884 nimis
712 2829 885 2885 discessisse.
919 2827 990 2884 Mihi
1002 2827 1031 2883 iu
1043 2829 1215 2901 cepnatisque
1226 2823 1307 2882 Odo-

248 2921 352 2965 mantae
383 2909 538 2982 significari
563 2909 617 2966 visi
644 2921 726 2979 suut,
758 2912 787 2967 in
812 2914 881 2967 sotis
903 2911 1008 2985 Sapaei,
1031 2927 1103 2984 quos
1125 2921 1191 2984 post
1212 2909 1306 2965 Hero·

247 2993 346 3048 dotum
371 2991 488 3060 Strabo,
512 2993 631 3060 Plinius,
646 2995 809 3051 Pausanias
824 2995 983 3050 nominant.
1016 2993 1209 3050 Odomantioa
1231 3002 1309 3047 terra

247 3087 274 3131 et
296 3075 376 3150 apud
399 3075 552 3149 Polybium
575 3087 604 3132 et
625 3078 703 3151 apud
727 3078 838 3134 Livium
864 3072 1069 3150 nominaturfl)

331 3156 406 3232 Cap.
429 3160 483 3226 29,
507 3161 524 3214 3
553 3178 639 3233 quum
668 3161 697 3216 in
726 3161 824 3216 codice
852 3171 941 3217 esset:
968 3163 1084 3235 prusias
1103 3191 1144 3202 -
1173 3164 1309 3214 statuerat

246 3243 385 3298 abstinere
412 3244 499 3297 armis
528 3245 647 3316 equiturn
675 3236 797 3300 inertum
823 3253 992 3317 exspectare,
1021 3243 1164 3318 Grynaeus
1191 3242 1309 3314 equiturn

247 3325 334 3399 plane
359 3324 482 3393 sustulit,
504 3325 615 3381 addidit
636 3345 688 3399 qne
710 3338 775 3401 post
797 3336 927 3382 euentum.
960 3327 1044 3398 Quod
1061 3326 1153 3382 codex
1169 3330 1310 3379 monstrat

247 3417 274 3463 et
294 3410 416 3481 quietus,
446 3407 521 3464 idem
546 3409 664 3464 adrem
689 3410 868 3483 aptissimum
892 3420 944 3466 est.
995 3410 1125 3466 Accedat
1146 3408 1233 3482 igitur
1254 3408 1310 3462 hoe

248 3491 414 3564 exernplnm
438 3503 637 3565 corruptarum
661 3493 698 3549 ab
720 3494 776 3549 hoo
797 3493 915 3549 librario
938 3510 1041 3548 vocum
1064 3495 1170 3567 quiesco
1192 3501 1220 3546 et
1235 3491 1309 3564 quie·

249 3583 293 3630 tus
314 3575 367 3641 iis,
398 3591 462 3646 qnae
484 3574 625 3631 Eruendd.
652 3576 733 3632 Livv.
757 3595 785 3650 p.
810 3578 867 3632 tur
891 3587 918 3632 et
939 3594 967 3650 p.
993 3581 1050 3633 617
1074 3575 1186 3650 collegi,
1209 3574 1309 3629 adiun-

251 3670 395 3730 gaturque
415 3657 460 3712 his
475 3657 589 3725 XLIV,
606 3661 634 3726 3,
650 3661 677 3727 3,
696 3660 745 3716 ubi
768 3679 804 3715 ex
824 3662 965 3734 posuerint
986 3660 1185 3733 quieverintque
1206 3658 1311 3730 (neque

251 3740 325 3796 enim
349 3751 393 3795 est
415 3758 466 3796 our
489 3759 519 3796 re
540 3743 755 3816 praeponamos)
786 3757 880 3800 ortum
911 3752 974 3798 erat
991 3744 1134 3818 posuerint
1145 3743 1309 3816 fuerimque.

272 3989 297 4052 ¹)
319 3988 384 4053 Cap.
407 3994 453 4048 14,
474 3993 488 4036 6
513 3989 625 4038 dubitari
643 3989 714 4037 nullo
733 3990 809 4036 modo
826 3997 925 4052 potest,
945 3989 1007 4052 quin
1024 4003 1117 4056 nomen
1135 3989 1256 4054 principis
1274 3988 1310 4036 le-

321 4061 432 4120 gationis
453 4060 565 4121 positnm
590 4058 673 4116 fuerit,
698 4060 729 4106 de
752 4073 802 4121 quo
826 4068 916 4122 postea
942 4059 1035 4120 agitur.
1071 4059 1138 4108 Eum
1167 4076 1213 4108 non
1230 4058 1311 4122 fnisse

315 4128 391 4194 solra
408 4127 579 4185 simulaturum,
606 4139 659 4176 tam
677 4143 797 4191 perversa
816 4140 855 4176 est
873 4129 955 4176 oratio
974 4137 999 4176 et
1016 4137 1069 4178 toto
1087 4145 1178 4192 genere
1198 4137 1223 4177 et
1240 4128 1311 4175 verbi

322 4200 414 4255 forma,
434 4208 462 4245 ut
480 4199 555 4246 mirer
572 4199 673 4262 placere
693 4199 793 4246 Hert-zio
811 4198 931 4260 potuisse.

268 4262 296 4331 ³)
320 4269 384 4332 sap.
406 4273 448 4327 rt,
468 4273 482 4314 2
502 4282 551 4316 uon
570 4269 696 4330 intelligo,
715 4282 760 4316 our
777 4268 846 4315 aliud
866 4274 993 4329 queratur
1007 4282 1081 4330 qnam
1098 4269 1164 4330 quod
1179 4269 1204 4314 iu
1224 4252 1312 4313 codiee

323 4347 363 4388 est
379 4354 422 4386 see
439 4336 514 4397 milio,
535 4347 633 4386 tantum
653 4347 747 4402 puncto
765 4352 841 4400 prave
859 4339 955 4386 addito.
