3475 5084
519 505 574 563 rot
772 502 850 551 aaa
867 501 963 552 xu1v.
1000 502 1048 567 (a,
1068 518 1092 553 u.
1113 519 1135 553 c.
1156 504 1229 567 sss.)

412 689 450 745 23
472 686 564 745 serius
585 686 693 763 recepit
713 705 790 745 suos.
831 686 933 745 Tertio
958 687 1004 744 die
1025 687 1126 763 proelio
1149 688 1295 761 abstinuit,
1317 690 1455 766 degressus
1472 692 1497 747 ad

472 793 558 851 imam
591 804 703 869 partem
734 802 912 863 castrorum,
935 793 1023 851 veluti
1051 814 1102 869 per
1124 796 1265 853 devexum
1290 796 1319 853 in
1344 814 1420 853 mare
1437 796 1498 853 brac·

357 897 360 901 ⁴
413 901 451 957 tt
474 900 568 957 chium
590 898 740 957 transitum
762 907 965 975 temptaturus.
1013 900 1152 971 Perseus,
1179 902 1258 975 quod
1287 901 1315 959 in
1346 901 1431 959 oculis
1449 910 1501 969 erat,

392 1210 432 1281 36
561 1216 676 1292 Tempus
701 1216 768 1273 anni
788 1227 857 1293 post
877 1216 1080 1275 circumactum
1102 1217 1255 1275 solstitium
1277 1227 1357 1286 erat;
1378 1219 1447 1275 hora
1466 1217 1504 1273 dia'

473 1323 531 1381 iam
553 1324 591 1381 ad
612 1323 758 1381 meridiem
783 1324 937 1398 vergebst3
963 1323 1018 1392 iter
1039 1323 1128 1381 multo
1150 1324 1269 1400 pulvere
1291 1335 1320 1381 et
1341 1324 1505 1381 incalescente

435 1429 451 1486 2
474 1430 535 1487 sole
555 1429 664 1487 factum
685 1437 757 1486 arat.
801 1428 958 1486 Lassitudo
986 1439 1014 1487 et
1034 1429 1096 1487 sitis
1117 1429 1176 1487 iam
1198 1430 1390 1500 sentiebatur,
1419 1441 1445 1486 et
1463 1449 1507 1485 me·

473 1534 545 1593 ridie
565 1544 665 1593 aestum
687 1534 780 1608 magis
809 1534 998 1593 adsensurum
1026 1544 1180 1610 utrumque
1207 1534 1378 1609 adparebat.
1425 1534 1506 1595 Statuit

434 1642 516 1701 3sic
542 1640 673 1699 adiectos
702 1640 808 1696 recenti
837 1641 932 1715 adque
952 1641 1064 1717 integro
1097 1641 1173 1698 hosti
1206 1659 1263 1696 non
1293 1641 1418 1701 obicere.
1468 1638 1508 1697 Sed

475 1751 571 1805 tentas
593 1747 680 1803 ardor
701 1746 731 1803 in
752 1746 855 1803 animis
878 1746 913 1803 ad
929 1746 1122 1803 dimicandum
1137 1755 1293 1821 utcumque
1314 1758 1387 1816 erat,
1409 1758 1440 1803 ut
1459 1764 1508 1803 con·

476 1853 529 1909 suli
551 1870 608 1909 non
631 1852 740 1909 minore
762 1863 826 1909 arte
847 1852 887 1909 ad
910 1870 978 1908 suos
1001 1850 1158 1908 eludendos
1180 1869 1267 1924 quam
1284 1851 1322 1907 ad
1337 1852 1438 1909 hostes
1457 1870 1510 1925 opus

436 1958 454 2013 t
476 1970 561 2019 esset.
607 1958 745 2016 Nondum
767 1958 900 2016 omnibus
921 1957 1082 2025 instructis,
1108 1956 1378 2013 instabattribunis
1400 1942 1526 2021 militum,i

476 2076 509 2123 nt
529 2073 707 2121 maturarent
726 2063 880 2133 instruam
910 2062 1078 2121 circumibat
1097 2062 1160 2137 ipse
1181 2062 1311 2133 ordines3
1343 2063 1457 2120 animos
1476 2062 1510 2118 mi·

437 2172 556 2229 blitum
589 2168 732 2226 hortando
762 2169 792 2226 in
824 2187 950 2245 pugnam
979 2168 1163 2227 accendebat.
1219 2168 1266 2225 lbi
1296 2168 1392 2245 primo
1421 2152 1526 2226 ulans

476 2278 589 2354 signum
609 2276 782 2351 poscebant;
805 2274 923 2344 deiude,
945 2282 1082 2348 qnantum
1105 2272 1275 2330 incresceret
1296 2283 1398 2344 astus,
1421 2284 1451 2332 ct
1469 2272 1506 2330 val

475 2394 522 2441 tus
543 2383 636 2444 minus
660 2381 790 2456 rigentes
819 2389 848 2436 et
871 2397 958 2437 voces
980 2378 1126 2455 segniores
1149 2386 1247 2449 erant,
1283 2388 1311 2435 ct
1341 2380 1461 2455 quidam
1486 2380 1511 2435 iu·

437 2487 454 2543 6
477 2489 641 2549 cumbentes
661 2486 749 2544 scutis
769 2485 887 2565 nixique
908 2486 973 2561 pilis
994 2486 1119 2545 stabant.
1165 2486 1240 2543 Tum
1263 2485 1320 2543 iam
1355 2496 1457 2562 aperte
1474 2484 1512 2563 pri·

476 2596 530 2653 mis
559 2593 704 2651 ordinibus
733 2591 862 2666 inperat,
892 2600 1067 2649 maturantur
1094 2590 1218 2649 frontem
1247 2601 1408 2649 castrorum
1439 2600 1468 2649 et
1487 2592 1514 2647 ir·

438 2701 453 2753 t
477 2699 640 2776 pedimenta
663 2697 876 2755 constituerent.
923 2695 1010 2767 Quod
1039 2697 1088 2754 ubi
1115 2696 1176 2755 fieri
1203 2696 1307 2755 milites
1329 2706 1464 2767 sensere,
1482 2697 1515 2752 att

476 2825 529 2863 non
548 2805 657 2861 moleste
669 2805 765 2876 serre,
787 2801 836 2859 alii
858 2800 985 2877 gaudere
1006 2798 1120 2875 palam,
1142 2802 1219 2877 quod
1240 2802 1334 2861 fessos
1357 2802 1411 2861 vie'a
1432 2804 1516 2860 laben

438 2908 698 2985 dllegrantissimo
725 2915 796 2963 aestu
817 2926 875 2964 non
906 2906 1047 2980 coegisset
1068 2925 1206 2983 pugnare.
1253 2907 1357 2983 Legati
1380 2909 1459 2967 circa
1478 2908 1516 2965 im·

478 3023 640 3091 perstarem
661 3013 806 3089 ducesque
826 3012 937 3070 externi
958 3022 1055 3083 erant,
1077 3013 1152 3071 inter
1173 3033 1246 3089 quos
1268 3024 1297 3072 et
1318 3014 1449 3083 Attalus,
1471 3032 1516 3071 om

477 3270 520 3331 23,
541 3277 552 3321 1
573 3271 700 3334 digressus
721 3273 796 3323 Gron.
829 3272 950 3323 tueleta
985 3272 1418 3339 24‚11nerstfim·ursot.136.
1456 3274 1515 3323 Inter

479 3357 586 3407 ciderunt
602 3359 761 3422 quaternionis
779 3358 841 3409 XX
845 3356 887 3407 VI
892 3358 961 3423 solia
979 3368 1090 3424 quatuor
1108 3359 1201 3420 media,
1228 3361 1253 3410 in
1271 3361 1354 3425 quibus
1372 3378 1427 3426 puoe
1443 3361 1517 3424 serim

471 3445 573 3509 fuerint,
592 3461 604 3493 e
623 3444 750 3496 Plutarchi
765 3444 852 3495 AEtnt'l.
873 3444 946 3496 Paul.
966 3464 986 3497 c.
999 3447 1042 3507 15,
1060 3446 1104 3507 16,
1124 3446 1159 3496 17
1177 3448 1227 3497 init.
1241 3446 1341 3512 intelliqi
1354 3458 1439 3513 potest,
1478 3447 1516 3498 Er·

480 3541 553 3580 trema
581 3541 649 3581 erant
666 3530 695 3580 de
714 3532 746 3581 L.
764 3531 880 3592 AEuilia
897 3542 1038 3599 postquam,
1057 3534 1088 3583 P.
1110 3534 1211 3585 Nasica
1228 3535 1303 3598 copies
1320 3536 1436 3585 enmcitui
1453 3550 1518 3583 nurse

480 3616 606 3677 adiuncta,
626 3618 723 3680 Persea,
742 3619 904 3686 quideuam
924 3636 1004 3669 versus
1021 3628 1082 3669 retro
1099 3630 1207 3680 cesserat,
1225 3630 1345 3671 assecutum
1363 3630 1405 3682 est,
1424 3620 1461 3671 ad
1479 3636 1520 3697 con¹

480 3713 582 3768 spectum
599 3705 886 3757 aestumandum
904 3707 1011 3756 instructi
1026 3716 1049 3757 et
1068 3706 1103 3757 ad
1111 3698 1265 3773 pupnandum
1276 3708 1363 3781 parati
1371 3710 1520 3773 obstupescet*

481 3806 523 3839 nec
539 3791 618 3840 statim
626 3807 734 3856 puynare
749 3793 869 3843 statuenti.
881 3792 936 3843 Fal.
944 3792 979 3843 13
984 3792 1128 3859 liucipitab
1137 3796 1204 3845 anni.
1239 3794 1517 3854 xxxw,1,rs01ua

482 3875 612 3942 tiumldie
648 3880 786 3929 tmeridie
818 3881 844 3939 2,
865 3885 877 3929 l
898 3881 1001 3929 meridie
1020 3889 1106 3931 astate
1123 3882 1205 3945 magis
1223 3882 1389 3931 adcesserunt
1406 3892 1460 3931 tam
1474 3892 1519 3930 ma

483 3965 620 4028 adparebat
637 3963 692 4030 My.
712 3966 893 4028 (adcensumm
911 3968 981 4017 anam
999 3966 1081 4018 Hertz.
1106 3966 1180 4034 Gryu.
1199 3969 1304 4017 meridie
1321 3970 1435 4019 instante

483 4066 642 4101 accessurum
660 4060 796 4117 utrumqne
817 4070 875 4119 app.
918 4052 984 4112 Quid
1001 4055 1025 4103 s'u
1042 4070 1103 4103 mox
1120 4053 1202 4119 lateat,
1220 4055 1304 4105 uado.
1343 4053 1476 4120 Scripsitne
1509 4048 1515 4061 '

483 4138 535 4189 vius
552 4146 684 4202 utramque
702 4140 823 4203 sommi)
859 4140 884 4197 3,
904 4140 1004 4206 tdryu.
1025 4142 1150 4203 utrimque
1168 4150 1223 4190 erat
1240 4140 1307 4205 (Em.
1318 4142 1383 4207 stt)
1420 4142 1489 4191 :tho

484 4224 675 4284 miserescere
685 4225 769 4287 (Frob.
776 4224 813 4274 11.
824 4226 985 4289 incresceret)
995 4237 1069 4278 astas
1079 4236 1105 4277 et
1130 4234 1146 4276 3
1157 4229 1267 4277 seniores
1289 4228 1339 4286 6,3
1349 4230 1476 4278 constime

486 4309 510 4369 7,
522 4316 532 4359 l
546 4326 645 4361 sensere
660 4311 705 4361 alii
723 4312 833 4375 gaudere
852 4311 909 4377 My.
928 4312 983 4365 Em.
994 4313 1046 4364 tet
1082 4320 1096 4363 t
1115 4314 1202 4365 labore
1221 4314 1316 4377 flagore
1333 4314 1490 4379 flagrantiss'
