3475 5084
555 541 633 593 mser
649 543 734 594 XLII.
772 545 819 607 (s.
839 543 901 594 oar.
924 546 997 608 ιη.)
1229 551 1263 608 ot

233 725 292 801 ipsi
317 725 418 801 potius
440 725 703 784 animadverterent
725 727 755 785 in
777 747 818 788 se.
876 730 984 786 Tutam
1012 729 1178 788 servitutem
1201 751 1233 790 se
1256 735 1310 792 sub
1332 736 1350 792 9

235 831 366 887 dominis
389 832 530 888 Romanis
552 851 638 906 quam
662 833 824 889 libertatern
846 834 1009 909 expositam
1032 836 1068 891 ad
1085 837 1203 894 iniurias
1218 839 1309 896 Masi-

234 937 324 993 nissae
353 937 450 996 malle.
498 933 601 995 Perire
626 938 751 1012 denique
781 940 871 995 semel
905 939 975 1013 ipsis
1011 940 1102 997 satius
1129 961 1193 999 esse
1220 963 1307 1018 quam
1334 943 1370 998 to

233 1044 288 1099 sub
314 1042 497 1098 acerbissimi
518 1043 660 1099 carnificis
683 1044 804 1100 arbitrio
831 1017 963 1118 spiritum
987 1046 1100 1102 ducere.
1157 1047 1218 1105 Sub
1247 1051 1308 1108 haee

233 1147 316 1204 dieta
338 1148 526 1204 lacrimantes
543 1151 768 1223 procubuerunt,
789 1150 932 1224 stratique
952 1151 1042 1222 humi,
1064 1171 1122 1208 non
1144 1153 1199 1209 sibi
1214 1155 1306 1228 magis

232 1253 467 1310 misericordiam
491 1272 578 1327 quam
600 1255 662 1328 regi
684 1255 701 1290 ⁴·
723 1256 741 1290 *

322 1358 504 1432 interrogari
516 1358 675 1417 Gulussam
688 1359 806 1434 placuit,
828 1359 896 1433 quid
919 1361 1022 1417 adeas
1045 1379 1090 1417 res
1110 1364 1306 1437 responderet,
1349 1354 1392 1428 24

232 1475 303 1535 aut,
334 1465 360 1520 si
382 1464 463 1539 prius
486 1465 600 1535 mallet,
631 1483 818 1540 expromere,
850 1484 938 1540 super
965 1484 1023 1539 qua
1044 1485 1076 1523 re
1097 1467 1160 1542 ipse
1181 1470 1328 1526 Romam

230 1571 373 1629 venisset.
417 1568 547 1627 Gulussa
575 1588 669 1643 neque
698 1569 753 1625 sibi
783 1569 870 1628 facile
892 1589 955 1628 esse
988 1572 1075 1642 dixit,
1108 1573 1144 1630 de
1165 1574 1200 1630 iis
1221 1571 1347 1632 rebus2

230 1696 343 1752 agere,
376 1676 412 1731 de
435 1675 539 1748 quibus
561 1675 631 1732 nihil
653 1676 782 1731 mandati
807 1695 824 1731 a
847 1687 930 1750 patre
951 1677 1080 1747 haberet,
1113 1697 1207 1752 neque
1231 1681 1308 1755 patri

229 1782 323 1840 facile
345 1780 436 1837 scrisse
465 1781 619 1850 mandare,
652 1799 716 1838 oum
739 1779 994 1855 Carthaginienses
1016 1800 1085 1850 neo,
1118 1784 1154 1840 de
1186 1803 1244 1858 qua
1276 1805 1308 1842 re

230 1887 330 1945 acturi
354 1895 459 1955 essent,
481 1904 534 1942 neo
555 1887 683 1955 omnino,
706 1886 798 1942 ituros
819 1905 852 1943 se
874 1889 1007 1957 Romam,
1029 1887 1227 1948 indicaverint.
1271 1891 1307 1947 In
1330 1886 1347 1941 3

230 1995 298 2051 tede
321 1991 477 2065 AEsculapi
498 1990 707 2048 clandestinum
736 2009 787 2048 eos
814 2011 867 2066 per
888 1993 999 2066 aliquot
1027 1997 1126 2049 noctes
1156 1995 1306 2052 consilium

228 2099 400 2175 principum
422 2096 574 2165 habuisse,
604 2097 681 2152 unde
702 2097 719 2132 ⁴·
741 2098 759 2132 *
793 2109 934 2171 praterea
964 2098 1077 2172 legatos
1099 2100 1219 2156 occultis
1241 2119 1305 2157 oum

229 2203 385 2262 mandatis
404 2204 529 2259 Romam
551 2200 635 2261 mitti.
671 2202 746 2258 Eam
770 2221 888 2258 oausam
912 2201 1001 2258 luisse
1024 2204 1098 2278 patri
1121 2205 1251 2262 mittendi
1274 2225 1305 2262 se
1329 2202 1347 2257 t

228 2312 383 2378 Romam,
410 2307 459 2380 qui
482 2307 687 2381 deprecaretur
709 2318 858 2376 senatum,
880 2326 916 2363 ne
938 2308 1007 2380 quid
1030 2310 1229 2366 communibus
1252 2310 1308 2366 ini·

230 2415 319 2472 micis
342 2412 561 2470 criminantibus
583 2430 615 2468 se
636 2413 784 2479 eraderent,
807 2431 892 2486 quem
917 2414 954 2467 ob
967 2413 1074 2468 nullam
1088 2414 1174 2470 aliam
1188 2433 1305 2472 causam

227 2521 288 2578 nisi
310 2531 434 2595 propter
454 2528 633 2574 constantem
656 2519 740 2575 iidem
774 2536 844 2593 erga
873 2519 1011 2592 populum
1035 2520 1197 2575 Romanum
1227 2521 1305 2576 udis·

227 2638 306 2685 sent
366 2624 422 2681 His
444 2623 589 2698 utrimque
610 2623 716 2680 auditis
738 2636 869 2692 senatus,
908 2624 944 2679 de
972 2624 1125 2698 postulatis
1148 2622 1346 2700 Carthagi-5

227 2731 377 2790 niensium
400 2730 563 2799 consultus,
595 2729 765 2803 responderi
793 2730 836 2785 ita
863 2729 960 2786 iussit:
993 2728 1156 2787 Gulussam
1189 2731 1304 2805 placere
1328 2725 1345 2781 6

228 2836 383 2911 extemplo
403 2835 434 2891 in
456 2833 628 2890 Numidiam
656 2835 798 2909 proticisci
821 2845 850 2892 et
871 2834 1005 2892 nuntiare
1026 2837 1118 2910 patri,
1147 2846 1179 2893 ut
1201 2837 1237 2892 de
1259 2838 1303 2909 iis,

228 2945 267 3001 de
297 2943 405 3017 quibus
432 2939 687 3014 Carthaginienses
709 2951 882 3012 querantur,
914 2941 1026 3014 legatos
1059 2959 1145 3016 quam
1178 2943 1302 3017 primum

228 3050 269 3106 ad
294 3059 428 3105 senatum
451 3045 547 3101 mittat
572 3045 777 3118 denuntietque
798 3045 1102 3120 Carthaginiensibus,
1130 3057 1161 3103 ut
1183 3049 1220 3104 ad
1244 3049 1301 3104 dis·

228 3153 409 3229 ceptandum
444 3151 572 3207 veniant.
634 3150 666 3209 Si
700 3151 810 3225 aliquid
838 3163 958 3225 possent
986 3152 1150 3208 Masinissa
1181 3153 1301 3209 honoris
1325 3149 1342 3202 7

228 3329 255 3388 9,
279 3333 290 3375 l
313 3335 397 3374 tutam
414 3326 572 3373 iuuentutem
591 3299 617 3372 ei
635 3325 682 3372 sub
719 3323 761 3382 10,
783 3329 794 3372 l
814 3325 897 3387 perire
916 3338 998 3386 neque
1023 3304 1218 3388 Vahleo(Gryn.
1239 3323 1302 3374 Per-

228 3415 267 3463 ire
293 3414 419 3476 namqne)
442 3413 446 3473 Ι
467 3413 520 3474 ipse
545 3411 625 3459 satius
644 3411 699 3474 ipse
718 3426 773 3460 esse
811 3411 1011 3459 2auerbissim0
1048 3412 1240 3460 alacrimantis
1285 3417 1302 3460 4

229 3499 487 3561 misericordiamque
513 3498 563 3546 reis
581 3497 732 3559 interrogari
758 3495 900 3558 (Exciduse
915 3499 973 3561 sere
995 3498 1113 3545 invidiam
1141 3498 1303 3547 concitarunt

230 3585 362 3636 adnotavit
372 3583 472 3649 Siqua.)
507 3584 608 3642 XXIV,
628 3583 652 3640 1,
674 3590 685 3632 l
707 3585 738 3631 ad
758 3599 802 3632 eas
820 3585 985 3646 responderet
1009 3582 1100 3632 Vahlen
1114 3583 1203 3648 (Gryn.
1216 3585 1248 3631 ad
1259 3584 1301 3648 ea)

231 3680 246 3722 2
257 3682 422 3737 expromeret
428 3671 483 3735 1119.
494 3671 550 3720 Em.
560 3669 619 3720 519.
631 3671 634 3732 Ι
644 3685 671 3718 re
689 3685 741 3733 pra
751 3686 848 3718 romam
860 3669 915 3733 My.
935 3669 1000 3729 ihd.;
1017 3669 1091 3734 Gryu.
1104 3685 1129 3718 re
1139 3671 1248 3719 Romam
1275 3670 1301 3730 2,

233 3766 245 3809 1
256 3761 312 3809 deis
322 3760 399 3808 rebus
417 3765 433 3806 3
444 3759 644 3819 cartaginienses
662 3757 766 3806 siturus
786 3756 811 3812 3,
823 3762 833 3804 l
846 3771 894 3804 nea
905 3757 931 3803 in
942 3757 997 3804 arde
1017 3757 1234 3806 2elamdestinum
1242 3754 1246 3819 Ι
1254 3758 1301 3805 ali·

231 3864 302 3926 quod
340 3867 356 3910 3
375 3839 550 3926 principium!
566 3862 634 3909 nudo
651 3851 774 3924 praterea
792 3858 920 3908 Meuaom
939 3860 1031 3908 notauit
1051 3858 1135 3911 Clario.
1162 3860 1222 3910 Fuit
1231 3863 1301 3926 sere:

230 3952 298 3997 unde
307 3949 373 3997 nihil
383 3963 526 4003 emanasse,
544 3956 713 4012 praeterquam
740 3945 766 4003 4,
777 3952 791 3993 2
806 3947 1048 4027 quiideproecaretur
1059 3944 1062 4010 Ι
1073 3949 1202 3997 inimicitis
1216 3949 1301 3996 arimi-

231 4030 374 4102 nantriibns
400 4066 604 4114 aeromamquem
649 4057 664 4098 4
688 4058 840 4099 constantes
864 4052 869 4111 Ι
889 4059 961 4129 terga
979 4065 1003 4113 p
1016 4068 1036 4100 r
1056 4031 1195 4115 olodissent
1235 4049 1302 4099 Inter

232 4158 348 4206 odissent
368 4164 392 4204 et
412 4155 453 4204 his
476 4164 539 4219 spot.
559 4171 612 4204 ooo.
633 4152 799 4204 dlr'tterarum
816 4158 867 4204 siae
885 4152 936 4202 ullu
956 4171 1053 4204 rasura.
1092 4154 1116 4211 5,
1139 4160 1148 4202 l
1171 4150 1298 4216 utrumq}

232 4242 460 4305 esnaginieu'sium
479 4243 604 4291 consultis
642 4247 657 4288 2
676 4243 829 4305 respondere
847 4240 951 4290 Douiot.
972 4238 1039 4304 (Csr.
1059 4257 1079 4290 e.
1099 4238 1145 4299 20,
1164 4239 1196 4301 2)
1241 4239 1266 4299 6,
1284 4245 1299 4289 ³

232 4331 435 4395 emtaginienses
473 4328 498 4391 7,
519 4335 530 4378 l
551 4336 592 4386 (se
609 4326 651 4391 H)
667 4328 672 4390 1
687 4328 799 4390 aliquem
815 4328 820 4389 Ι
836 4329 944 4377 masisse
962 4327 1078 4376 hosnoris
1097 4341 1174 4376 eausa
