3475 5084
663 469 720 518 ars.
739 470 906 520 arx-cxi.
1232 480 1268 555 ,5¹
1322 490 1327 499 ,

258 673 378 728 tanquam
397 667 420 713 ei
446 681 573 715 vencnum
592 668 717 727 dedisset,
746 669 897 732 Sempronia
922 685 987 718 uxor
1009 670 1068 717 hinc
1095 658 1218 731 maxime,
1246 674 1315 736 quod

258 774 328 806 soror
354 767 420 807 esset
440 760 629 819 Gracchorum,
660 776 719 809 cnm
746 762 837 824 quibus
866 762 981 812 simultas
1008 763 1129 812 Africano
1159 764 1255 825 fucrat3
1284 766 1315 815 dc

258 860 337 899 morte
358 860 442 900 tamen
466 853 519 901 eins
544 852 614 900 nulla
639 854 744 917 qnaestio
768 863 833 902 acta.
879 854 1008 904 Defuncto
1027 871 1057 904 co
1077 858 1159 907 acrius
1178 859 1314 907 seditiones

258 945 424 993 triumvirales
443 955 601 994 exarserunt.
643 944 672 995 0.
693 946 858 1009 Sempronius
885 962 937 995 cos.
963 948 1083 996 adversus
1101 950 1210 1013 Iapydas
1234 951 1315 1015 primo

257 1036 323 1083 male
348 1052 401 1086 rem
426 1040 522 1101 gessit,
550 1055 612 1088 mox
639 1040 744 1087 victoria
772 1039 869 1087 cladem
898 1049 1028 1104 acceptam
1053 1043 1199 1091 emendavit
1224 1044 1315 1092 virtute

259 1128 289 1176 D.
308 1129 375 1177 Iunii
394 1131 475 1190 Bruti,
495 1132 556 1191 eius,
577 1133 620 1194 qui
638 1131 796 1181 Lusitaniam
815 1132 959 1194 subegerat.

680 1296 729 1346 BX
747 1298 814 1347 LIB.
834 1298 890 1346 LX.

325 1403 356 1454 L.
380 1405 500 1454 Aurelius
527 1423 578 1457 cos.
605 1410 729 1461 bellantes
756 1413 851 1464 Sardos
877 1411 987 1473 subegit.
1024 1409 1060 1459 M.
1081 1409 1187 1459 Fulvius
1207 1412 1316 1465 Flaccus

256 1498 351 1559 primus
369 1498 553 1562 Transalpinos
572 1502 680 1565 Ligures
699 1506 797 1552 domuit
815 1505 898 1568 bello,
925 1504 1017 1552 missus
1036 1504 1062 1551 in
1081 1503 1204 1552 auxilium
1223 1505 1316 1555 Massi·

257 1589 375 1639 liensium
394 1594 516 1642 adversus
538 1572 664 1645 Salluvios
683 1595 782 1657 Gallos,
801 1598 843 1660 qui
861 1597 925 1645 fines
940 1596 1139 1645 Massiliensium
1158 1598 1317 1660 populaban-

257 1690 304 1731 tur.
351 1684 381 1733 L.
403 1684 519 1749 Opimius
542 1696 637 1751 praetor
653 1690 834 1750 Fregellanos,
861 1690 904 1751 qui
926 1688 1084 1746 defecerant,
1109 1688 1135 1736 in
1161 1691 1315 1739 deditionem

258 1777 363 1839 accepit,
382 1778 514 1841 Fregellas
532 1781 617 1829 diruit.
654 1782 803 1831 Pestilentia
828 1783 854 1830 in
876 1781 964 1829 Africa
989 1781 1021 1827 ab
1041 1781 1137 1840 ingenti
1158 1783 1315 1831 lucustarum

258 1867 418 1919 multitudine
444 1880 469 1919 et
493 1874 583 1921 deinde
597 1883 753 1923 necatarum
782 1884 868 1935 strage
893 1873 972 1923 fuisse
995 1873 1110 1921 traditur.
1148 1874 1270 1924 Lustrum
1301 1891 1317 1924 a
1363 1897 1369 1909 .

258 1962 405 2011 censoribus
415 1966 545 2014 conditum
557 1975 607 2026 est3
620 1983 697 2017 censa
705 1976 765 2017 sunt
774 1969 866 2016 civium
878 1968 961 2031 capita
972 1966 1129 2017 00οΧοΝ
1141 1967 1314 2017 DGGXXVI.

260 2048 285 2100 0.
306 2055 446 2116 Gracchus,
469 2058 566 2108 Tiberii
585 2060 671 2120 frater,
690 2061 747 2110 trib.
767 2060 863 2124 plebis,
883 2061 1041 2123 eloquentior
1060 2075 1134 2123 quam
1153 2060 1239 2120 frater,
1259 2076 1317 2125 per-

258 2146 366 2197 niciosas
384 2150 484 2215 aliquot
500 2153 570 2214 leges
589 2154 654 2212 tulit,
685 2154 750 2201 inter
767 2168 830 2216 ques
849 2152 1046 2211 frumentariam,
1080 2162 1109 2201 nt
1134 2154 1200 2203 senis
1220 2154 1275 2202 ceris
1292 2163 1317 2202 et

259 2239 348 2289 triente
371 2241 525 2292 frumentum
552 2245 621 2308 plebi
646 2247 759 2305 daretur,
788 2246 895 2294 alteram
917 2245 999 2306 legem
1025 2246 1152 2307 agrariam
1161 2234 1175 2304 ,⁸
1196 2261 1273 2307 quarn
1293 2255 1318 2295 et

258 2327 334 2379 frater
353 2336 408 2384 eius
428 2337 533 2397 tulerat3
560 2339 672 2396 tertiam,
701 2354 751 2401 qua
770 2345 913 2401 equestrem
933 2338 1046 2386 ordinem
1066 2346 1125 2386 tunc
1145 2353 1201 2386 cum
1226 2348 1317 2387 senatu

259 2428 461 2476 consentientem
487 2440 668 2494 corrumperet,
696 2440 724 2479 ut
749 2431 863 2479 sexcenti
889 2444 921 2477 cx
945 2431 1028 2492 equite
1054 2432 1080 2477 in
1107 2432 1203 2479 curiam
1233 2432 1318 2481 suble·

258 2527 379 2574 gerentur
398 2528 434 2579 et,
461 2522 521 2583 quia
539 2523 590 2572 illis
609 2524 765 2587 temporibus
785 2521 852 2571 000
879 2530 977 2571 tantum
1001 2531 1131 2572 senatores
1158 2532 1244 2583 erant,
1270 2524 1317 2573 Dc

258 2611 353 2671 equites
374 2609 442 2662 000
462 2616 620 2665 senatoribus
641 2616 854 2675 admiscerentur,
877 2615 973 2674 idest,
999 2624 1026 2663 ut
1050 2625 1168 2679 equester
1191 2619 1253 2665 ordo
1277 2618 1317 2666 bis

258 2706 355 2752 tantum
376 2705 465 2754 virium
490 2707 517 2755 in
537 2715 627 2756 senatu
651 2709 770 2766 haberet3
799 2716 837 2766 et,
865 2706 1014 2755 continuato
1037 2709 1063 2755 in
1088 2708 1194 2756 alterum
1221 2725 1317 2758 annum

258 2794 402 2857 tribunatu,
422 2799 523 2861 legibus
542 2802 650 2863 agrariis
668 2803 727 2849 latis
746 2798 843 2859 effecit,
864 2808 893 2849 ut
911 2800 1054 2864 complures
1073 2800 1181 2849 colonia
1199 2802 1224 2849 in
1243 2802 1318 2850 Italia

258 2885 442 2940 deducerentur
469 2902 495 2941 ct
521 2909 573 2942 una
597 2895 623 2941 in
650 2895 706 2943 solo
732 2894 821 2941 dirutae
843 2893 1013 2954 Carthaginis,
1046 2908 1096 2957 quo
1123 2894 1176 2958 ipse
1204 2896 1319 2945 triumvir

259 2991 357 3033 creatus
383 2984 511 3034 coloniam
535 2986 650 3038 deduxit.
693 2986 819 3034 Praeterea
846 3002 885 3035 res
905 3001 920 3033 a
938 2984 969 3045 Q.
989 2984 1096 3034 Metello
1121 3001 1174 3037 cos.
1199 2988 1318 3035 adversus

258 3070 372 3125 Baliares
397 3087 481 3139 gestas
501 3080 621 3137 continet,
648 3094 712 3142 quos
732 3078 814 3127 Graeci
834 3076 987 3141 Gymnesios
1006 3077 1144 3141 appellant,
1165 3080 1225 3140 quia
1243 3087 1318 3127 asta-

259 3171 307 3215 tem
325 3170 389 3218 nudi
407 3172 527 3233 exigunt,
545 3171 660 3222 Baliares
679 3188 694 3219 a
712 3172 756 3220 teli
772 3173 855 3220 missu
874 3170 996 3234 appellati
1015 3170 1055 3218 vel
1076 3185 1092 3217 a
1105 3169 1187 3230 Balio,
1201 3170 1318 3221 Herculis

260 3262 349 3310 comite
372 3264 535 3330 ibi-relicto,
565 3280 643 3328 quum
669 3264 793 3312 Hercules
821 3266 852 3312 ad
878 3264 1021 3325 Geryonem
1046 3264 1186 3324 navigaret.
1231 3262 1318 3311 Motus

260 3363 359 3416 quoque
379 3355 459 3418 Syriae
478 3355 627 3414 referuntur,
651 3356 789 3419 inquibus
810 3355 948 3419 Cleopatra
966 3356 1124 3404 Demetrium
1143 3357 1225 3403 virum
1245 3369 1317 3403 suum

260 3449 284 3489 ιι
302 3445 436 3496 Seleucum
454 3447 542 3506 filium,
560 3449 701 3509 indignata,
725 3450 793 3513 quod
811 3450 897 3497 occiso
915 3456 985 3512 patre
1005 3449 1059 3497 eius
1078 3463 1093 3495 a
1111 3462 1137 3497 se
1155 3449 1253 3497 iniussu
1272 3464 1318 3497 suo

260 3533 378 3589 diadema
395 3540 553 3604 sumpsisset,
572 3542 708 3589 interemit.

615 3724 618 3730 ·
676 3701 725 3750 EX
743 3701 812 3753 LIB.
830 3700 900 3750 LXI.

329 3814 359 3865 0.
372 3815 474 3867 Sextius
486 3830 587 3879 procos.
607 3817 675 3864 victa
694 3817 865 3867 Salluviorum
884 3822 961 3877 gente
975 3815 1102 3863 coloniam
1116 3819 1204 3879 Aquas
1215 3814 1317 3864 Sextias

260 3907 380 3968 condidit,
411 3907 444 3956 oh
472 3923 596 3972 aquarum
622 3911 721 3973 copiam
749 3924 762 3958 e
789 3910 869 3958 caldis
897 3908 1048 3971 frigidisque
1071 3907 1184 3957 fontibus
1208 3914 1283 3968 atque
1302 3922 1318 3953 n

259 4000 360 4050 nomine
378 4016 424 4051 suo
442 4002 479 4049 ita
499 4003 647 4066 appellatas.
686 4000 732 4051 Gn.
754 4002 883 4050 Domitius
902 4016 1001 4064 procos.
1022 4002 1142 4049 adversus
1164 3998 1317 4061 Allobrogas

260 4088 293 4135 ad
322 4095 442 4158 oppidum
470 4095 618 4143 Vindalium
646 4095 754 4144 feliciter
783 4094 918 4158 pugnavit,
950 4095 1041 4157 quibus
1069 4093 1163 4142 bellum
1192 4090 1317 4140 inferendi

260 4192 336 4233 causa
354 4185 408 4246 fuit,
428 4188 495 4250 quod
509 4188 701 4236 Tutomotulum
713 4186 885 4236 Salluviorum
901 4200 989 4248 regem
1007 4185 1146 4247 fugientem
1166 4185 1318 4246 recepissent

261 4279 286 4319 et
312 4282 379 4328 omni
406 4294 455 4343 ope
483 4280 613 4338 iuvissent,
645 4280 764 4342 quodque
791 4279 935 4327 AEduorum
967 4294 1056 4341 agros,
1088 4278 1202 4325 sociorum
1230 4275 1317 4340 populi

1089 4369 1119 4418 4*
