3475 5084
457 539 497 596 σθ
724 532 802 582 Liber
819 529 905 582 XLII.
943 532 988 595 (Α.
1008 545 1033 580 ιι.
1053 545 1075 582 c.
1097 532 1169 594 5³2.)

413 718 546 794 imperio.
594 717 642 774 Ea
663 715 772 785 omnia,
793 731 859 789 quta
880 722 998 772 sanatus
1022 715 1148 784 censuit,
1169 713 1283 790 inpigre
1300 713 1383 772 iacta
1405 723 1491 772 sunt.

373 830 390 885 7
413 820 718 897 Duodequadraginta
730 820 953 894 quinqueremes
975 837 1012 876 ex
1033 819 1187 876 navalibus
1199 819 1346 889 deductae3
1369 819 1420 893 qni
1435 819 1491 876 da-

414 928 532 986 duceret
552 943 604 984 eas
623 923 821 994 Brundisium,
844 925 879 985 L.
902 923 1025 981 Porcius
1047 922 1165 982 Licinus
1187 923 1376 998 proepositus3
1410 923 1491 980 duo·

373 1040 392 1098 8
415 1033 507 1090 decim
523 1050 561 1089 ex
574 1031 676 1090 Sicilia
692 1030 797 1087 missu.
836 1029 887 1086 Ad
900 1027 1076 1086 frumentum
1098 1028 1185 1085 classi
1202 1027 1401 1102 exercituique
1418 1046 1491 1086 coe-

414 1136 550 1194 mendum
570 1136 601 1193 in
616 1134 758 1211 Apuliam
779 1131 1008 1207 Calabriamque
1029 1141 1088 1190 tras
1109 1132 1199 1208 legati
1222 1133 1311 1202 missi,
1334 1132 1404 1192 Sex.
1430 1131 1492 1189 Di-

414 1241 521 1316 gitius,
543 1242 580 1298 T.
602 1238 772 1309 Iuventius,
793 1239 836 1298 M.
859 1236 1001 1295 Caeoilins.
1047 1237 1097 1295 Ad
1121 1239 1219 1295 omnia
1240 1247 1407 1312 praeparata
1430 1235 1490 1294 Cn.

340 1389 343 1398 -
415 1345 539 1406 Sicinius
561 1354 677 1420 praetor,
699 1343 855 1418 paludatus
877 1361 915 1400 ex
931 1343 1002 1401 urbe
1014 1340 1171 1416 profectus,
1193 1341 1381 1399 Brundisium
1396 1341 1491 1400 venit.

330 1441 372 1510 28
499 1450 589 1508 Exitu
611 1467 706 1524 prope
733 1447 803 1510 anni
824 1445 858 1505 C.
881 1447 1014 1522 Popilius
1043 1446 1144 1504 consul
1165 1448 1291 1504 Romam
1320 1447 1407 1504 rediit
1432 1446 1493 1503 ali·

414 1563 525 1630 quanto
547 1554 648 1624 serius,
671 1571 759 1627 quam
781 1561 894 1610 sanutus
904 1560 1065 1621 censuerat,
1087 1551 1133 1626 cui
1155 1553 1250 1626 primo
1272 1570 1391 1626 quoque
1411 1560 1490 1608 tem-

414 1679 487 1735 pore
508 1659 696 1733 magistratus
718 1656 821 1728 creari,
843 1675 909 1714 cum
933 1667 1045 1716 tentum
1068 1657 1176 1714 bellum
1202 1657 1383 1724 immineret,
1403 1675 1421 1712 e
1442 1675 1480 1713 re

374 1765 391 1820 2
415 1764 533 1840 publica
560 1762 655 1820 visum
686 1772 758 1819 erat.
813 1761 920 1836 Itaque
953 1779 1012 1818 non
1048 1761 1182 1820 secundis
1216 1761 1334 1819 auribus
1367 1771 1491 1836 patrum

416 1868 532 1926 auditus
553 1876 598 1923 eat
618 1866 729 1936 consul,
750 1883 816 1925 cnm
839 1865 870 1922 in
892 1866 953 1922 aeda
973 1865 1103 1923 Bellonae
1127 1867 1163 1922 de
1184 1867 1271 1923 rebus
1286 1866 1316 1922 in
1327 1866 1491 1941 Liguribus
1571 1853 1572 1878 ¹

375 1973 392 2029 8
416 1971 505 2048 gestia
527 1970 689 2027 dissereret.
744 1969 995 2028 succlamationes
1022 1969 1188 2045 frequentes
1218 1979 1301 2028 erant
1321 1971 1491 2045 interroga·

414 2076 583 2148 tionesque,
608 2091 661 2132 cur
686 2073 796 2132 scelere
824 2073 924 2131 fratris
947 2093 1103 2149 oppressos
1124 2075 1248 2150 Ligures
1269 2076 1299 2132 in
1321 2075 1491 2134 libertatem

374 2186 474 2238 inan
495 2179 675 2236 restituisset.
737 2176 866 2234 Comitia
888 2177 1072 2249 consularia,
1104 2180 1133 2235 in
1162 2198 1249 2253 quam
1279 2180 1387 2236 edicta.
1404 2191 1490 2237 erant

375 2289 394 2344 lt
416 2284 504 2354 diem,
525 2293 593 2340 ante
614 2283 690 2340 diam
711 2283 778 2340 XII
799 2282 869 2340 Kal.
892 2283 980 2340 Mart.
1003 2293 1070 2340 sunt
1090 2284 1201 2341 habita.
1260 2283 1358 2342 Creati
1381 2303 1490 2341 consu·

413 2390 457 2447 les
485 2389 519 2445 P.
541 2388 670 2446 Licinius
691 2386 832 2457 Crassus,
864 2386 899 2446 C.
922 2385 1041 2444 Cassius
1063 2388 1223 2462 Longinus.
1283 2389 1410 2446 Postero
1441 2389 1493 2446 die

415 2502 554 2570 praetores
581 2490 652 2550 facti
674 2489 708 2550 C.
732 2491 877 2566 Sulpicius
900 2491 1015 2560 Galba,
1039 2492 1201 2550 hilurius
1224 2492 1343 2563 Philus,
1366 2494 1401 2551 L.
1426 2492 1490 2552 Ca·

415 2599 529 2656 nuleius
552 2598 655 2667 Dives,
685 2594 720 2654 C.
743 2595 896 2652 Lucretius
919 2594 1035 2665 Callus,
1066 2595 1100 2656 C.
1123 2595 1262 2654 Caninius
1283 2598 1415 2668 Rebilus,
1450 2599 1491 2655 L.

374 2708 393 2763 6
414 2703 522 2762 Villius
544 2700 679 2759 Annalis.
726 2699 783 2756 His
804 2700 977 2773 praetoribus
999 2701 1157 2775 provincia
1178 2703 1310 2772 decreta,
1334 2703 1401 2760 dura
1415 2704 1491 2761 ‘iure

414 2809 517 2866 Roma
539 2804 681 2874 dicendo,
713 2803 860 2878 Hispania
882 2812 911 2859 et
932 2803 1032 2863 Sicilia
1054 2813 1082 2862 et
1106 2805 1259 2877 Sardinia,
1293 2816 1324 2864 ut
1347 2808 1397 2866 uui
1419 2826 1491 2866 sors

375 2911 530 2985 lintegra
551 2918 643 2979 esset,
676 2926 735 2982 quo
762 2915 880 2966 senatus
902 2907 1068 2967 censuisset.
1128 2909 1303 2968 Consulibus
1324 2913 1490 2987 designatis

412 3014 570 3091 imperavit
588 3021 724 3084 senatus,
756 3022 805 3083 ut,
836 3030 896 3088 qua
925 3012 972 3069 dia
994 3011 1195 3088 magistratum
1216 3015 1352 3087 inissent,
1381 3019 1491 3076 hostiis

413 3119 573 3178 maioribus
594 3119 650 3176 rite
673 3118 818 3188 mactatis,
839 3125 1043 3192 precarentur,
1066 3127 1107 3187 ut,
1130 3119 1207 3192 qnod
1230 3120 1335 3178 bellum
1358 3123 1491 3198 populna

413 3227 564 3283 Romanus
585 3223 615 3280 in
638 3224 735 3281 animo
756 3224 879 3280 haberet
899 3240 1015 3296 gerere,
1045 3231 1077 3278 ut
1099 3222 1129 3279 id
1152 3241 1322 3297 prosperum
1346 3227 1490 3285 eveniret.

372 3336 391 3393 d
413 3330 527 3387 Eodem
549 3329 597 3386 die
620 3328 750 3386 decrevit
767 3335 894 3397 senatus,
916 3324 950 3385 C.
965 3326 1099 3401 Popilius
1121 3327 1222 3384 consul
1242 3327 1326 3385 ludos
1348 3349 1402 3404 per
1422 3333 1491 3389 dias
1573 3387 1574 3402 ,

414 3434 512 3491 decem
524 3433 590 3490 Iovi
616 3443 736 3509 optumo
747 3450 887 3490 maxumo
908 3441 1029 3488 voveret
1047 3432 1183 3506 donaque
1201 3433 1279 3490 circa
1300 3435 1400 3491 omnia
1421 3437 1490 3511 pul·
1573 3485 1574 3492 ,

414 3655 465 3717 6,4
485 3657 585 3720 inpigro
617 3654 641 3714 7,
663 3660 675 3703 1
696 3654 807 3702 deducta
844 3649 1111 3716 aeoslliciniusSiq.
1136 3652 1162 3712 8,
1183 3657 1196 3698 2
1217 3652 1491 3706 missisedicitiusst.

413 3743 543 3792 iubentius
561 3739 691 3800 XXVIII,
702 3738 727 3799 1,
740 3743 750 3786 l
762 3736 829 3786 redit
851 3741 866 3784 2
878 3749 955 3798 quam
967 3747 1102 3786 censuerat
1120 3745 1135 3787 3
1146 3739 1278 3788 imminere
1288 3741 1419 3804 repulsum
1431 3751 1489 3791 erat

414 3827 520 3878 Bekker.
541 3827 632 3892 (qu.
651 3824 806 3881 immineret,
824 3822 921 3871 iussum
941 3828 1005 3882 erat)
1036 3823 1060 3882 2,
1075 3825 1215 3873 2auditnm
1231 3825 1236 3888 Ι
1252 3827 1331 3875 aedem
1367 3827 1392 3885 3,
1413 3835 1491 3894 ²⁰1³·

413 3930 516 3980 pressus
533 3913 559 3972 4,
581 3909 813 3975 linquamdenicta
831 3908 957 3958 2diemad
973 3925 1017 3959 xn.
1044 3909 1096 3967 5.1
1119 3925 1189 3960 cons.
1209 3911 1310 3962 licinius
1329 3928 1431 3964 crassus
1470 3922 1487 3965 2

414 4000 540 4049 cassinina
557 3997 680 4058 longinus
716 4002 732 4043 4
752 4009 774 4044 a.
795 3994 919 4044 lucretius
938 4011 960 4045 c.
980 3997 1095 4045 caninius
1114 3997 1209 4046 reuilns
1222 3995 1226 4060 Ι
1238 3998 1255 4047 l.
1276 3999 1362 4047 innius
1381 4002 1491 4052 annalia

414 4099 468 4166 sp.
489 4098 577 4165 (Grpe.
597 4097 691 4163 Iulius)
728 4097 787 4157 6,2
812 4081 909 4149 romaia
944 4097 969 4158 7,
992 4104 1002 4147 l
1031 4099 1171 4160 designatis
1196 4101 1365 4164 enimperauit
1401 4104 1487 4154 uho-

413 4203 495 4255 stibns
530 4208 735 4267 8prsaoarentur
769 4202 795 4262 8,
814 4207 829 4250 2
846 4201 992 4266 puluinaria
1010 4202 1065 4252 dari
1081 4183 1234 4268 npoq.
1249 4203 1378 4255 Eram.
1393 4207 1492 4272 (Gryn.

409 4288 556 4352 pulvinaria
574 4289 634 4339 dari
658 4289 678 4339 si
697 4305 717 4339 r.
725 4304 750 4354 p.
770 4289 809 4352 X)
