3475 5084
445 505 483 557 60
863 496 997 545 Periocha

401 704 506 746 senatus
525 697 663 759 respondit,
682 696 703 744 si
719 695 794 753 eires,
812 696 855 759 qni
875 696 976 759 pulsia
996 694 1079 743 Cinna
1096 695 1130 741 ad
1147 708 1175 743 se
1195 693 1372 756 confugerant,
1392 694 1457 742 resti-

401 784 540 837 tnerentur.
576 787 641 847 Qua
659 788 777 836 conditio
795 803 872 851 quum
892 789 958 837 iusta
976 788 1074 836 senatui
1094 788 1228 849 videretur,
1253 802 1301 851 per
1321 787 1457 835 Carbonem

402 881 588 944 factionemque
604 882 667 939 eius,
685 882 727 929 cui
744 880 839 929 bellum
857 881 990 929 videbatur
1007 880 1102 939 utilius,
1121 894 1153 927 ue
1170 881 1325 936 conveniret,
1346 879 1459 929 effaetum

402 983 449 1023 est.
485 974 558 1023 Idem
577 973 662 1023 Carbo
681 988 760 1034 quum
778 974 811 1021 ab
830 974 948 1022 omnibus
967 973 1048 1021 ltalia
1067 973 1167 1036 oppidis
1186 972 1345 1036 coloniisque
1364 973 1461 1021 obsides

402 1069 506 1128 exigere
523 1068 607 1127 vellet,
627 1075 655 1115 ut
671 1066 746 1115 fidem
766 1080 854 1115 eorum
873 1073 963 1114 contra
972 1065 1072 1114 Sullam
1091 1066 1225 1127 obligaret,
1245 1081 1376 1114 consensu
1394 1080 1462 1113 seua·

402 1170 442 1208 tus
460 1159 602 1222 prohibitus
621 1168 669 1210 est.
710 1159 792 1209 Novis
810 1159 907 1208 civibus
926 1158 976 1208 SC.
997 1158 1146 1221 suffragium
1166 1160 1254 1207 datum
1274 1166 1321 1206 est
1361 1156 1394 1216 Q,
1411 1158 1464 1205 lde·

401 1252 479 1300 tellus
497 1251 567 1311 Pius,
588 1253 630 1314 qui
650 1262 735 1315 partes
753 1252 913 1316 optimatium
931 1258 1033 1298 secutus
1052 1260 1114 1315 erat,
1134 1266 1211 1313 quum
1224 1250 1353 1299 inAfriea
1372 1250 1464 1299 bellum

402 1344 546 1402 moliretur,
570 1359 586 1391 a
606 1343 635 1393 0.
655 1344 738 1393 Fabio
762 1353 871 1408 praetore
894 1342 984 1406 pulsus
1005 1352 1056 1399 est,
1084 1354 1238 1407 senatusque
1258 1345 1408 1413 consultum
1425 1358 1466 1406 per

402 1436 540 1485 factionem
551 1434 678 1485 Carbonis
691 1446 716 1485 et
725 1438 901 1486 Marianarum
913 1436 1023 1499 partium
1037 1434 1132 1484 laetum
1151 1446 1198 1495 est,
1218 1446 1246 1485 ut
1265 1452 1357 1485 omues
1376 1437 1465 1497 ubique

402 1530 531 1609 exereitus
549 1530 741 1578 dimitterentur.
777 1528 903 1578 Libertini
922 1529 949 1577 in
963 1529 1074 1592 quinque
1089 1536 1114 1577 et
1127 1530 1230 1590 triginta
1245 1530 1328 1577 tribus
1340 1527 1466 1577 distributi

403 1630 471 1672 aunt.
516 1622 644 1671 Preterea
670 1623 732 1670 belli
761 1632 922 1687 apparatum,
953 1623 1022 1685 quod
1051 1631 1139 1670 contra
1167 1621 1266 1671 Sullam
1299 1622 1466 1674 excitabatur.

403 1715 525 1763 eontinet.

751 1944 756 1953 ι
786 1873 836 1921 EX
854 1874 921 1923 LlB.
940 1872 1077 1923 LXXXV.

474 1990 548 2040 Sulla
566 1991 592 2037 iu
607 1990 711 2037 ltaliam
729 2004 787 2037 oum
812 1990 927 2038 exercitu
950 1990 1058 2049 traiecit,
1084 1989 1219 2050 missisque
1241 1988 1352 2049 legatis,
1379 1986 1468 2049 quide

402 2096 466 2145 paee
492 2092 608 2143 agerent,
631 2092 656 2131 et
678 2083 712 2131 ab
737 2082 842 2131 consule
861 2081 890 2129 C.
910 2081 1034 2130 Norbano
1052 2082 1163 2141 violatis,
1190 2083 1299 2129 eundem
1318 2079 1467 2128 Norbanum

402 2174 493 2237 proelio
511 2175 586 2232 vieit3
606 2182 631 2223 et
652 2190 730 2237 quum
749 2176 779 2224 L.
800 2173 936 2237 Scipionis,
955 2175 1060 2223 alterins
1079 2190 1141 2236 eoa,
1170 2188 1226 2221 cum
1247 2188 1298 2236 quo
1317 2188 1365 2235 per
1386 2171 1468 2221 omnia

404 2268 430 2314 id
448 2274 545 2327 egerat,
563 2276 593 2314 ut
608 2281 697 2330 pacem
712 2268 843 2329 iungeret,
861 2280 909 2314 neo
927 2274 1058 2329 potuerat,
1078 2275 1162 2315 eastra
1180 2273 1379 2329 oppugnaturus
1399 2271 1468 2319 esset,

403 2358 535 2406 universus
556 2360 682 2408 exercitus
710 2360 836 2419 consulis,
862 2358 1013 2407 sollicitatus
1037 2374 1082 2423 per
1105 2361 1213 2408 emissos
1241 2375 1257 2407 a
1276 2357 1353 2408 Sulla
1371 2356 1468 2411 milites,

403 2453 477 2513 signa
495 2453 527 2499 ad
548 2451 646 2501 Sullam
665 2452 807 2511 transtulit3
837 2451 932 2514 Scipio,
956 2466 1035 2512 quum
1059 2455 1139 2502 oeoidi
1160 2461 1259 2517 posset,
1285 2450 1408 2499 dimissus
1425 2456 1467 2495 est

404 2540 451 2593 Cn.
467 2544 614 2607 Pompeius,
633 2542 681 2591 Cn.
694 2544 809 2607 Pompeii
827 2542 903 2603 filins,
923 2545 985 2604 eius,
1008 2546 1051 2606 qui
1070 2546 1197 2594 Asculum
1217 2553 1328 2608 ceperat,
1349 2543 1468 2605 privatus.

404 2638 548 2699 conscripto
570 2636 769 2684 voluntariorum
796 2636 924 2694 exercitu,
956 2651 1014 2685 oum
1040 2638 1121 2686 tribus
1148 2638 1292 2699 legionibus
1319 2636 1354 2683 ad
1373 2634 1468 2683 Sullam

403 2736 522 2785 venerat,
550 2729 582 2775 ad
600 2743 675 2789 quem
695 2744 722 2776 se
740 2729 862 2777 nobilitas
882 2730 964 2777 omnis
990 2728 1152 2789 conferebat,
1176 2731 1213 2777 ita
1237 2736 1267 2776 nt
1289 2730 1393 2776 deserta
1411 2726 1468 2773 urbe

404 2819 438 2867 ad
450 2821 681 2868 castraveniretur.
718 2819 844 2868 Praeterea
860 2821 1037 2882 expeditiones
1056 2837 1102 2885 per
1118 2830 1199 2871 totam
1213 2822 1318 2870 Italiam
1336 2821 1468 2879 utriusque

403 2913 482 2974 partis
501 2913 592 2959 ducum
612 2913 763 2962 referuntur.

780 3074 830 3123 EX
849 3072 916 3122 LIB.
937 3072 1084 3121 LXXXVI.

475 3186 559 3247 Quum
580 3185 609 3237 C.
628 3187 725 3236 Marius
744 3185 772 3236 C.
790 3188 868 3236 Marii
893 3188 959 3236 lilius
984 3187 1073 3235 consul
1092 3194 1151 3233 ante
1170 3200 1250 3234 annos
1269 3187 1323 3235 XX
1347 3202 1396 3251 per
1421 3186 1466 3233 vim

404 3288 504 3330 oreatus
524 3290 606 3339 esset,
635 3279 664 3329 C.
683 3281 779 3329 Fabius
803 3282 830 3329 in
850 3280 943 3329 Africa
967 3287 1071 3343 proptor
1094 3278 1271 3329 crudelitatem
1290 3288 1317 3327 et
1336 3256 1465 3327 avaritiam

403 3390 476 3423 snam
495 3376 522 3422 in
541 3376 659 3437 praetorio
678 3389 726 3421 suo
745 3375 815 3422 vivus
834 3383 939 3422 exustus
958 3381 1005 3421 est.
1042 3372 1072 3420 L.
1092 3371 1236 3435 Philippus,
1264 3371 1365 3434 legatus
1384 3371 1467 3431 Sulla,

406 3465 551 3515 Sardiniam
573 3461 603 3523 Q.
623 3465 738 3514 Antonio
757 3474 864 3528 praetore
890 3466 964 3529 pulso
991 3472 1016 3513 et
1033 3465 1119 3513 occiso
1139 3464 1281 3527 occupavit.
1319 3463 1395 3512 Sulla
1414 3478 1465 3511 oum

404 3557 500 3606 Italicis
517 3557 628 3620 populis,
648 3572 680 3605 ue
699 3559 830 3606 timeretur
848 3558 881 3606 ab
901 3559 936 3606 eis
949 3557 1018 3605 velut
1031 3566 1162 3621 erepturus
1176 3557 1304 3604 civitatem
1314 3564 1341 3604 et
1353 3554 1466 3616 suffragii

405 3651 443 3699 ius
462 3662 544 3711 nuper
561 3650 658 3711 datum,
683 3650 765 3699 foedus
787 3651 924 3714 percussit;
948 3651 1066 3713 idemque
1091 3666 1124 3699 ex
1140 3651 1233 3698 fiducia
1251 3649 1302 3696 ianr
1322 3657 1400 3697 certae
1418 3649 1465 3695 vie·

404 3743 476 3792 toriae
495 3742 644 3803 litigatores,
672 3760 688 3792 a
707 3745 798 3806 quibus
817 3743 945 3805 adibatur,
971 3742 1119 3791 vadimonia
1137 3744 1247 3792 Romam
1269 3741 1368 3790 deferre
1387 3740 1465 3797 iussit,

405 3850 482 3899 quum
501 3850 517 3882 a
535 3844 606 3897 parte
634 3837 734 3886 diversa
757 3835 817 3884 urbs
843 3834 927 3882 adhue
955 3842 1091 3885 teneretur.
1128 3836 1159 3885 L.
1178 3835 1353 3897 Damasippus
1378 3840 1465 3897 prator

404 3942 437 3976 ex
460 3927 592 3976 voluntate
612 3927 641 3977 C.
660 3926 736 3976 Marii
760 3927 874 3976 consulis
901 3940 979 3988 quum
1006 3938 1122 3976 senatum
1147 3928 1331 3985 contraxisset,
1356 3941 1463 3981 omnem,

405 4034 460 4083 quae
479 4022 504 4068 iu
523 4021 585 4069 urbe
604 4030 666 4079 erat,
693 4021 851 4069 nobilitatem
871 4020 1021 4078 trucidavit3
1047 4034 1080 4066 ex
1100 4020 1171 4067 euius
1189 4032 1295 4067 numero
1316 4016 1346 4076 Q.
1366 4018 1462 4066 Mucius

405 4112 521 4162 Scaevola
538 4122 608 4176 pont.
629 4130 696 4162 max.
717 4112 818 4175 lugiens
837 4112 863 4159 iu
882 4112 1009 4160 vestibulo
1026 4112 1087 4159 aedis
1099 4112 1187 4160 Vestae
1206 4112 1306 4161 occisus
1321 4118 1370 4161 est.
1398 4109 1462 4156 Pre-

404 4200 474 4253 terea
497 4205 594 4255 bellum
618 4222 634 4254 a
652 4206 682 4254 L.
703 4205 812 4253 Murena
838 4204 959 4253 adversus
984 4203 1203 4253 Mithridaten·in
1229 4203 1293 4252 Asia
1316 4210 1460 4250 renovatum

405 4298 526 4345 eontinet.
