3475 5084
471 604 508 655 70
890 602 1021 652 Periocha

428 794 476 845 Cn.
502 795 639 858 Pompeius
661 795 751 857 Magni
776 797 844 847 iilius
873 800 899 847 in
922 799 1047 862 Hispania
1074 800 1211 849 contractis
1234 800 1345 861 viribus,
1376 813 1477 861 quarum

427 888 547 936 ducatum
568 902 615 936 nec
627 888 751 937 Afranius
771 905 817 938 nec
835 892 951 941 Petreius
967 893 1083 954 excipere
1101 892 1229 951 volebant,
1247 892 1346 940 bellum
1366 892 1479 940 adversus

431 979 556 1029 Gaesarem
575 982 715 1032 renovavit,
753 983 900 1033 Pharnaces
918 983 1075 1033 Mithridatis
1094 982 1169 1041 filius,
1189 997 1235 1031 rex
1253 983 1338 1041 Ponti,
1359 985 1415 1031 siue
1432 983 1481 1031 ulla

426 1072 489 1121 belli
507 1087 578 1120 mora
596 1074 677 1123 victus
695 1082 743 1125 est.
787 1075 873 1135 Quum
895 1078 1034 1125 seditiones
1053 1076 1140 1125 Romae
1158 1092 1173 1123 a
1190 1076 1220 1123 P.
1239 1076 1381 1124 Dolabella
1398 1084 1428 1123 tr.
1449 1074 1482 1138 pl.

427 1164 509 1227 legem
528 1164 624 1215 terente
647 1167 679 1215 de
702 1168 774 1217 novis
797 1168 893 1216 tabulis
914 1168 1030 1217 excitata
1053 1177 1138 1221 essent
1163 1176 1188 1215 et
1211 1181 1246 1215 ex
1266 1184 1297 1217 ea
1317 1184 1396 1217 causa
1414 1168 1484 1231 plebs

427 1257 638 1318 tumultuaretur,
661 1260 772 1310 inductis
790 1276 805 1308 a
823 1259 859 1309 tt.
879 1260 995 1309 Antonio
1015 1261 1136 1322 magistro
1154 1260 1265 1322 equitum
1284 1259 1311 1306 iu
1331 1260 1421 1306 urbem
1440 1260 1485 1306 mi·
1559 1244 1560 1259 ³

426 1351 514 1399 litibus
539 1352 679 1413 octingenti
704 1353 811 1416 eplebe
834 1354 891 1400 caesi
916 1361 983 1401 sunt.
1020 1351 1106 1401 Caesar
1127 1353 1253 1400 veteranis
1279 1366 1338 1399 cum
1363 1352 1486 1400 seditione

426 1442 573 1491 missionem
593 1444 782 1512 postulantibus
800 1446 878 1506 dedit,
903 1453 927 1493 et
945 1458 1022 1507 quum
1044 1444 1070 1491 iu
1089 1443 1203 1493 Africam
1223 1444 1374 1503 traiecisset,
1401 1454 1487 1493 contra

426 1536 513 1599 copias
532 1534 603 1583 lube
621 1538 688 1600 regis
706 1552 764 1587 rum
783 1536 929 1586 discrimine
948 1551 1040 1597 magno
1060 1536 1188 1599 pugnavit

780 1616 793 1641 S

830 1674 878 1722 EX
898 1673 964 1723 LIB.
986 1674 1081 1732 CXIV,

664 1762 724 1823 QUI
742 1764 810 1816 EST
827 1767 933 1817 BELLl
952 1765 1083 1817 ClVlLIS
1103 1764 1248 1816 SEXTUS.

495 1876 597 1926 Bellum
620 1880 647 1927 in
665 1880 739 1943 Syria
760 1879 877 1930 Caecilius
895 1881 991 1931 Bassus
1019 1896 1096 1945 eques
1119 1881 1251 1929 Romanus
1269 1879 1489 1943 Pompeianarum

425 1968 536 2033 partium
562 1972 696 2030 excitavit,
723 1973 812 2021 relicto
838 1990 854 2022 a
876 1974 976 2037 legione
1005 1975 1062 2025 Sex.
1088 1972 1203 2032 Caesare,
1238 1987 1295 2037 qum
1320 1975 1355 2021 ad
1380 1974 1488 2021 Bassum

425 2063 572 2121 transierat,
599 2065 735 2126 occisoque
759 2080 797 2113 co.
842 2065 927 2114 Caesar
948 2066 1091 2130 Scipionem
1111 2076 1243 2129 pretorem
1262 2066 1412 2128 Iubamque
1435 2066 1490 2113 vicit

425 2156 459 2202 ad
478 2154 618 2219 Thapsum,
638 2157 727 2206 castris
745 2173 833 2207 eorum
853 2161 1012 2221 expugnatis.
1048 2157 1113 2209 (into
1131 2159 1220 2207 audita
1238 2173 1265 2206 re
1283 2172 1367 2219 quum
1387 2172 1416 2206 se
1436 2172 1506 2235 ρετ-ι
1560 2170 1561 2231 q

427 2248 546 2295 cussiaset
565 2247 647 2296 Uticae
665 2258 690 2296 et
707 2250 889 2298 interveniente
907 2251 959 2299 filio
978 2262 1115 2310 curaretur,
1140 2253 1205 2299 inter
1227 2252 1309 2315 ipsam
1330 2252 1489 2299 curationem

426 2339 533 2389 rescisso
551 2340 656 2390 vulnere
675 2343 812 2404 exspiravit
837 2343 1005 2391 annoaetatis
1025 2344 1333 2407 duodequinquagesimo.
1374 2342 1490 2391 Petreius

425 2428 515 2480 Iubam
535 2447 612 2494 seque
631 2433 766 2483 interfecit.
800 2433 830 2482 P.
844 2434 930 2498 Scipio
949 2436 973 2482 in
993 2450 1056 2483 nave
1075 2436 1261 2483 circumventus
1280 2434 1401 2483 honestae
1418 2435 1490 2482 morti

425 2539 512 2574 vocem
527 2524 647 2575 narratam
662 2527 764 2576 adiecit.
805 2525 981 2586 Querentibus
998 2529 1063 2575 enim
1078 2530 1256 2591 imperatorem
1271 2527 1396 2576 hostibus
1415 2526 1490 2574 dixit:

427 2615 585 2679 „Imperator
603 2632 629 2666 se
647 2619 713 2666 bene
738 2619 840 2671 habet.”
878 2620 989 2669 Faustus
1015 2629 1039 2668 et
1056 2620 1176 2669 Afranius
1195 2620 1285 2679 occisi;
1307 2608 1422 2670 Catonis
1440 2620 1489 2668 filio

426 2709 498 2755 venia
520 2710 587 2759 data.
632 2710 727 2761 Brutus
752 2713 852 2774 legatus
872 2708 980 2759 Caesaris
1003 2712 1030 2759 iu
1051 2710 1136 2760 Gallia
1154 2711 1311 2761 Bellovacos
1333 2713 1489 2762 rebellantes

425 2800 515 2863 prelio
533 2802 601 2851 vicit.

831 2914 881 2964 EX
899 2916 967 2966 LIB.
990 2915 1071 2975 CXV,

642 3007 703 3068 Qut
721 3008 787 3058 EST
807 3008 938 3059 01v1L1s
957 3007 1062 3058 BELLI
1080 3006 1264 3058 SEPTIMUS·

493 3121 579 3171 Cesar
594 3129 713 3186 quattuor
731 3122 874 3185 triumphos
893 3125 977 3183 duxit,
994 3138 1026 3171 ex
1047 3122 1141 3183 Gallia,
1160 3138 1193 3172 ex
1210 3124 1337 3187 AEgypto,
1359 3137 1395 3171 ex
1406 3122 1488 3170 Ponto

424 3221 451 3263 et
470 3213 572 3276 Africa3
595 3216 698 3279 epulum
722 3223 748 3262 et
775 3216 858 3264 omnis
885 3217 984 3277 generis
1007 3217 1153 3279 spectacula
1180 3218 1259 3266 dedit.
1303 3218 1340 3265 tt.
1364 3215 1489 3265 Marcello

426 3307 552 3356 consulari
572 3319 662 3358 senatu
687 3316 792 3370 rogante
816 3309 926 3356 reditum
952 3308 1088 3367 concessit3
1116 3324 1166 3371 quo
1192 3309 1316 3358 beneficio
1341 3310 1401 3358 eius
1422 3309 1489 3356 Mar·

426 3377 512 3448 cellas¹
532 3399 583 3448 frui
609 3416 660 3449 nou
690 3402 784 3464 potuit,
816 3416 831 3448 a
856 3398 904 3449 Gn.
930 3399 1018 3463 Magio
1049 3401 1141 3449 cliente
1160 3398 1215 3449 'suo
1235 3402 1348 3451 Athenis
1379 3404 1488 3451 occisus.

425 3492 568 3543 Recensum
588 3494 652 3555 egit,
681 3508 731 3556 quo
754 3507 833 3541 censa
854 3499 915 3541 sunt
937 3493 1029 3540 civium
1049 3494 1133 3557 capita
1151 3479 1203 3544 GE.
1246 3493 1440 3558 Profectusque
1465 3494 1489 3542 iu

426 3585 576 3647 Hispaniam
603 3587 724 3634 adversus
748 3583 796 3635 Cn.
820 3584 987 3649 Pompeium,
1020 3585 1106 3633 multis
1133 3586 1249 3645 utrinque
1277 3589 1488 3649 expeditionibus

427 3674 501 3725 factis
526 3688 553 3725 et
576 3678 674 3740 aliquot
692 3679 796 3726 urbibus
818 3677 984 3740 expugnatis,
1013 3690 1139 3725 sumntum
1161 3674 1291 3725 victoriam
1313 3693 1373 3727 cum
1393 3696 1489 3743 magno

426 3769 570 3819 discrimine
588 3772 620 3819 ad
636 3770 759 3819 Mundam
779 3771 866 3818 urbem
887 3780 1037 3819 consecutus
1057 3776 1104 3817 est.
1147 3767 1285 3831 Pompeius
1307 3768 1370 3819 Sex.
1389 3770 1487 3835 effugit

605 3947 608 3951 s
829 3904 1080 3965 mmmmm

649 3996 708 4057 Qur
726 3979 797 4050 ΕΜ
813 3998 943 4049 crvrnrs
964 3998 1067 4049 suum
1087 3996 1263 4049 ocusvus.

499 4110 585 4161 Cesar
608 4128 640 4161 ex
659 4114 783 4177 Hispania
807 4115 922 4176 quintum
950 4116 1104 4179 triumphum
1132 4114 1196 4176 egit;
1224 4122 1250 4161 et
1274 4126 1354 4175 quum
1385 4114 1486 4177 plurimi

427 4205 580 4268 maximique
604 4206 713 4254 honores
738 4221 754 4253 a
777 4216 868 4254 senatu
894 4209 988 4256 decreti
1013 4214 1112 4263 essent,
1143 4204 1209 4253 inter
1233 4219 1310 4265 quos,
1340 4213 1370 4253 ut
1395 4220 1485 4270 pareus

426 4297 515 4361 patriae
542 4298 712 4362 appellaretur
735 4306 762 4346 ct
788 4310 963 4349 sacrosanctus
992 4314 1022 4347 ac
1046 4300 1155 4346 dictator
1181 4297 1208 4345 in
1232 4308 1388 4360 perpetuum
1413 4306 1484 4357 esset,

425 4388 527 4436 iuvidim
550 4391 673 4440 adversus
690 4406 748 4440 eam
767 4406 869 4441 causam
894 4394 1046 4456 praestitero,
1072 4392 1140 4453 quod
1163 4392 1263 4441 senatui
1289 4390 1417 4441 deferenti
1440 4392 1484 4441 bus

729 4668 735 4679 ¹
755 4664 765 4690 b
