3475 5084
499 483 556 539 100
761 477 840 529 Liber
857 476 942 543 xnu.
980 476 1028 541 (Δ.
1048 490 1074 525 u.
1095 488 1116 525 o.
1138 476 1212 541 58³.)

453 673 610 740 postquam
631 662 662 719 in
683 662 893 719 Athamaniam
919 670 964 719 est
992 666 1208 735 transgressus,
1241 661 1338 736 asperi
1364 678 1400 718 ac
1430 679 1516 736 propo

453 768 524 826 invii
546 768 611 838 soll,
632 786 697 824 cnm
720 766 830 841 ingenti
852 765 1024 835 difficultate
1046 766 1145 841 parvis
1165 765 1318 824 itineribus
1339 785 1416 841 aegro
1430 765 1516 825 Gom-

414 876 431 931 ³
455 875 529 949 phos
550 872 690 948 pervenit.
737 870 857 957 Cui‘si,
891 872 1005 929 vexatis
1027 871 1191 928 hominibus
1213 872 1368 947 equisque,
1401 872 1516 929 tironem

454 952 612 1037 eaeroitum
635 977 763 1047 ducenti,¹
782 977 846 1033 acie
867 977 1007 1033 instructa
1028 983 1057 1031 et
1077 974 1143 1033 loeo
1165 995 1219 1034 suo
1231 985 1260 1033 et
1282 987 1414 1053 tempore
1434 977 1516 1033 obsti·

454 1086 536 1141 tisset
556 1103 624 1152 rex,
645 1101 682 1139 ne
697 1082 824 1140 Romani
846 1082 962 1156 quidem
986 1081 1125 1151 abnuunt,
1148 1100 1256 1156 magna
1277 1101 1332 1139 sua
1354 1102 1420 1140 cum
1442 1082 1516 1139 clade

415 1186 544 1247 afuisse
566 1197 754 1262 pugnaturos.
813 1188 975 1260 Postquam
998 1184 1152 1261 Gomphos
1183 1189 1256 1245 sine'
1275 1188 1434 1245 certamine
1453 1206 1516 1243 ven-

455 1303 515 1351 tum
538 1302 591 1362 est,
613 1303 718 1367 preter
738 1292 877 1370 gaudium
899 1291 1055 1367 periculosi
1073 1292 1164 1349 saltus
1182 1293 1321 1367 superati,
1342 1302 1517 1369 contemptus

456 1418 573 1474 quoqne
594 1399 738 1468 hostium,
771 1398 845 1454 adeo
873 1398 1069 1474 ignorantium
1102 1388 1335 1471 opportunitates
1358 1416 1443 1469 suas,
1475 1418 1517 1457 ac·

416 1510 433 1563 5
456 1504 550 1563 cessit.
594 1503 744 1563 Sacrificio
766 1503 822 1560 rite
843 1501 990 1577 perfecto,
1012 1501 1122 1571 consul,
1143 1510 1172 1558 et
1193 1501 1338 1560 frumento
1358 1504 1428 1561 dato
1450 1504 1518 1561 mili-

455 1610 550 1679 tibus,
584 1628 695 1684 paocos
725 1610 764 1665 ad
798 1607 927 1682 requiem
950 1607 1141 1665 iumentorum
1164 1607 1373 1682 hominumque
1396 1618 1517 1666 moratus

456 1715 534 1786 dies,
568 1733 632 1771 oum
662 1714 777 1771 audiret
806 1712 910 1787 vagari
933 1712 1112 1768 Macedonas
1134 1708 1242 1770 effusos
1264 1731 1317 1786 per
1338 1714 1517 1771 Thessaliam

455 1819 624 1893 vastarique
645 1820 790 1876 sociorum
814 1835 912 1893 agros,
934 1816 1006 1872 satis
1024 1816 1084 1873 iam
1105 1816 1245 1875 refectum
1268 1818 1389 1875 militem
1412 1820 1449 1876 ad
1465 1820 1518 1876 La·

416 1928 433 1982 6
455 1922 545 1979 risam
566 1904 653 1981 ducit
700 1924 773 1981 Inde
794 1941 859 1980 cum
882 1922 939 1979 tria
960 1920 1040 1978 milia
1061 1921 1153 1979 ferme
1175 1924 1298 1994 abesset,
1321 1925 1358 1980 ad
1382 1925 1519 2001 Tripolim

356 2075 359 2079 Δ
419 2034 435 2087 7
460 2027 586 2103 (Scaeam
607 2027 737 2103 vocant)
765 2047 853 2104 super
876 2029 1006 2085 Peneum
1037 2046 1151 2085 amnem
1179 2030 1277 2103 posuit
1302 2038 1410 2086 eastra.
1467 2031 1519 2087 Per

456 2133 532 2190 idem
567 2143 681 2209 tempus
711 2136 858 2193 Eumenes
889 2133 927 2188 ad
956 2131 1124 2189 Chalcidem
1156 2134 1281 2191 navibus
1308 2135 1434 2192 accessit
1461 2154 1518 2193 cum

457 2239 560 2297 Attalo
583 2239 680 2313 adque
703 2242 844 2297 Athenaeo
865 2238 1015 2306 iratribus,
1037 2238 1193 2297 Philetaero
1215 2239 1306 2297 fratre
1327 2240 1430 2297 relicto
1453 2243 1519 2298 Per·

456 2344 536 2420 gami
562 2344 600 2401 ad
633 2346 753 2425 tutelam
783 2345 874 2419 regni.
935 2342 1073 2401 Chalcide
1103 2362 1168 2401 cum
1190 2345 1294 2401 Attalo
1327 2353 1356 2401 et
1389 2355 1520 2419 quattuor

307 2463 318 2525 J
416 2448 434 2503 8
457 2450 572 2506 milibus
591 2450 740 2522 peditum,
772 2449 850 2505 mille
872 2448 999 2523 equitum
1027 2448 1065 2505 ad
1086 2449 1233 2507 consulem
1258 2450 1354 2520 venit;
1387 2449 1519 2507 Chalcide

454 2556 556 2612 relicta
577 2555 635 2611 duo
665 2555 745 2611 milia
771 2554 917 2628 peditum,
944 2554 1048 2627 quibus
1069 2556 1228 2612 Athenaeus
1255 2557 1439 2632 praepositus.
1486 2557 1519 2614 Et

456 2660 515 2715 alia
538 2660 640 2716 eodem
663 2660 773 2716 auxilia
793 2659 936 2716 Romanis
959 2676 995 2715 ex
1021 2660 1154 2716 omnibus
1178 2660 1305 2733 undique
1327 2661 1451 2721 Graeciae
1475 2680 1518 2736 pc

455 2762 531 2838 pulis
553 2773 758 2833 convenerunt,
778 2782 901 2838 qnorum
924 2764 1064 2838 pleraque
1087 2765 1175 2837 (adeo
1197 2767 1398 2843 parvaerant)
1422 2768 1451 2825 in
1475 2768 1518 2823 oh·

415 2872 433 2927 9
455 2867 593 2924 livionem
618 2869 752 2924 adducta.
787 2867 994 2942 ·Apolloniatae
1015 2878 1159 2927 trecentos
1184 2871 1312 2945 equites,
1336 2882 1452 2930 centum
1476 2891 1519 2947 pe·

455 2972 529 3029 dites
552 2974 700 3034 miserunt.
742 2973 913 3029 AEtolornm
935 2974 989 3031 alae
1010 2968 1094 3032 unius
1115 2976 1215 3045 instar,
1238 2986 1378 3050 quantum
1403 2980 1441 3036 ab
1462 2986 1519 3035 tota

397 3079 432 3135 10
454 3088 541 3153 gente
557 3078 685 3154 equitum
698 3089 829 3149 venerat,
851 3090 881 3135 et
892 3079 1118 3150 Thessalorum,
1139 3099 1255 3154 quorum
1267 3082 1360 3139 omnis
1379 3085 1518 3158 equitatus

455 3195 588 3260 speratus
618 3193 697 3254 erat,
727 3203 787 3240 non
814 3186 880 3260 plus
904 3203 991 3259 quam
1016 3182 1091 3243 COO
1119 3195 1202 3243 erant
1222 3187 1333 3261 equites
1360 3188 1393 3251 in
1423 3189 1519 3248 castris

455 3412 481 3473 2,
501 3419 515 3460 2
535 3412 712 3461 achamaniam
723 3410 727 3477 1
738 3410 834 3473 asperis
862 3415 878 3458 3
898 3409 1216 3476 inuisolisldifficultatem
1227 3410 1230 3477 Ι
1241 3426 1302 3475 egre
1321 3428 1429 3477 compos
1465 3416 1516 3476 3‚l

454 3498 603 3547 hominibus
630 3507 656 3545 et
673 3498 781 3559 quisque
818 3500 878 3544 tet
895 3496 954 3544 loca
972 3511 1019 3545 sua
1055 3498 1158 3546 tuisse
1178 3509 1338 3562 pugnaturos
1381 3500 1519 3560 4,1con-

455 3598 504 3648 pos
552 3584 731 3647 apericuloso
747 3584 752 3647 Ι
768 3590 903 3632 contentus
947 3582 1099 3632 3hostium
1119 3585 1152 3632 ad
1171 3598 1219 3647 ego
1238 3586 1415 3649 ignorantium
1467 3588 1518 3647 5,3

457 3685 539 3736 effuso
557 3702 603 3751 per
621 3688 745 3737 thessalia
789 3687 847 3747 6‚l
875 3687 966 3735 adesse
981 3684 987 3751 1
1003 3668 1028 3737 ai
1046 3688 1131 3752 tripoli
1154 3686 1235 3738 Gron:
1259 3689 1325 3752 (Em.
1345 3690 1410 3741 540.
1450 3692 1517 3757 (ἶφι.

455 3773 536 3834 Inde,
557 3789 615 3823 cum
635 3801 669 3812 -
688 3775 789 3823 abesset
813 3789 829 3821 a
846 3772 959 3837 Tripoli)
996 3780 1011 3823 2
1033 3788 1120 3823 sesam
1136 3775 1141 3837 Ι
1157 3790 1273 3838 paeneum
1317 3776 1342 3837 7,
1362 3784 1377 3826 2
1398 3780 1520 3829 ealcidem

456 3915 580 3964 8adtalo
595 3915 599 3976 Ι
616 3915 726 3964 atheneo
741 3912 746 3978 Ι
761 3912 889 3977 philatero
930 3862 1079 3962 ladtiil'em
1095 3914 1100 3976 l
1116 3915 1232 3964 calchide
1268 3914 1445 3982 (Gryn.1nde
1473 3918 1518 3980 Cfr.

455 3998 512 4051 Em.
532 3999 589 4050 540
607 4001 646 4063 n.)
695 4000 724 4059 8,
752 4005 762 4047 1
789 3998 905 4048 calchide
947 4004 961 4047 2
989 4000 1113 4050 atheneus
1134 4010 1227 4066 praetor
1248 4005 1402 4067 prepositus
1429 4008 1482 4055 alia
1499 4012 1521 4054 et

456 4088 546 4136 eodem
583 4087 685 4135 tadeo
703 4093 842 4149 paruerunt
872 4086 897 4145 9,
919 4091 930 4134 l
952 4087 1110 4149 apolloniam
1144 4094 1230 4153 tsqq.
1249 4090 1383 4140 aetolorum
1404 4094 1473 4141 male
1491 4116 1519 4129 -

455 4180 580 4237 quantum
608 4173 642 4222 ad
667 4179 721 4221 tota
745 4180 822 4234 gente
849 4172 961 4237 equitem
987 4181 1042 4222 erat
1065 4183 1188 4223 uenerant
1211 4184 1238 4224 et
1261 4177 1415 4227 tessalornm
1442 4179 1520 4229 omnis

456 4260 585 4321 equitatus
602 4266 799 4322 partnserat-
817 4273 862 4309 cco
881 4268 954 4309 erent
975 4261 1061 4322 adque
1083 4262 1110 4309 in
1132 4263 1220 4312 eastris
1243 4278 1367 4315 romanos
1390 4265 1477 4317 Drok.
1502 4272 1521 4314 et
