3475 5084
475 510 535 567 254
738 508 817 557 Liber
833 508 917 558 XLV.
973 508 1019 572 (Δ.
1039 522 1064 557 ιι.
1084 521 1111 557 c:
1126 507 1199 569 587.)

516 690 638 761 Paulus,
659 691 784 767 benigne
803 690 907 766 legetis
929 690 1065 761 dimissis,
1086 699 1285 765 transgressus
1306 689 1494 766 Strymonem,

435 797 513 856 rnflle
535 814 672 873 passuum
700 797 738 854 eb
758 796 932 872 Amphipoli
961 804 1059 853 castra
1086 794 1192 870 posuit.
1242 795 1316 852 Inde
1344 794 1495 871 profectus,

395 903 549 964 dPellam
578 901 680 976 quinte
710 901 757 959 die
782 902 923 976 pervenit.
975 902 1203 975 Praetergressus
1223 900 1342 971 urbem,
1370 900 1410 957 ad
1432 899 1496 974 Spe·

436 1009 530 1078 loeum,
553 1008 633 1082 quod
655 1017 770 1077 vocent,
794 1007 915 1065 biduum
937 1015 1077 1077 muretus,
1099 1006 1135 1061 P.
1147 1004 1287 1063 Nasicam
1311 1015 1342 1063 et
1358 1004 1396 1079 Q.
1409 1004 1497 1061 Maxi·

437 1131 514 1171 mum
536 1113 627 1172 fllium
649 1131 714 1171 cum
736 1121 821 1188 parte
841 1112 991 1187 copiarum
1010 1111 1049 1167 ad
1067 1109 1288 1185 depopulandos
1305 1110 1435 1186 Illyrios,
1457 1109 1499 1183 qui

437 1220 548 1277 Persea
567 1218 702 1275 iuverant
723 1217 814 1289 bello,
835 1218 923 1288 misit,
944 1216 1038 1274 iussos
1061 1215 1099 1272 ad
1118 1213 1237 1274 Oricum
1259 1216 1317 1273 sibi
1340 1232 1500 1282 occurreret

439 1324 502 1399 ipse
517 1323 639 1399 Epirum
656 1332 766 1397 petens,
788 1322 895 1397 quintis
918 1321 1037 1379 decimis
1059 1322 1161 1379 castris
1182 1322 1383 1379 Passaronem
1406 1338 1500 1395 perve-

356 1424 398 1495 34
438 1429 490 1485 nit.
521 1429 612 1486 Hsud
625 1427 727 1503 procul
746 1427 813 1485 inde
828 1428 916 1486 Anici
937 1436 1035 1483 castre
1050 1428 1179 1485 aberunt.
1222 1427 1273 1485 Ad
1296 1444 1385 1500 quem
1408 1424 1501 1482 litteris

327 1559 334 1579 ι
439 1534 544 1603 missis,
566 1533 694 1607 nequid
716 1533 821 1603 adea,
844 1552 909 1609 quae
930 1534 1041 1602 fierent,
1063 1540 1242 1600 moveretur3
1275 1541 1413 1589 senatum
1437 1548 1502 1605 prae·

439 1636 507 1693 darn
529 1636 613 1711 Epiri
633 1636 812 1709 civitatium,
845 1658 927 1725 quaex
940 1639 977 1696 ad
1006 1640 1117 1698 Persea
1146 1636 1336 1706 deiecissent,
1370 1634 1503 1693 exercitui

399 1742 418 1799 2
440 1743 555 1799 dedisse
575 1759 639 1811 suo,
664 1742 759 1800 missis
780 1744 995 1802 centurionibus
1015 1744 1046 1800 in
1068 1743 1196 1817 singulas
1218 1743 1315 1812 urbes,
1340 1742 1395 1815 qui
1417 1739 1503 1798 sedi·

440 1856 537 1904 cerent
558 1848 597 1903 ad
617 1848 753 1921 praesidie
774 1850 944 1908 deducenda
966 1849 1091 1921 venisse,
1112 1858 1144 1905 ut
1165 1847 1249 1905 liberi
1270 1847 1416 1922 Epiroten,
1440 1846 1504 1903 sicut

440 1951 626 2023 Macedones,
648 1963 752 2025 essent,
774 1956 864 2013 denos
886 1954 1029 2031 principes
1051 1973 1088 2011 ex
1109 1953 1230 2027 singulis
1252 1954 1393 2011 evocavit
1413 1953 1503 2011 civita·

402 2058 418 2114 3
441 2056 527 2113 tibus.
570 2056 683 2129 Quibus
710 2079 774 2120 cum
802 2062 1015 2130 denuntiasset,
1043 2069 1075 2117 ut
1099 2078 1201 2115 eurum
1235 2058 1334 2132 adque
1357 2069 1502 2134 argentum

440 2162 471 2218 in
492 2161 638 2237 publicum
660 2164 853 2239 proferretur,
883 2185 936 2241 per
957 2184 1057 2223 omnes
1080 2164 1211 2221 civitates
1232 2164 1371 2221 cohortes
1398 2163 1504 2221 dimisit

442 2270 522 2325 Ante
552 2268 583 2325 in
610 2269 761 2328 ulteriores
791 2291 879 2346 quam
912 2272 942 2327 in
963 2272 1115 2346 propiores
1144 2269 1277 2327 civitates
1305 2268 1453 2343 profecti,
1480 2277 1505 2325 nt

402 2378 420 2431 4
442 2392 501 2431 uno
523 2374 570 2431 die
593 2374 623 2431 in
645 2394 746 2432 omnes
767 2378 976 2451 perveniretur.
1023 2376 1112 2433 Edita
1133 2374 1255 2435 tribunis
1278 2374 1504 2433 centurionibus·

443 2497 500 2553 que
521 2486 619 2550 erant,
650 2498 715 2555 qum
735 2490 898 2555 agerentur.
950 2482 1041 2539 Mene
1063 2499 1147 2537 omne
1169 2500 1271 2537 eurum
1297 2491 1503 2555 argentumque

441 2585 602 2654 conlatum3
623 2586 697 2641 hore
720 2596 826 2660 quarte
846 2586 959 2661 signum
983 2586 1021 2643 ad
1043 2586 1219 2661 diripiendas
1241 2586 1328 2641 urbes
1351 2584 1456 2641 datum
1470 2590 1504 2639 est

402 2687 419 2740 5
442 2689 595 2758 militibus3
628 2699 767 2764 tenteque
788 2691 888 2766 praede
907 2690 972 2760 fuit,
994 2690 1076 2747 utin
1098 2691 1222 2765 equitem
1245 2690 1445 2765 quadringeni
1465 2689 1505 2744 de·

442 2794 525 2865 nerii,
547 2794 691 2869 peditibus
712 2796 815 2853 duceni
835 2796 1042 2865 dividerentur,
1063 2805 1177 2853 centum
1197 2793 1417 2870 quinquaginta
1437 2793 1505 2852 milis

403 2897 570 2973 beapitum
603 2900 796 2957 humanorum
826 2902 1046 2958 abducerentur.
1099 2900 1178 2959 Muri
1205 2900 1308 2957 deinde
1330 2899 1503 2975 direptarum

442 3003 556 3061 urbium
578 3004 666 3061 diruti
687 3013 768 3074 sunt;
796 3024 832 3062 ea
852 3005 934 3063 fuere
949 3006 1058 3081 oppida
1073 3008 1150 3065 circu
1164 3004 1360 3081 septuaginte.
1383 3004 1504 3063 Vendits

404 3107 420 3161 7
443 3110 543 3184 praeda
570 3109 679 3179 omnis3
711 3110 778 3168 inde
807 3129 843 3168 ea
871 3130 985 3169 summa
1015 3110 1098 3169 militi
1128 3120 1279 3167 numerata
1301 3120 1355 3168 est.
1404 3108 1503 3167 Paulus

444 3214 481 3271 ad
504 3234 588 3273 mere
600 3214 717 3273 Oricum
741 3216 898 3288 descendit,
920 3234 1115 3292 nequequam,
1137 3223 1168 3273 ut
1189 3224 1270 3274 retus
1292 3223 1367 3286 erat,
1391 3213 1503 3290 expletis

445 3502 622 3559 3trymonem
659 3497 727 3545 tab
746 3494 895 3560 empipolim
948 3494 973 3554 8,
991 3500 1006 3542 2
1026 3495 1058 3543 sd
1077 3495 1185 3558 puricum
1204 3494 1287 3545 Potest
1308 3492 1377 3543 locres
1403 3488 1503 3557 appelle·

444 3592 481 3631 tus
499 3599 549 3631 esse
566 3582 672 3632 Peleum
693 3580 845 3649 (Hq'ister).
910 3587 926 3630 4
953 3580 1051 3629 bellum
1069 3583 1138 3631 misit
1154 3584 1239 3633 iussus
1301 3586 1315 3629 b
1341 3590 1503 3646 passurorum

442 3668 576 3728 XXXIV,
613 3669 643 3728 l,
690 3674 701 3717 l
740 3671 846 3718 ederem
883 3668 967 3731 adque
997 3666 1089 3717 litteris
1151 3674 1167 3718 2
1203 3682 1236 3717 ne
1265 3668 1326 3733 quid
1359 3682 1392 3715 ea
1430 3666 1503 3726 suque

404 3804 408 3810 ,
443 3755 516 3805 fieret
552 3760 568 3803 4
591 3764 614 3804 et
630 3755 661 3817 2,
690 3762 701 3804 l
728 3756 828 3805 dedisse
852 3770 914 3805 suos
938 3754 1020 3803 missis
1046 3753 1101 3818 My.
1121 3754 1177 3805 Em,
1200 3754 1250 3805 614
1277 3754 1373 3819 (Grpe.
1400 3753 1503 3801 dedisse:

444 3834 599 3904 summissis)
667 3843 692 3902 3,
714 3846 723 3890 l
747 3842 940 3891 denuntiassent
985 3840 1112 3891 2rohere
1130 3842 1227 3891 dimisit
1269 3842 1330 3890 ttin
1348 3837 1502 3905 proprietatis

444 3928 551 3993 proiecti
565 3928 665 3995 Kreyss.
686 3927 777 3993 (ἂψ.
791 3937 881 3977 tantum
893 3929 920 3976 in
938 3928 1069 3991 propiores
1087 3926 1207 3991 proiecti)
1239 3926 1294 3985 Μ
1314 3942 1390 3976 mene
1409 3938 1500 3975 omnem

443 4030 533 4064 aurum
563 4015 620 4075 5‚1
648 4030 708 4066 cccc
726 4017 811 4064 densri
830 4016 960 4080 peditibus
978 4012 1066 4063 deceni
1099 4019 1242 4063 tuentens
1260 4014 1443 4078 quinquagena
1481 4009 1501 4065 b

444 4105 565 4166 apraeda
584 4104 698 4152 omnium
717 4104 749 4151 de
767 4116 798 4152 ea
816 4100 871 4167 Mp.
891 4101 947 4151 Em.
971 4099 1021 4150 614
1049 4098 1138 4165 (ὕψη.
1166 4102 1253 4164 proede
1274 4101 1401 4160 emnium,
1429 4102 1459 4148 de
1476 4110 1500 4144 ee

445 4214 475 4225 -
495 4197 656 4237 numeratum
675 4188 727 4251 est)
