3475 5084
695 548 752 597 Lib.
772 545 1003 598 CXIX-CXXV.

727 742 777 791 EX
795 744 862 793 LlB.
885 744 978 803 CXXI,
997 772 999 777 ·
1299 772 1301 775 ·

410 830 473 893 QUI
490 832 621 883 EDITUS
639 834 730 885 Post
749 835 937 887 BXCBSSUM
959 836 1112 887 AUGUSTI
1133 834 1284 887 DICITUR.

397 950 426 1001 C.
448 949 560 1007 Cassius,
582 950 621 997 cni
640 952 788 999 mandatum
807 968 823 1000 a
841 960 932 1001 senatu
951 960 1012 1011 erat,
1040 959 1069 1001 ut
1088 952 1247 1001 Dolabellam
1271 952 1372 1001 hostem

321 1042 463 1091 indicatum
481 1042 551 1090 bello
569 1053 769 1107 persequeretur,
794 1045 945 1094 auctoritate
969 1045 1004 1092 rei
1029 1045 1138 1109 publicae
1156 1045 1256 1094 adiutus
1275 1044 1373 1107 Syriam

322 1150 379 1183 cum
398 1136 477 1184 tribus
496 1135 663 1195 exercitibus,
686 1136 731 1199 'qud
755 1137 780 1183 in
807 1137 894 1184 eadem
913 1138 1044 1199 provincia
1063 1144 1146 1200 eraut,
1173 1137 1199 1185 iu
1223 1144 1373 1199 potestatem

322 1242 395 1276 snam
419 1228 529 1289 redegit3
560 1228 722 1277 Dolabellam
748 1230 775 1277 in
798 1230 861 1277 urbe
885 1228 1007 1277 Laudicia
1032 1228 1163 1278 obsessum
1192 1230 1256 1278 mori
1280 1231 1371 1293 coegit.

322 1318 360 1369 M.
381 1335 484 1384 quoque
502 1321 573 1369 Bruti
591 1320 661 1369 iussn
683 1306 711 1369 C.
730 1322 857 1371 Antonius
876 1330 966 1385 eaptus
983 1323 1080 1371 occisus
1098 1330 1145 1370 est.

717 1482 765 1531 ux
783 1482 849 1532 ura.
872 1462 978 1531 exin.

390 1594 427 1645 Μ.
446 1595 541 1644 Brutus
558 1597 679 1645 adversus
700 1596 812 1645 Thracas
834 1593 944 1662 [parum]
965 1608 1084 1658 prospere
1103 1608 1156 1643 rem
1178 1596 1268 1657 gessit,
1291 1596 1373 1644 omui-

321 1687 420 1749 bnsque
445 1689 619 1737 transmarinis
645 1689 779 1752 provinciis
807 1688 1008 1750 exercitibusque
1035 1687 1060 1735 in
1085 1696 1235 1751 potestatem
1266 1689 1320 1736 cius
1348 1696 1373 1735 et

321 1777 353 1829 C.
371 1780 452 1829 Cassii
470 1780 589 1843 redactis,
608 1770 855 1843 coierunt'Smyrnoe
876 1791 981 1844 uterque
1003 1781 1035 1829 ad
1056 1781 1196 1829 ordinanda
1216 1781 1276 1841 belli
1295 1780 1372 1829 laturi

322 1872 436 1927 consilia.
482 1873 519 1922 Μ,
539 1873 666 1922 Messalla
683 1873 845 1922 Publicolam
868 1872 969 1922 fratrem
989 1873 1104 1921 vinctum,
1120 1873 1247 1921 cummuni
1267 1872 1372 1921 consiliu

322 1967 538 2017 condonaverunt.

709 2103 758 2153 EX
775 2104 842 2154 LlB.
864 2104 985 2154 CXXlll.

394 2203 454 2269 Sex.
477 2219 615 2283 Pompeius
639 2219 727 2281 Magni
753 2218 832 2275 lilius,
863 2218 977 2267 collectis
1008 2232 1040 2267 ex
1063 2217 1142 2281 Epiro
1169 2216 1315 2281 proscriptis
1342 2232 1372 2265 ac

321 2293 449 2373 fugitivis,
475 2326 534 2359 cum
555 2312 667 2359 exercitu
686 2313 728 2358 diu
747 2310 801 2359 sine
819 2309 873 2357 nlla
889 2309 939 2357 loci
958 2312 1107 2373 cuiusquam
1131 2311 1290 2375 possessione
1308 2323 1372 2375 prte-

321 2404 396 2451 datus
415 2404 442 2451 in
459 2403 532 2460 mari,
559 2402 706 2451 Messanam
731 2402 852 2465 oppidum
876 2402 901 2449 in
922 2402 1010 2451 Sicilia
1034 2404 1159 2467 primum,
1184 2403 1273 2451 deinde
1291 2410 1372 2450 totam

320 2496 476 2559 provinciam
498 2494 640 2557 occupavit,
658 2494 792 2557 occisoque
809 2493 933 2556 Pompeio
952 2494 1088 2556 Bithynico
1106 2504 1220 2558 pratora,
1241 2492 1271 2552 Q.
1291 2494 1371 2543 Salvi·

319 2588 423 2636 dicnum
442 2588 553 2649 legatum
573 2585 681 2635 Caesaris
699 2586 782 2633 navali
802 2585 892 2648 proelio
912 2587 977 2635 vicit.
1013 2584 1101 2635 Casar
1121 2597 1146 2635 et
1166 2588 1293 2636 Antonius
1313 2600 1370 2633 cum

298 2695 299 2698 ’
319 2680 473 2729 exercitibus
492 2680 518 2727 in
538 2679 661 2727 Graeciam
680 2678 835 2727 traiecerunt
853 2677 947 2725 bellum
962 2679 1082 2727 adversus
1092 2679 1198 2727 Brutum
1219 2676 1370 2727 etCassium

319 2773 426 2834 gesturi.
462 2769 496 2829 Q.
516 2770 665 2820 Cornificius
689 2772 714 2819 in
733 2770 823 2820 Africa
843 2771 873 2820 T.
893 2769 1006 2820 Sextium
1015 2764 1038 2833 ¹)
1065 2770 1243 2821 Cassianarum
1262 2772 1370 2837 partium

319 2866 411 2913 ducem
430 2864 520 2928 proelio
537 2864 607 2914 vicit.

705 3002 754 3050 llX
772 3001 840 3050 LlB.
861 2998 984 3053 CXXIV.

392 3114 421 3166 C.
434 3114 520 3164 Coeear
532 3122 557 3163 et
567 3115 698 3164 Antonius
713 3116 778 3179 apud
792 3114 924 3177 Philippos
940 3116 1010 3163 vario
1025 3123 1116 3163 ereutu
1131 3094 1250 3185 adversus
1263 3112 1371 3159 Brutum

319 3214 345 3257 et
363 3204 480 3255 Caesium
499 3218 675 3271 pugnaverunt
692 3207 741 3265 ita,
770 3215 798 3254 ut
824 3208 915 3254 dextra
933 3208 1062 3269 utriusque
1085 3222 1182 3255 cornua
1200 3206 1330 3252 vincerent
1347 3212 1372 3251 et

320 3306 404 3346 castra
421 3312 522 3361 quoque
541 3300 658 3361 utrinque
678 3300 710 3347 ab
730 3301 775 3363 eis,
797 3300 838 3363 qui
857 3300 977 3358 uicerant,
998 3306 1213 3363 expugnarentur.
1251 3298 1300 3347 Sed
1311 3297 1371 3343 inae·

319 3389 421 3453 qualem
440 3388 567 3438 fortunam
588 3392 697 3456 partium
722 3406 789 3439 mors
808 3389 889 3439 Cassii
915 3390 989 3453 lecit,
1018 3391 1061 3455 qni
1085 3380 1164 3455 aurum
1189 3391 1215 3437 in
1240 3403 1269 3437 co
1294 3402 1371 3437 cornu

319 3480 420 3542 luisset,
439 3483 506 3545 qnod
526 3484 626 3547 pulsum
647 3492 709 3545 erat,
729 3491 809 3531 totum
829 3484 967 3531 exercitum
987 3482 1070 3531 lusum
1096 3492 1165 3530 ratus
1185 3491 1292 3530 mortem
1312 3494 1372 3529 con·

320 3574 402 3626 scivit.
438 3573 528 3623 Altera
545 3576 635 3623 deinde
652 3577 705 3623 acie
722 3576 802 3623 vietus
822 3576 859 3627 M.
872 3576 966 3650 Brutus
984 3585 1009 3624 et
1023 3558 1162 3640 ipsevitam
1173 3574 1246 3633 finiit,
1266 3584 1371 3621 exorato

222 3707 225 3713 .
319 3663 439 3713 Stratone
452 3664 520 3726 luga
533 3667 635 3725 comite,
654 3677 682 3714 ut
701 3666 748 3715 sibi
767 3666 881 3727 gladium
901 3668 1029 3729 adigeret3
1048 3682 1172 3716 annorum
1190 3674 1265 3715 erata
1288 3684 1300 3711 ι
1324 3666 1371 3714 cir·
1406 3678 1416 3697 t

320 3757 384 3807 citer
400 3758 457 3818 XL,
476 3759 542 3807 iuter
559 3775 622 3823 quos
641 3758 672 3818 Q.
694 3759 844 3808 Hortensius
862 3760 961 3808 occisus
979 3768 1027 3811 est.

715 3920 763 3969 EX
781 3920 848 3972 LIB.
869 3920 977 3970 CXXV.

392 4031 483 4096 Caesar,
502 4034 592 4081 relicto
611 4042 680 4082 treus
700 4049 768 4082 mare
784 4035 907 4097 Antonio,
927 4036 967 4085 cui
983 4034 1118 4098 provincia
1137 4049 1167 4082 ea
1184 4043 1255 4096 parte
1274 4034 1370 4096 imperii

319 4124 409 4187 posita
428 4134 564 4184 cesserant,
583 4140 697 4174 reversus
715 4125 853 4175 inItaliam
871 4127 997 4175 veteranis
1011 4142 1085 4189 agros
1100 4125 1194 4176 divisit.
1231 4124 1371 4175 seditiones
1404 4116 1406 4120 Α

349 4343 370 4397 ¹)
385 4346 410 4397 Q.
425 4346 559 4387 Cornificium
569 4374 573 4385 .
583 4374 603 4385 ..
625 4347 650 4385 Τ.
663 4346 748 4387 texum
761 4350 798 4389 llic
814 4360 834 4390 st
847 4351 963 4399 Appianas.
