3475 5084
543 487 621 572 uun
638 524 724 574 xuu.
764 525 809 585 (n.
829 492 892 575 curss
914 527 985 592 ιη.)
1220 534 1257 589 as

243 712 277 767 ab
296 709 416 768 Rhodiis
437 717 569 784 speraret
590 717 641 767 aut
662 718 774 785 peteret
793 730 861 783 rex,
885 710 963 786 quod
985 721 1110 769 veterem
1134 712 1301 783 amicitiam,

242 816 333 874 multis
353 814 524 889 magnisque
538 816 648 872 meritis
669 832 742 889 pace
762 816 898 891 belloque
916 826 1042 892 partam,
1063 819 1225 893 diiungeret
1245 819 1301 876 sibi
1406 810 1413 819 ’

243 940 272 979 ac
292 920 441 979 Romanis.
483 920 533 977 Ab
555 921 661 978 Rhodo
686 922 839 979 redeuntes
866 922 989 980 Boeotiae
1016 942 1132 998 quoque
1158 924 1299 993 civitates,
1323 928 1338 981 7

241 1028 353 1085 Thebas
371 1035 400 1083 et
415 1024 579 1084 Coroneam
595 1035 624 1082 et
641 1026 818 1095 Haliartum,
841 1028 983 1097 adierunt,
1005 1028 1109 1102 quibus
1131 1046 1299 1103 expressum

240 1132 331 1187 invitis
349 1130 585 1201 existimabatur,
607 1140 653 1201 ut,
674 1131 776 1188 relicta
799 1132 881 1206 regia
903 1131 1056 1202 societate,
1086 1133 1227 1190 Romanis
1249 1134 1300 1189 ad·

240 1237 428 1310 iungerentur.
472 1236 607 1292 Thebani
628 1235 699 1292 nihil
724 1236 794 1292 moti
816 1244 899 1304 sunt,
922 1254 1099 1311 quamquam
1122 1238 1251 1295 nonnihil
1273 1248 1302 1295 at
1324 1242 1340 1297 8

240 1343 378 1399 damnatis
399 1341 578 1416 principibus
600 1349 629 1397 et
648 1340 788 1397 restitutis
810 1342 943 1399 exulibus
969 1344 1177 1399 succensebant
1191 1345 1300 1401 Romn-

239 1449 288 1504 nis.
331 1446 467 1505 Coronaei
488 1456 517 1502 et
537 1446 685 1516 Haliartii,
708 1445 812 1502 favore
834 1448 961 1519 quodum
983 1447 1069 1504 insito
1091 1447 1120 1504 in
1144 1466 1237 1522 reges,
1259 1447 1300 1504 la·
1323 1451 1340 1505 9

239 1560 317 1627 gatos
339 1553 369 1609 in
401 1551 606 1609 Macedoniam
635 1550 791 1620 miserunt,
819 1551 984 1625 praesidium
1016 1562 1162 1628 petentes,
1190 1573 1248 1629 qno
1270 1572 1301 1611 se

239 1658 374 1715 adversus
411 1658 589 1732 inpotentem
619 1656 785 1730 snperbiam
821 1655 1030 1714 Thebanorum
1070 1660 1143 1716 tueri
1180 1660 1301 1735 possint.

239 1760 288 1819 Cui
315 1762 456 1837 legationi
485 1780 656 1835 responsum
685 1762 722 1817 ab
752 1778 821 1835 rege
846 1770 905 1831 est,
932 1762 1096 1837 praesidium
1127 1781 1157 1821 se
1184 1772 1302 1839 propter
1328 1764 1362 1815 10

238 1866 359 1924 indutias
390 1885 455 1924 cum
484 1866 626 1923 Romanis
656 1864 751 1922 factas
779 1866 892 1923 mittere
922 1885 980 1924 non
1007 1886 1109 1942 posss3
1137 1878 1233 1925 tamen
1260 1868 1303 1925 ita

239 1973 356 2029 suadere
377 1972 416 2028 ab
430 1971 639 2028 Thebanorum
658 1970 779 2042 iniuriis,
794 1990 853 2045 qua
867 1981 995 2046 possent,
1017 1982 1100 2030 utne
1115 1974 1303 2043 vindicarent,

239 2096 272 2134 ne
290 2078 434 2136 Romanis
456 2078 618 2151 praebereut
639 2094 759 2133 causam
780 2076 810 2133 in
832 2095 866 2133 se
888 2078 1033 2135 saeviendi.

315 2182 448 2241 Marcius
471 2190 499 2239 at
520 2156 630 2239 Atilius
650 2183 775 2239 Romam
798 2200 863 2238 cum
886 2183 1047 2253 venissent,
1077 2182 1250 2257 legationem
1273 2183 1302 2238 iu
1344 2176 1385 2249 47

240 2285 383 2362 Capitolio
404 2288 446 2344 ita
466 2288 676 2356 renuntiarunt,
698 2295 730 2343 ut
750 2286 830 2343 nulla
844 2306 877 2343 re
893 2288 986 2362 magis
1005 2288 1200 2361 gloriarentur
1214 2305 1302 2361 quam

241 2394 355 2469 decepto
387 2412 440 2468 per
464 2394 592 2449 indutias
621 2401 650 2447 et
678 2408 759 2465 spem
781 2391 862 2466 pacis
884 2410 962 2466 rege.
1005 2394 1091 2450 Adeo
1113 2394 1188 2449 enim
1211 2411 1302 2467 appa·
1327 2397 1342 2449 2

240 2499 345 2557 ratibus
370 2499 439 2555 belli
461 2497 550 2554 fuisse
567 2499 749 2566 instructum,
770 2496 841 2571 ipsis
863 2498 943 2553 nulla
964 2510 1068 2572 parata
1090 2518 1131 2569 re,
1153 2506 1185 2554 ut
1206 2498 1303 2554 omnia

241 2613 402 2679 opportuna
416 2605 481 2660 loca
495 2602 693 2679 praeoccupari
716 2611 783 2658 ante
805 2602 843 2658 ab
863 2622 898 2659 eo
915 2603 1069 2677 potuerint,
1092 2622 1179 2678 quam
1195 2603 1304 2660 exerei-

240 2718 281 2766 tus
303 2710 331 2767 in
347 2708 495 2768 Graeciam
517 2708 696 2765 traiceretur.
741 2707 845 2781 Spatio
868 2718 966 2765 autem
981 2708 1157 2765 indutiarum
1179 2716 1305 2782 sumpto,
1328 2714 1344 2766 3
1408 2686 1411 2693 Ι

242 2832 325 2872 tecum
358 2823 526 2890 uenturum3
553 2812 632 2868 illum
662 2811 753 2868 nihilo
774 2812 967 2887 paratiorem,
994 2816 1144 2872 Romanos
1173 2813 1306 2869 omnibus

241 2917 434 2976 instructiores
464 2921 551 2976 rebus
583 2926 729 2993 coepturos
754 2917 875 2978 bellum.
926 2919 1097 2976 Boeotorum
1130 2936 1247 2993 quoque
1275 2936 1306 2975 se

243 3023 389 3080 concilium
416 3034 479 3081 arte
500 3024 684 3093 distraxisse,
712 3041 750 3080 ne
772 3023 908 3097 coniungi
930 3024 1054 3099 amplius
1076 3024 1135 3080 nllo
1165 3042 1306 3081 consensu

242 3125 449 3207 Macedonibus
479 3137 606 3204 possent.
656 3129 729 3185 Haec
760 3113 797 3187 ut
820 3148 934 3186 summa
960 3129 1073 3185 ratione
1102 3138 1168 3186 acta
1198 3146 1305 3203 magna
1329 3132 1345 3183 4

243 3252 306 3307 pars
333 3243 452 3291 senatus
480 3234 676 3308 adprobabat3
706 3243 819 3292 veteres
847 3243 876 3291 et
904 3214 992 3291 moris
1021 3233 1133 3308 antiqui
1163 3246 1305 3290 memores

243 3342 386 3414 negabant
407 3357 439 3396 se
459 3340 489 3396 in
519 3359 553 3397 ea
581 3339 727 3413 legatione
748 3342 898 3398 Romanas
926 3356 1084 3414 agnoscere
1105 3348 1192 3397 artes.
1235 3338 1304 3396 Non
1329 3346 1345 3396 5

244 3462 291 3518 per
310 3446 431 3523 insidias
453 3454 482 3502 et
502 3453 644 3502 nocturna
662 3446 766 3520 proelia
786 3464 840 3502 nec
859 3444 1024 3501 simulatam
1050 3441 1150 3517 fugam
1178 3442 1306 3518 inprovi-

246 3694 269 3753 6,
286 3702 301 3744 2
317 3705 449 3762 separaret
463 3698 469 3759 Ι
484 3699 544 3761 quid
590 3705 606 3747 4
629 3699 662 3748 ab
681 3701 794 3748 romanis
815 3698 870 3763 Mp.
885 3698 941 3747 Em.
958 3696 1015 3747 536
1061 3696 1086 3757 7,
1108 3703 1120 3746 1
1141 3698 1234 3747 boetiae
1249 3696 1254 3759 1
1271 3694 1307 3745 ci·

247 3781 332 3832 nitates
356 3792 381 3832 et
404 3785 495 3834 thebas
514 3784 569 3849 My.
590 3784 606 3834 l.
626 3802 647 3835 c.
703 3793 718 3835 2
744 3800 881 3834 coroneam
902 3784 1104 3833 metallaromam
1124 3784 1242 3832 adierunt
1290 3788 1305 3831 3

246 3867 337 3918 inuitiis
353 3872 358 3931 Ι
374 3871 555 3933 adiungeretur
614 3872 663 3931 8,l
685 3881 744 3921 sunt
756 3879 782 3919 et
800 3886 955 3935 quamquam
970 3870 1033 3918 nihil
1046 3878 1072 3918 et
1120 3870 1144 3930 9,
1167 3877 1177 3918 l
1197 3871 1306 3918 haliarte

248 3952 285 4013 10,
300 3961 311 4005 l
326 3958 360 4005 ad
377 3972 438 4019 rege
471 3956 583 4023 tGryn.
605 3966 691 4007 tamen
709 3960 818 4006 suadere
840 3958 877 4005 ita
906 3958 1119 4006 3adtebanorum
1152 3955 1263 4013 XLVII,
1282 3954 1306 4014 1,

249 4045 352 4105 tqnem
385 4044 410 4105 2,
428 4050 438 4091 l
456 4045 489 4092 ab
507 4060 537 4093 eo
556 4046 622 4093 enirn
658 4038 1308 4109 3,1sumptonaecumuenturumsuammet,

248 4126 288 4174 aad
300 4132 409 4192 sortasse
425 4131 480 4195 suit
500 4132 528 4179 in
551 4146 651 4195 aequum
674 4139 805 4179 venturos.
843 4127 979 4194 Sufflatus
1003 4143 1057 4179 rem
1080 4130 1107 4178 in
1126 4143 1226 4192 aequum
1245 4140 1307 4174 ven·

249 4217 327 4265 turam
349 4222 365 4266 a
384 4218 518 4267 beatorum
547 4223 563 4265 4
582 4218 762 4267 distraxissent
777 4218 782 4279 Ι
798 4218 901 4279 coniugi
936 4216 962 4275 4,
983 4222 997 4264 2
1017 4213 1163 4281 adprobati
1179 4221 1205 4263 at
1223 4224 1308 4291 mpras

250 4303 348 4353 turcas
382 4303 408 4366 ὅ,
427 4310 442 4353 2
461 4312 599 4355 nocturnas
615 4307 620 4367 Ι
635 4319 667 4353 nc
686 4304 832 4353 simulatam
847 4303 854 4366 t
868 4303 1065 4368 inprobieosqua
1128 4325 1131 4333 ·
