3475 5084
562 528 642 577 muer
658 527 742 582 xcv.
771 528 819 588 (s.
833 523 895 575 cur.
916 525 987 588 ιω.)
1199 520 1259 591 245

228 710 432 785 spectaculum
457 711 559 787 Euripi
579 712 774 786 Euheeoeque,
803 722 892 771 tantae
915 711 1016 772 insulse
1037 718 1124 786 ponte
1145 709 1302 769 continenti

227 813 348 885 iunctae,
370 790 550 878 descendit„
575 819 607 875 A
629 816 769 875 Chalcide
787 816 926 875 Aulidem
948 816 1061 886 traicit,
1083 816 1168 873 trium
1191 815 1300 873 milium
1321 818 1341 873 9
1400 830 1402 835 ·

225 920 328 993 spatio
343 920 506 979 distantem
526 930 652 996 portum,
672 922 811 997 inclytum
833 921 959 980 statione
980 920 1127 994 quondam
1151 920 1228 977 mille
1248 938 1301 977 na·

224 1025 309 1081 vium
347 1025 591 1099 Agamemnonis>
625 1027 725 1085 classis
752 1027 916 1100 Dianaque
943 1026 1066 1103 templo,
1102 1026 1151 1083 ubi
1177 1024 1300 1083 navibus

225 1149 349 1190 cursum
372 1132 412 1187 ad
433 1131 574 1201 Troiam,
594 1131 656 1189 filia
678 1131 798 1189 victima
817 1132 877 1187 eris
899 1131 1033 1201 admota,
1055 1150 1108 1188 rex
1129 1129 1177 1185 ille
1197 1146 1299 1202 regum

224 1238 398 1310 hupetrooit.
441 1236 511 1293 luds
525 1236 648 1311 Oropum
658 1236 766 1295 Atticm
785 1246 903 1293 ventum
920 1246 972 1306 est,
996 1236 1044 1293 ubi
1066 1254 1120 1311 pro
1142 1234 1197 1291 deo
1215 1242 1298 1289 vates
1323 1234 1360 1287 tu

224 1340 344 1397 anticus
380 1339 484 1397 colitur
521 1340 719 1415 templumque
743 1351 891 1399 vetustum
921 1351 982 1410 est,
1016 1338 1145 1400 fontibus
1171 1339 1299 1412 rivisque

224 1447 308 1504 circa
330 1464 496 1515 amoenum;
525 1446 662 1505 Athenas
681 1446 767 1513 inde,
798 1446 900 1521 plenas
923 1446 1039 1520 quidem
1063 1454 1092 1503 et
1112 1445 1192 1520 ipsas
1214 1454 1297 1501 vetu·
1324 1442 1356 1497 ll

223 1562 305 1609 state
326 1550 432 1620 famae,
466 1549 559 1607 multa
580 1560 678 1611 tamen
700 1551 822 1608 visenda
843 1552 1000 1621 habentes,
1037 1568 1154 1620 arcem,
1186 1558 1296 1623 portus,

222 1673 328 1713 muros
352 1656 496 1715 Piraeeum
519 1656 585 1713 nrbi
604 1656 767 1730 iungentes,
789 1657 917 1727 navalia,
938 1665 1108 1713 monurnento
1123 1670 1295 1728 magnorum

222 1763 455 1837 imperatorum,
489 1762 648 1821 simulacra
670 1762 790 1819 deorum
812 1763 1022 1836 hominumque
1043 1761 1122 1820 omni
1143 1778 1249 1834 genere
1269 1767 1296 1815 et

221 1869 358 1927 materias
381 1878 410 1925 et
431 1866 536 1925 arduum
557 1868 691 1941 insignis.

312 1971 464 2031 Sacrificio
486 1972 626 2029 Minerva
647 1973 763 2048 prsesidi
791 1974 867 2031 areis
892 1972 923 2033 in
944 1973 1018 2031 urhe
1037 1970 1116 2029 facto
1139 1967 1296 2044 profectus,
1339 1951 1379 2020 28
1485 2020 1487 2025 .

222 2076 401 2137 Corinthum
425 2077 518 2134 altero
539 2076 586 2137 die
607 2079 746 2152 pervenit.
788 2079 869 2162 Urbs
884 2089 947 2137 erat
969 2088 1037 2136 tunc
1058 2076 1207 2153 preclara,
1230 2082 1297 2130 ante
1319 2066 1336 2122 2

222 2182 391 2250 excidium3
412 2200 468 2239 arx
489 2201 607 2257 quoque
628 2194 657 2241 et
677 2185 806 2243 Isthmus
827 2186 978 2259 praebuere
997 2181 1210 2258 spectaculum,
1242 2198 1297 2237 arx

221 2287 302 2343 inter
318 2287 411 2361 plena
432 2288 531 2345 omnia
548 2288 578 2348 iu
599 2274 756 2351 immadem
779 2290 960 2347 altitudinem
983 2288 1070 2357 edita,
1095 2294 1208 2343 scatens
1229 2282 1295 2343 fon:

221 2392 315 2461 tibus,
351 2392 481 2450 Isthmus
513 2394 571 2451 duo
594 2394 703 2464 maria,
735 2396 771 2453 ob
803 2413 908 2453 occasu
931 2402 964 2457 ,et
986 2402 1052 2449 ortu
1073 2392 1143 2449 solis
1164 2390 1294 2459 finitima,
1318 2384 1335 2441 3

222 2498 299 2555 artis
320 2495 456 2553 faucibus
477 2496 623 2555 dirimens.
673 2498 828 2574 Sicyonem
850 2498 917 2558 inde
940 2500 1090 2573 etArgos,
1112 2496 1223 2555 nohile's
1246 2514 1294 2553 ur·

220 2604 295 2674 bes,
318 2603 396 2672 adit3
426 2602 494 2659 iude
513 2603 585 2661 haut
603 2622 705 2678 parem
727 2604 832 2679 opibus
852 2605 1053 2679 Epidaurum,
1085 2602 1136 2660 sed
1158 2601 1294 2674 inclytam

196 2686 384 2783 ⁸AEuculupi
407 2708 497 2767 nobili
521 2709 647 2783 templo,
682 2712 771 2785 quod,
808 2711 936 2785 quinque
958 2710 1074 2769 milibus
1095 2725 1232 2783 passuum
1257 2705 1295 2761 ab

223 2817 300 2873 urbe
322 2814 453 2884 dietam,
486 2832 562 2870 nunc
584 2815 714 2889 vestigiis
735 2815 916 2873 revolsorum
940 2814 1092 2885 donorum,
1128 2823 1188 2871 tum
1211 2811 1295 2868 donis
1335 2822 1339 2867 3

223 2922 309 2979 dives
332 2906 405 2989 erat,
427 2936 493 2993 ques
513 2920 707 2979 remediorum
730 2919 899 2978 salutarium
922 2920 992 2994 agri
1014 2920 1173 2979 mercedem
1196 2936 1295 2977 sacre-

224 3034 336 3083 verant
356 3024 422 3083 deo.
480 3023 554 3081 Inde
574 3024 816 3084 Lacedaemonem
838 3024 914 3095 edit,
945 3042 1005 3081 nou
1034 3033 1154 3099 operum
1182 3023 1333 3098 magni-‚t

221 3210 461 3219 -——--—-——

223 3351 238 3394 5
259 3343 344 3407 euripi
363 3356 470 3407 auoque
488 3349 548 3391 ante
566 3343 659 3392 insula
677 3342 825 3395 Florehellue
844 3343 1030 3408 (Euhcnseque)
1049 3352 1072 3393 et
1087 3342 1171 3395 Weiss.
1190 3342 1292 3407 (mute)

226 3430 230 3495 Ι
250 3437 335 3496 ponte
360 3429 525 3479 conuenienti
542 3429 640 3479 iuristm
659 3431 821 3481 descenditur
864 3431 889 3491 9,
912 3438 921 3481 l
943 3448 958 3481 a
977 3431 1092 3481 calchide
1115 3430 1293 3481 aulidemerat·

223 3519 313 3567 traicit
341 3516 346 3577 Ι
367 3515 475 3565 millium
521 3516 692 3567 tutationem
737 3518 985 3579 sugememnioniae
1010 3517 1015 3583 Ι
1039 3517 1163 3582 templum
1192 3515 1291 3583 Kreysa

223 3622 334 3671 tfiliam
349 3620 490 3670 uictimaris
499 3617 632 3683 admonlts
666 3626 714 3671 eet
723 3619 765 3679 10,
779 3626 790 3668 l
805 3634 891 3682 regern
907 3621 991 3671 attica
1002 3630 1108 3671 neutum
1129 3618 1171 3676 (In
1179 3619 1292 3685 supplem.

222 3707 377 3771 impetravit
389 3706 521 3770 ponimus.
561 3705 638 3771 Gryu.
656 3707 741 3769 petiit)
757 3706 763 3765 Ι
778 3715 850 3755 uates
862 3707 976 3757 anticum
996 3704 1096 3771 Kreyss.
1117 3705 1208 3771 (Grpe.
1222 3715 1294 3757 vates

222 3793 431 3857 Amphilochus)
467 3792 514 3850 11,
536 3798 547 3841 l
568 3792 666 3856 etipse
701 3793 854 3845 aheneum
889 3793 1040 3857 sphiraum
1058 3794 1148 3843 urbem
1166 3794 1294 3855 iungentis

223 3880 319 3945 (Gryn-
339 3880 456 3938 Pirenen)
471 3879 477 3940 Ι
493 3879 599 3927 naualia
618 3894 771 3942 magnorum
791 3878 862 3929 Creo.
897 3879 1024 3933 xxvm.
1044 3879 1069 3938 1,
1090 3884 1101 3929 l
1122 3880 1242 3943 presidio
1277 3886 1293 3928 2

223 3966 382 4029 corynthum
421 3965 448 4027 2,
467 3972 482 4015 2
502 3981 568 4029 eryx
586 3980 689 4029 quoque
707 3974 733 4017 at
750 3966 867 4015 sthamus
890 3966 893 4031 Ι
914 3980 977 4029 eryx
1017 3967 1118 4015 uiuter
1136 3967 1223 4017 omnia
1238 3965 1293 4030 Mp.

223 4054 284 4105 Em.
302 4051 381 4114 6071
396 4052 468 4101 edita
484 4054 512 4102 in
530 4060 674 4107 amtcusem
693 4052 802 4103 fortibus
819 4052 935 4103 ethereus
968 4050 1131 4110 &lunaria
1148 4066 1241 4101 occasu
1279 4058 1293 4100 2

223 4152 352 4203 scyonem
388 4144 404 4185 8
422 4125 549 4202 inclytum
566 4139 719 4203 epidaurum
737 4140 782 4191 sed
800 4140 924 4189 inclutum
938 4138 1059 4201 esculapi
1072 4139 1181 4187 nobilita
1199 4138 1294 4201 templo

223 4233 239 4275 5
260 4234 317 4275 tum
334 4226 441 4275 domum
460 4225 533 4277 diues
568 4224 594 4285 t,
617 4231 628 4276 l
649 4225 842 4276 lacedemouem
860 4225 922 4275 adid
