3475 5084
482 526 540 581 218
764 523 841 571 Liber
858 520 942 573 XLV.
972 524 1020 583 (A.
1036 538 1059 571 u.
1075 538 1096 571 ο.
1113 520 1187 584 aaa.)

442 708 545 782 quibus
566 708 736 765 Alexander
764 709 914 784 regnavit,
944 709 1068 784 primum
1104 708 1217 774 omnia,
1255 726 1315 781 qua
1343 706 1493 762 Persarum

440 833 531 890 prope
563 814 692 871 inmenso
727 814 821 889 spatio
852 814 1005 890 imperium
1034 814 1145 883 fuerat,
1183 832 1242 869 suae
1271 811 1393 869 dicionis
1422 808 1495 866 iecit.

401 927 417 979 6
440 921 557 977 Arabas
578 920 644 977 hinc
666 920 855 995 Indiamque,
886 939 944 995 qua
965 931 1105 978 terrarum
1129 921 1254 977 ultumos
1275 920 1347 975 fines
1368 916 1495 973 Rubrum

403 1032 418 1084 7
442 1044 523 1082 mare
544 1025 734 1101 amplectitur,
755 1026 930 1101 peragravit.
979 1028 1056 1085 Tum
1080 1028 1238 1084 maximum
1271 1024 1300 1081 in
1330 1022 1413 1079 terris
1435 1021 1496 1077 Ma·

440 1132 579 1188 cadonum
602 1150 720 1207 regnum
742 1112 929 1206 nomenqus3'
944 1133 1010 1189 inde
1032 1144 1124 1190 morte
1146 1130 1309 1190 Alexandri
1332 1128 1498 1185 distractum

440 1239 468 1291 in
488 1238 578 1293 multa
598 1256 703 1312 regna,
737 1239 804 1295 dum
837 1240 874 1295 ad
908 1258 939 1296 se
966 1239 1086 1313 quisque
1106 1256 1176 1313 opes
1197 1237 1332 1312 rapiunt,
1365 1233 1499 1291 laceratis

440 1341 564 1411 viribon
594 1360 613 1399 a
640 1362 753 1399 summo
776 1344 900 1400 culmine
921 1343 1044 1401 fortunae
1066 1346 1103 1401 ad
1125 1344 1256 1400 ultimum
1277 1343 1364 1397 finem
1385 1349 1498 1397 centum

442 1447 650 1522 quinquaginta
670 1468 762 1506 annos
783 1450 869 1506 stetit.

361 1545 399 1617 10
524 1553 660 1609 Victoriae
681 1556 822 1613 Romame
842 1556 923 1615 fama
950 1578 1014 1616 cum
1046 1556 1222 1634 pervasisset
1242 1554 1271 1609 in
1294 1552 1416 1620 Asiam,
1439 1552 1500 1607 An·

441 1668 537 1726 tenor,
570 1659 619 1733 qui
649 1679 712 1717 cum
736 1662 828 1718 classe
847 1664 1007 1721 lemborum
1030 1666 1067 1721 ad
1091 1664 1209 1720 Phanas
1232 1661 1348 1728 stabat,
1373 1656 1499 1715 Cassan·

404 1769 419 1822 2
443 1765 535 1822 driam
570 1765 636 1823 inde
665 1767 786 1827 traiecit.
842 1767 876 1829 C.
898 1769 1046 1844 Popilius,
1085 1769 1133 1843 qui
1162 1768 1203 1824 od
1231 1766 1338 1823 Delum
1366 1762 1500 1839 praesidio

440 1873 563 1929 navibus
583 1870 785 1929 Macedoniam
808 1876 970 1949 petentibus
992 1884 1063 1945 erat,
1095 1884 1252 1950 postquam
1275 1871 1451 1927 debellatum
1472 1868 1501 1924 iu

441 1978 616 2034 Macedonia
633 1987 662 2032 et
683 1978 808 2035 statione
828 1991 988 2038 summotos
1011 1982 1135 2037 hostium
1164 1980 1276 2035 lembos
1298 1976 1428 2044 audivit,
1457 1974 1500 2029 di·

441 2084 536 2140 missis
547 2096 575 2140 et
588 2084 649 2159 ipse
660 2085 792 2157 †Atticis
803 2087 925 2144 navibus
948 2088 985 2143 ad
998 2097 1160 2162 susceptam
1172 2084 1346 2159 legationem
1360 2098 1499 2157 peragen-

403 2196 419 2249 3
442 2188 509 2243 dam
531 2189 669 2263 navigare
690 2191 852 2266 AEgyptum
877 2193 984 2267 pergit,
1017 2204 1049 2250 ut
1078 2193 1157 2268 prius
1180 2208 1332 2247 occurrere
1354 2187 1497 2245 Antiocho

403 2305 418 2355 4
442 2304 556 2368 posset,
579 2314 665 2369 quam
688 2298 726 2353 ad
742 2298 935 2355 Alexandreae
957 2299 1063 2356 moenia
1085 2298 1243 2356 accederet.
1286 2293 1361 2351 Cum
1383 2302 1497 2368 praeter·

442 2402 613 2457 veherentur
633 2402 736 2459 Asiam
759 2402 846 2477 legati
866 2414 895 2460 et
916 2406 1048 2480 Loryma
1072 2404 1233 2473 venissent,
1262 2400 1312 2475 qui
1334 2408 1437 2474 portus
1457 2396 1501 2451 vi·

443 2507 514 2581 giuti
536 2507 623 2583 paulo
648 2508 771 2583 amplius
793 2509 873 2566 milia
900 2511 937 2568 ab
959 2511 1064 2567 Rhodo
1087 2510 1188 2577 abest,
1222 2526 1258 2563 ex
1283 2506 1408 2562 adverso
1439 2502 1504 2559 urbi

405 2623 420 2675 5
443 2613 499 2687 ipsi
529 2614 655 2688 positus,
684 2614 829 2689 principes
859 2616 1039 2673 Rhodiorum
1070 2623 1222 2672 occurrunt
1255 2610 1327 2683 (iam
1360 2609 1435 2666 euim
1468 2626 1506 2663 eo

447 2737 563 2792 quoque
584 2718 711 2775 victoriae
732 2718 812 2776 fama
833 2722 946 2796 perlata
970 2721 1043 2794 erat)
1067 2731 1192 2791 orantes,
1215 2730 1246 2775 ut
1257 2717 1392 2776 Rhodum
1415 2714 1508 2770 deve·

443 2824 593 2893 herentur3
616 2824 759 2897 pertinere
779 2825 809 2882 id
832 2828 870 2883 ad
891 2828 1000 2885 famam
1024 2827 1205 2899 salutemque
1226 2823 1360 2891 civitatis,
1381 2838 1507 2877 noscere

443 2928 522 3003 ipsos
544 2929 651 2996 omnia,
673 2948 736 3003 quae
756 2942 823 2989 acta
844 2945 939 2989 essent
953 2951 1074 3007 quaeque
1089 2940 1243 3006 agerentur
1253 2928 1359 2995 Rhodi,
1381 2935 1409 2983 et
1431 2944 1507 2983 con-

405 3038 422 3091 a
444 3045 526 3110 perta
546 3054 598 3110 per
619 3053 658 3106 se,
681 3039 869 3113 nonvolgata
890 3037 1105 3095 iamallomam
1127 3034 1244 3093 referre.
1280 3035 1339 3091 Diu
1362 3042 1508 3107 negantes

443 3142 645 3215 perpulerunt,
675 3153 707 3224 ut
734 3164 845 3202 moram
867 3144 1061 3219 navigationis
1085 3144 1202 3199 brevem
1224 3159 1278 3216 pro
1300 3141 1393 3197 salute
1415 3139 1508 3195 sociae

444 3247 523 3304 urbis
545 3260 719 3323 paterentur.
777 3251 938 3324 Post-quam
964 3250 1098 3308 Rhodum
1122 3256 1237 3304 ventum
1260 3257 1318 3317 est,
1339 3246 1367 3302 in
1390 3246 1508 3302 contio·

406 3359 420 3410 7
444 3371 508 3409 nem
531 3373 647 3429 quoque
668 3374 718 3412 eos
742 3356 826 3414 iidem
855 3358 988 3433 precibus
1015 3362 1224 3432 pertraxerunt.
1281 3353 1436 3411 Adventus
1465 3349 1509 3406 le-

444 3699 469 3756 6,
490 3704 500 3746 l
522 3700 613 3748 erabas
628 3698 633 3763 Ι
650 3701 761 3749 ultumas
779 3702 836 3750 huis
858 3701 931 3751 Gron.
975 3700 998 3758 7,
1019 3708 1033 3748 2
1056 3702 1114 3749 inde
1139 3713 1233 3748 morem
1253 3696 1372 3744 alexandi
1391 3702 1509 3743 tractum

351 3824 355 3831 .
445 3786 524 3833 multa
553 3787 729 3838 3lacerantes
750 3788 826 3839 Grau.
863 3790 1014 3838 4culminas
1042 3786 1207 3836 5stetiturbs
1244 3784 1278 3843 X,
1299 3782 1323 3839 1,
1345 3788 1355 3830 l
1377 3782 1509 3829 uictoria·

444 3872 519 3921 iamae
534 3874 538 3934 Ι
554 3882 661 3925 antenus
698 3884 796 3925 2cum'
808 3876 941 3942 clausisset
956 3878 988 3924 ad
1007 3876 1112 3940 palanns
1147 3872 1172 3931 2,
1194 3878 1204 3920 l
1226 3872 1269 3934 qui
1288 3870 1365 3918 delun
1401 3870 1512 3917 tadti·

445 3978 480 4025 cis
499 3977 576 4027 Aliud
592 3979 660 4040 lutet3
679 3979 709 4029 da
726 3979 811 4028 Atticis
829 3981 930 4029 navibus
948 3980 1007 4029 nihil
1025 3976 1131 4037 XLIV,
1149 3975 1193 4026 29.
1211 3975 1325 4024 Fortasse
1335 3974 1390 4038 suit
1406 3972 1511 4020 adven-

445 4068 518 4117 ticiis.
557 4069 704 4132 upergitur
738 4067 764 4124 3,
787 4075 796 4115 l
819 4068 939 4117 anthioco
975 4074 990 4116 2
1017 4073 1049 4115 ab
1092 4064 1119 4123 4,
1140 4071 1154 4113 2
1173 4064 1264 4112 loriam
1311 4061 1409 4109 trodo
1429 4060 1511 4108 abest

445 4162 472 4202 et
497 4157 620 4203 aduersus
644 4155 713 4203 urbis
757 4153 782 4211 5,
804 4161 813 4204 l
843 4163 979 4203 occurrunt
1004 4162 1089 4202 tamen
1113 4154 1139 4201 in
1158 4166 1188 4200 eo
1241 4150 1368 4199 2Duleer.
1388 4149 1511 4195 deverte-

446 4253 535 4292 rentur
581 4249 751 4306 4aasentque
770 4250 906 4304 agerentur
921 4242 977 4291 rodi
996 4240 1051 4305 My.
1081 4238 1169 4305 (Gryn.
1196 4246 1282 4287 essent
1304 4238 1510 4299 agerenturquet

445 4330 469 4387 6,
489 4337 503 4378 2
522 4330 700 4395 perpulserunt
715 4330 719 4390 Ι
735 4344 808 4377 mora
824 4330 1002 4391 nauigationes
1037 4333 1052 4376 3
1072 4328 1148 4375 urbes
1190 4332 1205 4374 4
1224 4327 1289 4374 idem
1307 4324 1433 4389 praecibus
