3475 5084
715 529 771 578 Lib.
791 528 1050 580 LXVIII-LXXII.

764 728 813 777 EX
830 727 897 776 LIB.
917 727 1000 778 Lxx,

423 837 507 898 Quum
527 841 570 890 Μ’.
594 843 713 904 Aquilius
740 845 770 892 de
795 844 910 908 pecuniis
935 843 1081 906 repetundis
1100 855 1203 889 causam
1223 841 1331 900 diceret,
1357 842 1411 906 ipse

349 928 447 979 iudices
465 947 556 994 rogare
574 934 670 996 noluit;
698 935 734 985 M.
755 937 897 995 Antonius,
927 936 971 997 qui
994 949 1041 998 pro
1064 949 1095 982 eo
1120 933 1270 997 perorabat,
1299 932 1411 982 tunicam

348 1037 365 1068 a
383 1030 484 1085 pectore
506 1025 559 1075 eius
578 1028 686 1086 discidit,
705 1036 733 1074 ut
751 1028 871 1077 honestas
892 1029 1025 1077 cicatrices
1045 1027 1199 1098 ostenderet,
1227 1032 1252 1073 et
1269 1025 1410 1073 indubitate

349 1116 481 1165 absolutus
501 1129 546 1168 est.
592 1117 681 1168 Cicero
705 1121 759 1168 eius
783 1121 817 1168 rei
843 1121 913 1168 solus
937 1129 1032 1168 auctor.
1075 1117 1107 1168 T.
1126 1118 1219 1166 Didius
1241 1133 1340 1181 procos.
1364 1119 1409 1166 ad-

347 1222 433 1258 versus
455 1210 598 1260 Celtiberos
623 1211 731 1261 feliciter
754 1214 884 1275 pugnavit.
921 1211 1075 1260 Ptolemaeus
1099 1209 1255 1274 Cyrenarum
1279 1224 1337 1272 rex,
1369 1212 1409 1259 cui

348 1316 491 1363 cognomen
509 1298 620 1368 Apionis
638 1304 699 1363 fuit,
727 1315 840 1354 mortuus
859 1305 979 1353 heredem
997 1303 1118 1368 populum
1137 1304 1279 1352 Romanum
1299 1303 1408 1366 reliquit,

347 1404 372 1442 et
400 1398 454 1445 cius
482 1399 553 1459 regni
578 1399 692 1446 civitates
718 1408 820 1447 senatus
847 1399 942 1447 liberas
969 1412 1024 1446 esse
1048 1395 1131 1471 iussit.
1173 1394 1357 1444 Ariobarzanes
1382 1396 1409 1443 in

347 1502 452 1549 regnum
479 1489 650 1553 Cappadociae
680 1507 695 1538 a
720 1491 750 1542 L.
772 1490 892 1539 Cornelio
918 1491 992 1541 Sulla
1016 1491 1135 1538 reductus
1157 1497 1206 1537 est.
1253 1488 1407 1537 Parthorum

347 1580 424 1642 legati
449 1598 465 1629 a
483 1596 543 1644 rege
562 1583 660 1631 Arsace
684 1583 754 1632 missi
778 1585 953 1632 veneruntad
972 1582 1086 1640 Sullam,
1111 1589 1139 1628 ut
1162 1581 1300 1628 amicitiam
1318 1580 1407 1644 populi
1449 1647 1451 1653 Ι
1493 1640 1496 1647 ι

345 1673 457 1721 Romani
469 1683 591 1737 peterent.
629 1676 658 1725 P.
670 1676 790 1734 Rutilius,
810 1676 847 1724 vir
865 1692 971 1725 summa
989 1674 1150 1732 innocentiae,
1168 1675 1289 1735 quoniam
1307 1674 1407 1735 legatus

345 1762 375 1814 C.
395 1766 475 1814 Mucii
495 1783 595 1830 procos.
626 1783 642 1816 a
667 1769 862 1832 publicanorum
888 1770 987 1817 iniuriis
1008 1768 1098 1816 Asiam
1121 1764 1279 1825 defenderat,
1309 1767 1406 1815 invisus

344 1859 457 1918 equestri
476 1861 572 1919 ordini,
596 1874 676 1924 penes
696 1874 770 1922 quem
789 1863 884 1910 iudicia
902 1870 986 1918 erant,
1012 1860 1207 1922 repetundarum
1226 1860 1361 1907 damnatus
1379 1859 1406 1906 in

344 1951 463 1999 exsilium
487 1953 580 2002 missus
607 1961 652 2001 est.
701 1952 729 2003 C.
751 1953 854 2004 Sentius
879 1963 972 2018 praetor
994 1955 1115 2002 adversus
1135 1953 1248 2001 Thracas
1271 1950 1406 2000 infeliciter

342 2046 472 2106 pugnavit.
522 2044 632 2095 Senatus
659 2060 735 2108 quum
764 2045 942 2108 impotentiam
970 2046 1093 2106 equestris
1121 2046 1216 2094 ordinis
1249 2045 1276 2093 iu
1302 2045 1404 2094 iudiciis

343 2139 491 2186 exercendis
510 2137 576 2186 ferre
586 2139 675 2196 nollet,
695 2139 765 2187 omni
785 2139 809 2185 vi
828 2138 889 2186 eniti
909 2140 994 2202 coepit,
1010 2149 1037 2186 ut
1050 2139 1082 2186 ad
1097 2154 1123 2188 se
1135 2138 1231 2188 indicia
1249 2137 1403 2198 transferret,

342 2231 482 2278 sustinente
515 2245 619 2279 causam
648 2232 702 2279 eius
728 2231 763 2280 M.
789 2230 863 2279 Livio
888 2232 974 2280 Druso
999 2239 1029 2280 tr.
1049 2232 1098 2295 pl.,
1132 2233 1187 2294 qui,
1213 2240 1240 2279 ut
1264 2233 1329 2280 vires
1353 2232 1417 2281 sibi·

340 2322 494 2382 acquireret,
527 2324 671 2387 perniciosa
702 2337 745 2387 spe
773 2321 936 2391 largitionum
963 2324 1064 2386 plebem
1092 2325 1236 2373 concitavit.
1278 2323 1403 2373 Praeterea

340 2421 424 2462 motus
445 2414 524 2476 Syriae
543 2428 682 2477 regumque
701 2415 823 2464 continet.
1205 2413 1219 2455 ⁸

745 2610 795 2659 EX
812 2611 880 2661 LlB.
898 2610 995 2661 LXXI.

416 2722 452 2770 M.
478 2722 566 2771 Livius
588 2723 687 2773 Drusus
714 2734 743 2775 tr.
770 2727 819 2790 pl.‚
853 2741 904 2789 quo
929 2729 1068 2776 maioribus
1094 2728 1188 2777 viribus
1212 2735 1315 2776 senatus
1341 2741 1400 2775 cau·

340 2829 396 2862 sam
421 2823 563 2878 susceptam
588 2799 715 2876 tueretur,
748 2821 830 2869 socios
856 2829 882 2870 et
900 2821 1004 2870 Italicos
1027 2821 1135 2884 populos
1159 2836 1202 2886 spe
1221 2821 1330 2870 civitatis
1349 2821 1400 2869 Ro·

341 2919 422 2953 manae
441 2906 595 2967 sollicitavit,
614 2911 701 2974 eisque
714 2913 902 2973 adiuvantibus,
924 2915 1035 2977 pervim
1054 2914 1154 2976 legibus
1171 2916 1276 2978 agrariis
1289 2914 1400 2963 frumen·

341 2999 461 3061 tariisque
480 2999 545 3059 latis,
565 3001 724 3052 iudiciariam
743 3019 844 3069 quoque
864 3009 975 3071 pertulit,
995 3014 1023 3054 ut
1041 3020 1115 3068 usqua
1132 3015 1203 3070 parte
1216 3009 1310 3057 iudicia
1322 3022 1399 3071 penes

340 3100 457 3140 senatum
477 3100 502 3138 et
520 3102 662 3154 equestrem
681 3097 795 3145 ordinem
814 3109 906 3148 essent.
948 3098 1034 3158 Quum
1059 3099 1149 3147 deinde
1176 3101 1300 3162 promissa
1324 3100 1399 3151 sociis

340 3185 427 3232 civitas
446 3183 560 3247 praestari
581 3199 631 3233 non
651 3197 749 3250 posset,
778 3189 836 3237 irati
854 3190 938 3240 Italici
957 3191 1125 3241 defectionem
1144 3195 1241 3255 agitare
1259 3205 1397 3258 coeperunt.

339 3278 435 3325 Eorum
467 3285 546 3326 coetus
578 3280 818 3343 coniurationesque
848 3291 874 3330 et
900 3285 1028 3332 orationes
1055 3287 1081 3332 in
1111 3286 1223 3335 consiliis
1254 3289 1397 3352 principum

339 3369 489 3419 referuntur.
527 3369 634 3434 Propter
658 3388 714 3436 quae
732 3374 820 3422 Livius
839 3374 940 3424 Drusus
965 3377 1062 3426 invisus
1089 3379 1164 3426 etiarn
1191 3381 1290 3428 senatui
1315 3380 1397 3438 factus

337 3463 526 3512 velut'socialis
544 3463 605 3512 belli
624 3476 720 3525 auctor,
740 3467 865 3516 incertum
883 3484 899 3516 a
918 3483 976 3531 quo,
995 3471 1063 3518 domi
1082 3472 1182 3520 occisus
1200 3480 1246 3522 est.

732 3662 782 3712 EX
802 3663 869 3713 LIB.
889 3665 998 3714 LXXII.

411 3772 493 3824 Italici
509 3775 596 3838 populi
612 3775 767 3837 defecerunt,
786 3777 916 3838 Picentes,
935 3781 1043 3839 Vestini,
1059 3781 1147 3836 Marsi.
1162 3782 1276 3846 Peligni,
1294 3785 1395 3833 Marru-

336 3867 402 3928 cini,
422 3867 562 3925 Samnitcs‚
581 3870 687 3920 Lucani.
725 3870 801 3919 Initio
825 3871 887 3920 belli
908 3889 924 3921 a
941 3873 1089 3924 Picentibus
1108 3883 1193 3935 moto,
1222 3874 1251 3935 Q.
1274 3859 1395 3927 Servilius

336 3974 436 4022 procos.
460 3961 486 4008 in
512 3961 606 4025 oppido
626 3960 715 4010 Ascalo
742 3977 800 4012 cum
823 3967 941 4016 omnibus
968 3966 1066 4016 civibus
1086 3968 1223 4028 Romanis,
1250 3971 1293 4031 qui
1320 3972 1345 4018 in
1364 3985 1394 4020 eo

336 4053 431 4116 oppido
459 4062 544 4112 erant,
576 4054 674 4102 occisus
701 4064 747 4104 est.
796 4057 865 4120 Saga
893 4059 1002 4122 populus
1034 4063 1149 4125 sumpsit.
1191 4062 1245 4111 Ser.
1271 4059 1356 4111 Galba
1378 4079 1394 4113 a

335 4140 449 4194 Lucanis*
466 4145 679 4209 comprehensus,
710 4148 785 4197 unius
812 4147 913 4199 femina
936 4167 1026 4215 opera,
1057 4155 1090 4202 ad
1115 4169 1189 4218 quam
1208 4156 1393 4218 devertebatur,

336 4239 511 4303 acaptivitate
537 4249 654 4304 receptus
678 4249 723 4290 est.
767 4240 888 4291 AEsernia
911 4252 936 4292 et
954 4244 1025 4294 Alba
1049 4247 1155 4295 colonia
1181 4247 1213 4296 ab
1231 4247 1329 4298 Italicis
1347 4250 1393 4298 ob·

334 4344 411 4379 sessa
429 4339 496 4381 sunt.
534 4333 640 4383 Auxilia
658 4335 747 4384 deinde
756 4334 843 4384 Latini
863 4338 972 4387 nominis
986 4348 1181 4403 exterarumque
1190 4341 1303 4403 gentium
1316 4342 1394 4392 misse
