3475 5084
664 537 722 587 Lib.
738 537 867 587 Iti-nv.
1217 544 1254 597 47

240 734 354 781 adversus
380 748 436 783 eum
465 732 592 782 consulari
618 749 682 797 opus
711 743 778 785 esset
803 746 828 784 et
852 737 916 784 duce
943 744 968 783 et
994 736 1114 785 exercitu.
1170 736 1298 785 Preterea

241 834 320 875 motus
338 825 418 890 Syriae
444 834 469 875 et
492 826 562 875 bella
586 827 744 890 interreges
763 827 1005 892 gestarel'ernntur.
1042 826 1200 887 Alexander,
1220 827 1297 876 homo

239 920 339 980 ignotus
359 926 385 967 st
398 918 501 968 ineerta
514 920 608 983 stirpis,
628 921 723 981 occiso,
741 921 808 971 sient
820 927 880 969 ante
895 920 990 968 dictum
1010 928 1056 979 est,
1076 919 1209 968 Demetrio
1228 933 1295 981 rege,

239 1010 263 1058 in
288 1010 362 1073 Syria
391 1012 523 1073 regnabat.
570 1013 647 1061 Hunc
671 1012 820 1063 Demetrius
845 1012 969 1062 Demetrii
1002 1012 1082 1071 filius,
1101 986 1157 1075 *qui
1181 1022 1198 1059 a
1224 1019 1296 1076 patre

239 1105 362 1164 qnondam
383 1104 416 1152 ob
434 1104 545 1153 incertos
569 1105 630 1153 belli
656 1122 731 1156 casus
751 1108 887 1170 ablegatus
913 1103 1015 1155 Gnidon
1030 1103 1126 1167 iuerat,
1150 1110 1297 1167 contempta

239 1196 353 1243 socordia
382 1195 523 1260 inertiaque
555 1198 624 1256 eins,
662 1200 799 1247 adiuvante
821 1198 960 1247 Ptolcmaeo
984 1196 1090 1259 AEgypti
1120 1210 1192 1258 rege,
1224 1196 1295 1244 cuius

237 1286 312 1335 filiam
331 1286 496 1350 Cleopatram
515 1290 541 1337 lu
560 1290 751 1346 matrimonium
770 1298 919 1354 acceperat,
944 1288 1013 1339 bello
1039 1290 1174 1338 interemit.
1208 1288 1295 1339 Ptole·

237 1393 311 1429 maus
329 1371 440 1442 graviter¹
458 1381 485 1428 in
504 1390 581 1445 caput
599 1384 747 1433 vulneratus
765 1385 832 1433 inter
851 1383 1022 1441 curationem,
1046 1382 1105 1429 dum
1125 1395 1184 1429 ossa
1202 1381 1295 1429 medici

237 1473 360 1522 terebrare
392 1482 530 1534 conantur,
561 1475 715 1541 exspiravit,
747 1487 824 1541 atque
852 1478 878 1524 in
905 1475 991 1524 locum
1021 1474 1076 1523 eius
1106 1472 1184 1523 frater
1213 1475 1295 1523 minor

236 1562 396 1623 Ptolemaeus,
415 1566 459 1629 qui
470 1564 577 1630 Cyrenis
591 1567 723 1630 regnabat,
743 1568 874 1616 successit.
898 1567 1044 1616 Demetrius
1062 1566 1095 1615 ob
1109 1566 1293 1629 crudelitatem,

237 1670 309 1717 quam
335 1659 362 1705 in
388 1673 449 1708 suos
470 1674 516 1723 per
535 1664 661 1711 tormenta
679 1662 827 1721 exercebat,
852 1660 885 1708 ab
905 1661 1018 1709 Diodoto
1042 1660 1166 1722 quodam,
1190 1674 1242 1708 uno
1261 1674 1294 1709 ex

237 1749 365 1809 subiectis,
400 1753 442 1813 qni
468 1753 610 1802 Alexandri
639 1752 693 1802 filio
723 1754 822 1803 bimulo
850 1753 989 1800 admodum
1014 1766 1122 1814 regnum
1155 1751 1292 1813 asserebat,

235 1840 299 1889 bello
323 1853 466 1907 superatus.
482 1845 626 1894 Seleuciam
653 1846 776 1907 confugit.
803 1847 834 1895 L.
854 1846 992 1895 Mummius
1023 1846 1054 1893 de
1076 1844 1177 1893 Achaia
1202 1845 1293 1894 trium·

236 1932 334 1995 pharit3
354 1937 429 1999 signa
447 1953 514 1987 area
532 1954 725 2001 marmoreaque
744 1947 770 1986 ct
787 1938 888 1989 tabulas
906 1938 986 2001 pictas
1004 1937 1030 1984 in
1049 1936 1176 1999 triumpho
1196 1936 1261 1986 tulit.

649 2078 697 2126 EX
715 2078 783 2127 LIB.
802 2076 875 2127 LIII.

300 2188 369 2253 App.
397 2188 520 2241 Claudius
548 2207 600 2241 cos.
640 2193 771 2251 Salassos,
802 2198 903 2253 gentem
927 2189 1048 2252 Alpinam
1074 2189 1178 2238 domuit.
1216 2190 1292 2240 Alter

232 2278 462 2347 Pseudophilippus
485 2287 512 2333 in
531 2262 684 2334 Macedonia
708 2285 770 2333 aL.
791 2282 930 2331 Tremellio
958 2290 1081 2342 quaestore
1101 2296 1158 2329 cum
1177 2284 1291 2331 exercitu

233 2386 310 2422 casus
329 2384 376 2424 est.
426 2375 458 2435 Q
483 2376 601 2426 Caecilius
623 2379 744 2433 Metellus
770 2391 870 2441 procos.
917 2372 1061 2424 Celtiberos
1087 2373 1191 2432 cecidit,
1217 2384 1248 2441 ‚et
1274 2392 1290 2424 a
1336 2348 1339 2362 Ι

232 2461 263 2521 Q.
281 2466 361 2515 Fabio
379 2482 480 2531 procos.
506 2485 601 2531 magna
617 2486 676 2534 pars
694 2470 848 2534 Lusitania,
874 2466 1027 2530 expugnatis
1051 2465 1149 2527 aliquot
1175 2467 1289 2528 urbibus,

233 2567 331 2621 recepta
350 2567 399 2609 est.
435 2559 465 2611 G.
487 2562 586 2611 Acilius
605 2570 707 2612 senator
725 2560 814 2611 Gracc
832 2576 874 2610 res
894 2562 1025 2609 Romanas
1043 2559 1137 2608 scribit.

649 2690 696 2738 EX
714 2688 781 2737 LIB.
804 2688 885 2738 le..

303 2797 334 2857 Q
354 2786 494 2864 Pompeius
513 2816 565 2851 cos.
585 2803 612 2851 iu
630 2803 756 2867 Hispania
773 2803 947 2852 Termestinos
965 2799 1074 2861 subegit.
1114 2796 1180 2848 Cum
1201 2800 1288 2848 iisdem

231 2896 256 2936 et
279 2890 443 2942 Numantinis
475 2910 563 2958 pacem
591 2896 623 2945 ab
653 2896 799 2943 infirmitate
824 2895 894 2946 iecit.
951 2894 1069 2941 Lustrum
1100 2907 1116 2939 a
1143 2892 1289 2941 censoribus

231 2984 359 3033 conditum
390 2972 550 3046 est31censa
579 2996 639 3036 sunt
668 2989 758 3038 civium
797 2990 880 3052 capita
913 2970 1084 3036 'c-cdxr‘lii‘i
1113 2985 1288 3035 ccccxnll.

233 3072 313 3132 Quum
344 3078 514 3127 Macedonum
556 3080 634 3140 legati
664 3090 780 3142 questum
820 3082 852 3128 de
882 3080 915 3128 D.
947 3079 1021 3129 Iunio
1053 3078 1141 3129 Silano
1182 3062 1289 3141 praetore

231 3169 364 3230 venissent,
385 3172 452 3229 qnod
472 3173 585 3234 acceptis
604 3175 717 3235 pecuniis
736 3173 893 3236 provinciam
912 3172 1059 3234 spoliasset,
1088 3178 1113 3217 et
1136 3180 1238 3219 senatus
1257 3171 1288 3219 de

231 3261 339 3321 querelis
357 3276 445 3309 eornm
464 3263 542 3311 vellet
561 3278 723 3326 cognoscere,
744 3267 775 3315 T.
797 3265 909 3313 Manlius
927 3263 1087 3325 Torquatus,
1106 3270 1179 3325 pater
1198 3263 1287 3324 Silani,

231 3353 301 3412 petiit
325 3354 529 3417 impetravitque,
564 3366 592 3405 at
623 3358 673 3406 sibi
699 3359 817 3420 cognitio
846 3356 1024 3413 mandaretur;
1055 3363 1081 3403 et
1110 3356 1180 3403 domi
1212 3370 1289 3404 causa

230 3447 344 3506 cognita,
369 3447 449 3495 filium
477 3450 656 3497 condemnavit
674 3450 865 3512 abdicavitque3
894 3463 923 3496 ac
947 3461 978 3495 ne
1003 3446 1086 3495 funeri
1105 3449 1206 3509 quidem
1225 3449 1288 3508 eins,

231 3548 306 3596 quum
325 3542 462 3603 suspendio
481 3543 556 3590 vitam
578 3542 699 3601 finisset„
720 3543 848 3601 Interfuit,
878 3541 1017 3602 sedensque
1042 3541 1110 3588 domi
1134 3550 1288 3603 potestatem

231 3631 432 3681 consultantibus
453 3648 486 3681 ex
504 3635 619 3683 instituto
638 3634 706 3685 lecit.
745 3633 776 3695 Q.
796 3624 891 3683 b‘abius
909 3650 1007 3698 procos.
1027 3632 1103 3682 rebus
1121 3638 1148 3681 in
1163 3633 1289 3697 Hispania

230 3733 346 3784 prospere
365 3725 443 3785 gestis
467 3725 551 3775 labem
571 3727 699 3791 imposuit,
718 3743 780 3791 pace
799 3742 856 3776 cum
875 3729 976 3776 Vir-lato
992 3728 1071 3790 aquis
1095 3727 1288 3777 condicionibus

225 3811 304 3876 ¹lacta.
342 3817 456 3866 Viriatus
475 3835 491 3867 a
509 3822 680 3883 proditoribus
693 3800 805 3869 'consilio
823 3820 922 3870 Servilii
941 3819 1066 3883 Caepionis
1084 3818 1232 3869 interfectus
1250 3829 1289 3869 est

231 3913 255 3952 et
281 3909 313 3956 ab
339 3910 452 3959 exercitu
482 3927 528 3960 sno
555 3913 662 3961 multum
687 3914 859 3978 comploratus
888 3928 917 3960 ac
945 3912 1064 3961 nobiliter
1094 3913 1219 3977 sepultus;
1250 3914 1288 3961 vir

231 3997 330 4063 duxque
357 4018 464 4065 magnus
496 4012 522 4052 et
549 4020 594 4069 per
618 4005 684 4054 XIV
711 4021 806 4065 annos,
844 4006 936 4076 quibus
963 4020 1018 4054 eum
1043 4006 1168 4055 Romanis
1191 4005 1286 4054 bellum

230 4094 316 4152 gessit,
335 4093 492 4159 frequentius
510 4098 631 4160 superior.

653 4223 701 4273 EX
719 4224 786 4274 LIB.
805 4225 862 4275 ΙΝ.

296 4330 326 4380 Ρ.
348 4332 469 4384 Cornelio
492 4335 600 4397 Nasica,
633 4340 674 4387 cni
700 4353 843 4401 cognomen
867 4340 993 4403 Serapion
1016 4339 1076 4400 tuit,
1107 4340 1139 4389 ab
1165 4343 1286 4392 irridente
