3475 5084
582 521 660 571 nnn
676 520 747 572 xm.
783 522 831 586 (Δ.
853 520 913 571 cnr.
935 517 1007 583 uo.)
1248 525 1286 580 2³

260 713 451 780 expectantes
473 705 576 761 ditare.
635 707 741 780 ltaque
759 707 887 776 nescire,
918 706 987 780 quid
1009 705 1066 762 sibi
1085 703 1181 773 vellet,
1209 703 1329 776 quibus·
1352 707 1371 762 4

261 809 329 866 dam
371 809 474 865 videri.
537 809 667 882 ¹Quidam
712 810 813 867 ludere
859 829 924 867 eum
975 810 1161 884 simpliciter,
1210 807 1329 881 quidam

260 914 340 971 haud
363 913 451 970 dubie
474 913 601 970 insanire
622 914 749 974 aiebant.
811 915 847 970 In
877 915 990 972 duabus
1019 925 1115 970 tamen
1138 911 1251 986 magnis
1273 913 1330 968 ho·
1353 913 1370 968 5

260 1016 411 1089 nestisque
431 1018 519 1073 rebus
542 1036 612 1074 vere
630 1018 727 1091 regius
754 1028 818 1075 eret
839 1019 969 1088 enimus,
1002 1018 1031 1074 in
1061 1017 1173 1073 urbium
1197 1015 1279 1072 donis
1301 1023 1331 1072 et

260 1121 383 1177 deorum
406 1120 493 1177 cultu.
535 1121 792 1213 Megalopolitanis
812 1123 842 1179 in
864 1121 997 1180 Arcadia
1018 1139 1130 1177 murum
1155 1137 1186 1176 se
1208 1119 1329 1176 circum-
1352 1115 1370 1170 6

260 1225 398 1280 daturum
422 1224 488 1280 urbi
509 1236 553 1282 est
573 1226 728 1300 pollicitus,
748 1227 947 1300 maioremque
961 1236 1073 1301 partem
1091 1224 1219 1300 pecuniae
1240 1223 1329 1283 dedit.

260 1331 370 1404 Tegea
412 1330 556 1386 theatrum
603 1332 786 1405 magnificum
819 1352 836 1388 e
868 1349 1015 1388 marmore
1056 1328 1154 1386 faeere
1199 1325 1329 1382 instituit.

261 1433 362 1510 Cyzici
383 1437 413 1490 in
434 1423 582 1509 Prytaneo
605 1435 649 1504 (id
670 1446 714 1492 est
735 1437 883 1511 penetrale
905 1435 1002 1504 urbis,
1031 1434 1079 1490 ubi
1103 1431 1234 1506 publice,
1265 1429 1329 1502 qui·
1353 1429 1368 1482 7

260 1539 316 1594 bus
337 1539 363 1594 is
388 1541 482 1595 honos
504 1539 590 1596 datus
611 1549 669 1608 est,
700 1548 871 1609 vescuntur)
907 1558 981 1596 vase
1008 1557 1098 1595 auree
1120 1555 1226 1593 mensae
1246 1534 1330 1622 unius

259 1643 368 1717 poenit.
418 1643 559 1714 Rhodiis,
590 1652 622 1700 ut
641 1644 712 1700 nihil
733 1663 821 1700 unum
843 1645 973 1719 insigne,
1005 1644 1047 1700 ita
1081 1642 1174 1699 omnis
1207 1639 1331 1714 generis,

260 1758 294 1804 ut
316 1765 442 1820 qrueque
463 1766 533 1804 usus
561 1767 660 1805 eorum
690 1749 927 1824 postulaverunt,
960 1749 1037 1804 done
1068 1747 1156 1803 dedit.
1213 1739 1371 1818 Magni-8

259 1853 384 1908 licentiae
413 1869 485 1908 vero
516 1853 545 1909 in
578 1854 648 1910 deos
680 1855 728 1910 vel
759 1854 840 1910 Iovis
868 1852 997 1928 Olympii
1029 1852 1166 1926 templum
1197 1847 1330 1918 Athenis,

260 1977 350 2014 unum
373 1958 403 2013 in
426 1957 510 2013 terris
531 1957 698 2014 inchoatum
724 1977 776 2033 pro
805 1957 1004 2032 magnitudine
1031 1957 1092 2025 dei,
1126 1963 1223 2030 potest
1256 1953 1330 2010 testi·

259 2063 350 2117 monio
373 2079 447 2118 essa.
495 2063 555 2120 Sed
576 2074 605 2118 et
619 2064 715 2119 Delon
738 2064 796 2119 aris
816 2062 978 2136 insignibus
1002 2070 1222 2132 statuarumque
1244 2056 1330 2132 copia
1353 2054 1370 2108 9

260 2166 435 2234 exornavit,
457 2175 486 2221 et
506 2166 671 2222 Antiochia
697 2169 777 2224 lovis
797 2166 954 2242 Capitolini
976 2165 1160 2239 magnificum
1182 2162 1330 2236 templum,

259 2289 319 2327 non
342 2270 510 2344 laqueatum
534 2289 607 2326 auro
629 2281 758 2340 tautum,
792 2273 844 2329 sed
876 2271 1035 2346 parietibus
1058 2268 1125 2324 totis
1146 2266 1256 2322 lamina
1287 2264 1330 2320 in·

260 2387 414 2444 auratum,
436 2385 464 2431 et
485 2375 544 2432 alia
565 2375 656 2430 multe
678 2376 707 2431 in
730 2375 794 2431 aliis
811 2375 884 2431 locis
907 2375 1066 2450 pollicitus,
1100 2371 1169 2445 quia
1190 2371 1331 2444 perbreve

261 2488 380 2555 tempus
402 2481 483 2554 regni
505 2481 566 2536 eius
587 2478 661 2549 fuit,
681 2499 740 2536 non
762 2480 892 2554 perfecit.
954 2476 1191 2559 Spectaculorum
1215 2492 1332 2548 quoque
1357 2470 1392 2524 10

262 2585 360 2640 omnis
381 2584 495 2658 generis
517 2584 732 2658 magnificentia
753 2587 916 2660 superiores
937 2601 1021 2658 regas
1043 2581 1129 2651 aicit3
1154 2579 1331 2652 reliquarum

260 2689 309 2745 aui
332 2689 422 2744 morie
450 2699 479 2745 et
509 2690 594 2763 copia
615 2689 785 2747 Graecorum
809 2691 965 2757 artificum3
997 2686 1191 2761 gladiatorum
1217 2699 1331 2754 munus,
1357 2682 1390 2737 ll

262 2794 408 2850 Romanae
429 2794 652 2862 consuetudinis,
688 2796 782 2870 primo
805 2794 915 2851 maiora
945 2809 1008 2848 eum
1039 2801 1151 2848 terrore
1172 2789 1331 2855 hominurn,

262 2897 444 2984 insuetorum
465 2896 503 2954 'ed
522 2899 581 2956 tale
602 2900 809 2974 spectaculum,
831 2917 919 2972 quem
937 2897 1088 2970 voluptate
1110 2895 1206 2962 dadin
1228 2893 1331 2950 deinde
1357 2893 1393 2950 tt

263 3003 371 3078 saepius
396 3003 507 3070 dando,
529 3014 559 3060 et
579 3005 667 3060 modo
689 3004 856 3059 volneribus
879 3012 971 3069 tenus,
994 3000 1080 3055 modo
1102 2998 1164 3054 sine
1185 2998 1331 3065 missione,

263 3109 353 3164 etiam
376 3106 520 3164 familiare
542 3109 633 3164 oculis
654 3119 828 3182 gratumque
851 3106 881 3162 id
903 3105 1098 3181 spectaculum
1122 3101 1208 3169 feeit,
1231 3111 1260 3157 at
1282 3119 1329 3157 ar·

264 3231 380 3270 morum
413 3211 539 3266 studium
574 3212 719 3286 plerisque
754 3213 889 3268 iuvenum
926 3209 1066 3266 accendit.
1124 3207 1244 3278 Itaque,
1280 3203 1329 3276 qui
1357 3209 1394 3264 13

262 3434 295 3493 4.
322 3441 333 3483 1
371 3435 432 3496 qun
460 3413 553 3481 siurim
572 3431 652 3479 usna
670 3411 809 3477 autmari
828 3429 932 3491 quidam
974 3433 990 3476 s
1011 3427 1097 3474 auore
1121 3425 1288 3474 inseruerant
1305 3423 1333 3471 in

263 3521 366 3570 duabus
428 3517 459 3576 5,
491 3525 506 3564 e
544 3531 632 3565 eorum
666 3515 762 3564 cultum
825 3515 891 3572 6‚a
922 3515 992 3562 dedit
1022 3513 1142 3574 thegetea
1167 3493 1333 3573 magnifieum

268 3606 294 3665 7,
316 3613 326 3655 l
350 3605 430 3668 cynici
450 3613 601 3667 prytaneum
625 3600 721 3650 Duker.
755 3600 845 3665 (Grpe.
866 3599 897 3650 C.
924 3602 951 3648 in
977 3595 1139 3662 prytaneum)
1156 3598 1160 3659 Ι
1177 3598 1247 3644 urbis
1274 3595 1333 3644 urbi

263 3694 378 3758 publica
409 3691 469 3738 ain
488 3690 570 3737 honos
607 3689 711 3736 aradis
729 3689 791 3735 nihil
810 3685 922 3735 Freinslt.
960 3690 1145 3744 totquaquoe
1163 3698 1226 3732 usus
1245 3695 1334 3730 corum

265 3790 296 3827 ut
321 3793 373 3841 qua
396 3776 600 3840 postulauerunt.
651 3772 718 3823 Num
744 3771 954 3836 postulaverant?
998 3769 1024 3828 8,
1044 3775 1059 3818 2
1078 3783 1137 3816 uere
1157 3769 1275 3832 {olympi
1317 3771 1332 3814 8

265 3865 396 3913 incoatum
413 3863 418 3925 1
433 3871 518 3924 potest
535 3876 590 3910 esse
609 3861 653 3908 sed
673 3868 699 3907 et
718 3856 772 3923 My.
825 3856 915 3922 (Gryn.
945 3864 1032 3920 potest
1061 3855 1133 3903 testis
1157 3853 1224 3914 ease)
1272 3851 1331 3910 9‚1

266 3950 407 4000 delomarie
429 3947 500 3998 Gerlt.
535 3947 633 3997 Vossius
661 3944 750 4008 (Gryn.
778 3943 863 3992 Delon
882 3943 974 4004 maris)
1019 3948 1032 3990 2
1059 3940 1214 4000 anthiocia!
1231 3937 1334 4000 capitoli

267 4035 428 4086 alammina
463 4034 507 4092 11,
527 4040 541 4081 2
561 4033 670 4081 maiores
690 4029 758 4093 (δή.
779 4028 809 4078 dc
827 4028 878 4078 lul.
898 4029 954 4078 Em.
973 4027 1051 4090 503.)
1088 4026 1255 4074 auolantete
1291 4022 1334 4083 12,

267 4139 408 4198 ΜειιιιὶεΙ
430 4138 507 4186 etiam
529 4146 556 4185 et
578 4111 715 4185 familiaria
736 4133 790 4198 My.
810 4132 866 4181 Em.
887 4130 902 4180 l.
922 4148 944 4180 e.
990 4131 1165 4179 tutudiorum
1182 4130 1186 4190 Ι
1203 4127 1334 4173 iuiuenum

267 4226 311 4286 13,
335 4232 344 4274 l
371 4227 458 4288 itaque
476 4225 558 4288 primo
578 4222 622 4285 qni
656 4219 779 4283 tpraedia
796 4217 897 4282 Kreyss.
916 4215 1006 4282 (Grya.
1025 4215 1146 4279 praemiis)
1162 4213 1167 4274 Ι
1183 4223 1334 4272 eccaaegere
