3475 5084
597 503 653 551 Lib.
674 501 984 552 LXXXV—LXXXIX.

634 702 683 750 EX
701 701 767 749 LIB.
787 702 950 751 LXXXVII.

337 813 409 862 Sulla
429 813 458 863 C.
478 815 603 875 Marium,
629 819 742 865 exercitu
766 818 821 865 eius
845 816 901 865 fuso
925 817 1059 878 deletoque
1085 816 1117 862 ad
1142 815 1325 877 Sacriportum,

262 903 289 952 in
316 906 410 970 oppido
434 907 563 957 Praeneste
589 910 702 969 obsedit,
731 911 820 958 urbem
842 910 950 958 Romam
974 924 1006 956 ex
1030 908 1190 955 inimicorum
1209 908 1325 955 manibus

262 1000 368 1061 recepit.
406 998 515 1048 Marium
536 1015 668 1065 erumpere
691 1011 830 1050 tentantem
853 1001 954 1065 repulit.
992 999 1118 1048 Praeterea
1137 1014 1176 1047 res
1198 999 1325 1059 elegatis

262 1092 318 1140 eius
338 1092 428 1140 eadem
448 1093 541 1155 ubique
560 1093 664 1142 fortuna
681 1097 792 1158 partium
812 1103 898 1157 gestas
918 1092 1038 1141 continet.

632 1233 681 1281 Ex
699 1235 767 1283 LIB.
787 1232 961 1283 LXXXVIII.

337 1344 409 1393 Sulla
421 1344 574 1405 Carbonem,
595 1345 675 1413 [curu]
697 1350 811 1398 exercitu
829 1351 860 1397 ad
881 1348 1004 1405 Clusium,
1024 1346 1055 1393 ad
1069 1343 1217 1392 Faventiam
1231 1342 1326 1390 Fiden·

263 1440 377 1501 tiamqne
391 1452 463 1497 creso,
477 1437 552 1485 Italia
565 1441 670 1502 expulit,
690 1457 746 1490 cum
759 1441 923 1498 Samnitibus,
944 1439 986 1500 qui
1001 1438 1048 1485 soli
1067 1452 1100 1484 ex
1111 1435 1207 1483 Italicis
1226 1434 1326 1498 populis

263 1532 377 1581 nondum
398 1545 469 1579 arma
487 1541 638 1592 posuerant,
666 1534 738 1582 iuxta
756 1535 844 1583 urbem
864 1534 972 1581 Romam
1000 1539 1059 1578 aute
1080 1538 1179 1593 portam
1199 1527 1326 1577 Collinam

264 1621 413 1681 debellavit,
433 1631 632 1687 recuperataque
647 1611 798 1689 republica,
816 1625 1012 1689 pulcherrimam
1027 1623 1158 1671 victoriam
1170 1622 1325 1682 crudelitate,

264 1723 362 1778 quant-a
380 1716 407 1762 in
425 1714 496 1763 nullo
515 1715 648 1765 hominum
668 1717 722 1775 fuit,
747 1718 897 1780 inquinavit.
932 1704 1003 1767 'VIII
1022 1717 1198 1765 dediticiorum
1224 1716 1250 1763 in
1268 1714 1328 1761 villa

262 1807 371 1870 publica
400 1807 549 1865 trucidavit,
580 1809 694 1857 tabulam
719 1812 911 1873 proscriptionis
942 1810 1041 1872 posuit,
1072 1809 1162 1856 urbem
1190 1823 1220 1856 ac
1248 1816 1326 1856 totam

262 1898 368 1947 Italiam
390 1900 501 1947 coedibus
521 1900 642 1964 replevit,
670 1903 737 1951 inter
755 1918 818 1965 quas
837 1918 925 1951 omnes
944 1901 1114 1949 Praenestinos
1137 1901 1246 1948 inermes
1266 1915 1328 1948 cou-

264 1994 314 2040 cidi
329 1992 413 2049 iussit,
432 1992 553 2051 Marium,
572 1996 690 2042 senatorii
705 1995 800 2043 ordinis
812 1996 901 2053 virum,
922 1993 1036 2041 cruribus
1054 1992 1214 2054 brachiisque
1233 1991 1326 2049 fractis,

263 2086 371 2132 auribus
389 2064 519 2148 praesectis
538 2094 564 2133 ct
582 2086 681 2137 effossis
701 2087 790 2146 oculis,
815 2088 921 2135 necavit.
967 2085 996 2134 C.
1017 2084 1114 2132 Marius
1132 2084 1262 2132 Praeneste
1281 2084 1327 2131 ob-

262 2192 353 2226 sessus
378 2193 394 2224 a
412 2177 533 2226 Lucretio
553 2177 650 2238 Ofella,
675 2178 838 2228 Sullanarum
865 2180 973 2243 partium
998 2178 1066 2235 viro,
1094 2191 1171 2238 quum
1194 2192 1239 2240 per
1257 2178 1327 2224 cuni·

265 2271 353 2318 culum
373 2278 487 2331 captaret
505 2271 612 2319 eradere
630 2280 736 2335 saeptum
760 2273 888 2330 exercitu,
915 2280 1024 2319 mortem
1044 2269 1166 2317 conscivit
1185 2266 1206 2334 [3
1234 2270 1327 2332 idest,

214 2410 216 2416 ,
262 2365 292 2411 in
310 2364 368 2425 ipso
386 2361 518 2420 cuniculo,
545 2378 623 2426 quum
644 2366 750 2413 sentiret
773 2380 799 2413 se
817 2366 925 2413 evadere
943 2379 994 2412 non
1013 2378 1102 2426 posse,
1130 2377 1187 2411 curn
1206 2362 1327 2412 Telesino

264 2456 334 2517 fuga
353 2455 446 2503 comite
465 2456 553 2504 strIcto
571 2458 689 2519 utrinque
708 2459 795 2519 gladio
815 2457 959 2513 concurrit;
992 2471 1067 2518 quem
1089 2470 1165 2517 quum
1185 2455 1326 2514 occidisset,

264 2549 320 2611 ipse
340 2547 441 2595 saucius
460 2548 605 2609 impetravit
622 2564 638 2595 a
656 2563 740 2608 servo,
766 2556 794 2597 nt
813 2564 839 2598 sc
858 2546 1005 2613 occideret].

646 2707 696 2756 EX
715 2708 781 2757 LIB.
800 2708 951 2760 LXXXIX.

340 2820 376 2868 M.
396 2820 491 2871 Brutus
518 2839 535 2869 a
558 2820 605 2871 Cu.
625 2823 728 2886 Papirio
749 2822 879 2883 Carbone,
909 2824 1003 2885 quicum
1024 2821 1163 2871 Cossuram
1189 2823 1327 2886 appulerat,

266 2914 361 2961 missus
378 2925 444 2959 nave
461 2914 599 2974 piscatoria
617 2916 767 2978 Lilybaeum,
791 2926 819 2964 ut
837 2916 994 2979 exploraret,
1015 2931 1047 2964 an
1066 2916 1101 2963 ibi
1120 2916 1172 2963 iam
1191 2915 1329 2978 Pompeius

264 3016 343 3060 esset,
364 3014 388 3051 ct
404 3006 589 3055 circumventus
608 3009 726 3067 navibus,
750 3026 812 3073 quas
830 3010 968 3075 Pompeius
988 3011 1104 3067 miserat,
1124 3008 1149 3054 in
1168 3021 1196 3055 se
1214 3007 1329 3055 mucroni

266 3113 340 3145 uerso
359 3099 391 3144 ud
411 3105 547 3147 transtrum
567 3099 638 3147 navis
658 3100 768 3151 obnixus
781 3105 896 3166 corporis
908 3104 1020 3167 pondero
1033 3100 1156 3150 incubuit.
1195 3098 1329 3149 Cn.Pom-

266 3191 341 3253 peius
368 3190 395 3237 in
415 3190 528 3240 Siciliam
555 3206 612 3239 cum
636 3193 743 3256 imperio
770 3211 785 3242 a
812 3204 901 3244 senatu
924 3196 1013 3243 missus
1035 3194 1081 3242 Cn.
1102 3191 1259 3249 Carbonem,
1287 3190 1329 3253 qui

267 3284 332 3332 flens
355 3284 511 3332 muliebriter
529 3291 636 3333 mortem
655 3286 727 3345 tulit,
756 3264 858 3351 captum
883 3288 983 3337 occidit.
1023 3286 1095 3336 Sulla
1114 3284 1222 3331 dictator
1239 3280 1330 3341 lactus,

267 3374 338 3436 quod
361 3389 435 3423 nemo
461 3390 573 3439 unquam
596 3376 705 3435 fecerat,
731 3392 788 3425 cum
808 3378 920 3426 fascibus
939 3378 1031 3427 XXIV
1050 3378 1180 3441 processit.
1217 3374 1330 3435 Legibus

268 3471 341 3518 novis
366 3470 402 3517 rei
428 3469 538 3531 publicae
565 3478 659 3519 statum
685 3470 856 3530 confirmavit,
885 3472 1043 3520 tribunorum
1071 3470 1152 3533 plebis
1178 3474 1336 3532 potestatem·

269 3562 361 3609 minuit
379 3570 404 3610 et
422 3577 496 3610 omne
515 3563 555 3610 ius
574 3562 658 3624 legum
678 3562 840 3612 ferendarum
861 3566 970 3623 ademit;
988 3564 1135 3627 pontificum
1153 3574 1330 3622 augurumque

268 3655 406 3717 collegium
417 3654 553 3717 ampliavit,
572 3662 601 3702 ut
613 3655 772 3714 essentXV3
791 3664 907 3704 senatum
928 3670 960 3702 ex
974 3657 1084 3716 equestri
1095 3658 1182 3705 ordine
1193 3654 1330 3718 supplevit,

269 3748 469 3811 proscriptorum
488 3746 574 3795 liberis
599 3748 639 3796 ius
657 3749 826 3811 petendorum
843 3750 969 3796 honorum
989 3749 1081 3812 eripuit
1103 3758 1128 3798 ct
1153 3750 1222 3797 bonu
1245 3761 1331 3795 eorum

269 3839 400 3896 vendidit,
424 3840 566 3900 exquibus
591 3840 702 3903 plurima
723 3838 823 3906 [prima]
848 3842 944 3904 rapuit3
973 3842 1103 3889 redactum
1128 3850 1167 3890 est
1189 3840 1331 3889 sestertium

201 3965 205 3975 .
270 3940 310 3977 ter
335 3930 427 3977 millies
447 3933 614 3994 quingenties.
666 3931 695 3991 Q.
723 3934 870 3982 Lucretiam
895 3932 1005 3983 Ofellam
1030 3936 1150 3983 adversus
1175 3934 1331 3981 voluntatem

271 4038 344 4071 suam
365 4024 525 4071 consulatum
544 4033 629 4088 petere
649 4041 738 4074 ausum
757 4027 831 4074 iussit
849 4027 930 4074 occidi
948 4028 974 4073 in
993 4025 1056 4084 foro,
1085 4038 1109 4073 et
1127 4040 1204 4089 quum
1226 4026 1276 4073 boc
1294 4026 1331 4071 in-

272 4115 349 4177 digne
373 4114 452 4163 ferret
475 4117 582 4179 populns
601 4118 746 4174 Romanus,
776 4119 896 4167 contione
923 4121 1049 4168 advocate
1075 4133 1101 4166 se
1128 4110 1232 4165 iussisse
1259 4117 1331 4164 dixit.

271 4206 319 4256 Cn.
339 4208 478 4271 Pompeius
497 4210 523 4256 iu
538 4208 625 4258 Africa
644 4209 691 4260 Cu.
706 4211 848 4258 Domitium
866 4214 1036 4275 proscriptum
1052 4218 1077 4258 et
1095 4209 1227 4265 Hiarbam,
1247 4223 1330 4270 regem

271 4301 411 4360 Numidiae,
431 4302 526 4349 bellum
546 4304 676 4353 molientes
694 4306 776 4353 victos
796 4305 902 4365 occidit,
921 4313 945 4351 ct
964 4312 1082 4366 quattuor
1100 4310 1125 4349 ct
1143 4302 1233 4362 vIginti
1252 4317 1332 4349 annos
