3475 5084
465 550 503 603 46
886 542 1017 593 Periocha
1119 542 1122 548 '

421 741 626 807 repugnantibus
636 741 658 791 ei
667 742 823 805 aliquamdiu
833 743 956 807 patribus,
966 742 1067 805 legibus
1080 741 1178 791 solutus
1187 748 1214 789 et
1221 742 1311 791 consul
1323 749 1420 790 creatus
1429 748 1470 789 est.

422 833 467 881 Μ’.
475 834 598 882 Manilius
616 833 715 897 aliquot
732 834 808 883 urbcs
826 835 1020 897 circumpositas
1035 833 1183 896 Carthagini
1202 835 1367 898 expugnavit.
1400 832 1472 881 Pseu·
1553 878 1554 893 ἶ

421 926 584 989 dophilippus
601 927 627 975 iu
641 926 802 987 Macedouis,
821 941 889 975 caeso
908 942 965 976 curn
985 927 1099 975 exercitu
1117 926 1146 976 P.
1166 926 1284 979 Iuventio
1302 934 1423 990 pretore,
1445 926 1472 972 sb

420 1016 454 1077 Q.
475 1016 581 1067 Caecilio
602 1019 685 1068 victus
704 1030 843 1085 captusque
861 1027 900 1069 est
917 1028 942 1067 at
960 1028 1063 1083 recepte
1080 1018 1241 1083 Macedonia.

851 1180 900 1229 EX
919 1179 985 1229 LlB.
1004 1179 1048 1228 LI.

491 1292 632 1355 Carthago,
667 1294 694 1341 in
720 1295 853 1344 circuitum
871 1280 971 1357 Mill-1
988 1310 1108 1359 passuum
1133 1301 1236 1359 patens,
1271 1309 1368 1357 magno
1394 1294 1477 1342 labore

418 1387 525 1435 obsessa
543 1393 569 1433 et
586 1399 631 1447 per
649 1395 734 1449 partes
753 1396 830 1449 capta
848 1396 900 1445 cst;
923 1388 1031 1451 primum
1052 1403 1067 1435 a
1085 1387 1206 1436 Mancino
1224 1387 1321 1449 legato,
1349 1386 1443 1435 deiude
1464 1400 1477 1433 a

418 1477 539 1541 Scipione
558 1492 626 1535 cos,
655 1478 695 1526 cui
722 1487 794 1527 extra
819 1488 914 1529 sortem
938 1481 1067 1544 provincia
1085 1479 1177 1529 Africa
1195 1480 1256 1528 data
1274 1486 1337 1528 erat.
1374 1477 1477 1528 Cartha-

418 1572 547 1650 ginienses
566 1578 642 1634 portu
662 1586 742 1629 novo,
767 1573 828 1633 quia
846 1581 919 1621 vetus
938 1589 953 1621 a
974 1572 1092 1635 Scipione
1111 1580 1165 1619 erat
1183 1572 1343 1630 obstructus,
1370 1572 1440 1621 lacto
1457 1581 1478 1620 ct

419 1672 551 1712 contracta
569 1663 635 1712 clam
654 1664 748 1727 exiguo
767 1674 880 1729 tempora
899 1666 983 1728 ampla
1002 1664 1097 1728 classe,
1124 1652 1259 1713 infeliciter
1283 1664 1373 1712 navali
1392 1664 1477 1728 proelio

418 1763 602 1820 pugnaverunt.
639 1756 807 1805 Hasdrubalis
832 1772 941 1821 quoque,
972 1756 1042 1804 ducis
1067 1770 1162 1815 eorum,
1187 1764 1270 1805 castra
1289 1758 1322 1804 ad
1342 1757 1477 1820 Nepherim

418 1848 538 1913 oppidum
562 1848 621 1897 loco
639 1846 737 1897 difficili
761 1850 809 1898 sita
834 1864 893 1899 cum
913 1849 1026 1903 exercitu
1051 1849 1136 1897 deleta
1159 1857 1217 1898 sunt
1242 1865 1257 1896 a
1275 1847 1414 1913 Scipione,
1440 1848 1478 1911 qni

417 1943 520 1991 taudem
539 1942 618 1989 arbem
641 1943 798 2003 expugnavit-
819 1943 1043 2006 septingentesimo
1071 1956 1151 1999 anno,
1179 1956 1255 2006 qoam
1283 1950 1340 1989 erat
1367 1942 1478 1989 conditu.
1556 1970 1557 1981 .

415 2033 561 2097 Spoliorum
582 2033 664 2081 maior
681 2049 740 2097 pars
758 2034 865 2096 Siculis,
892 2035 983 2098 quibus
1009 2034 1095 2083 ablata
1117 2041 1203 2093 erant,
1227 2034 1336 2082 reddita.
1385 2033 1478 2085 Ultimo

416 2125 486 2174 urbis
502 2126 603 2174 excidio
621 2141 697 2189 quum
716 2142 743 2175 se
762 2127 907 2176 Hasdrubal
927 2126 1041 2191 Scipioni
1070 2126 1195 2187 dedisset,
1225 2139 1291 2173 uxor
1318 2128 1392 2187 eius,
1427 2141 1478 2189 qua

415 2219 504 2282 paucis
522 2228 582 2267 ante
600 2220 690 2268 dicbus
708 2220 740 2268 de
758 2221 851 2269 marito
869 2221 1006 2284 impetrare
1025 2233 1077 2267 nou
1094 2224 1226 2281 potuerat,
1252 2224 1280 2264 ut
1301 2217 1333 2264 ad
1353 2218 1477 2265 victorem

414 2311 617 2373 transfugerent,
641 2313 668 2359 in
691 2313 802 2361 medium
825 2328 853 2361 se
876 2312 1008 2375 flagrantis
1033 2310 1102 2359 urbis
1128 2310 1274 2359 incendium
1299 2324 1358 2358 cum
1380 2310 1477 2359 duobus

414 2404 502 2454 liberis
520 2420 553 2453 cx
571 2418 630 2453 arce
651 2404 825 2468 precipitavit.
863 2405 951 2468 Scipio
971 2403 1088 2466 exemplo
1111 2402 1190 2466 patria
1213 2403 1251 2451 sui
1273 2401 1376 2450 AEmilii
1397 2402 1477 2461 Pauli,

416 2498 458 2561 qui
477 2498 657 2546 Macedoniam
676 2497 784 2556 vicerat,
811 2498 885 2547 ludos
904 2496 964 2546 lacit
982 2494 1178 2558 transfugasque
1197 2510 1227 2545 ac
1246 2493 1372 2556 fugitivos
1395 2496 1478 2545 bestiis

416 2589 518 2639 obiecit.
554 2589 622 2638 Belli
640 2590 749 2639 Achaici
768 2589 867 2638 semina
885 2588 1109 2651 referanturhoc,
1129 2589 1197 2650 qaod
1216 2587 1295 2649 legati
1315 2587 1431 2637 Romani
1449 2588 1478 2636 ab

415 2681 519 2730 Achaeis
538 2681 631 2745 pulsati
651 2683 702 2730 siut
720 2681 849 2744 Corinthi,
873 2682 958 2741 missi,
976 2690 1006 2729 ut
1024 2695 1067 2729 cas
1086 2681 1215 2739 civitates,
1235 2693 1291 2742 quse
1309 2681 1358 2729 snb
1378 2682 1479 2730 dicione

414 2773 526 2837 Philippi
543 2772 662 2833 fueraut·
676 2775 708 2824 ab
726 2774 842 2824 Achaico
861 2773 970 2822 concilio
989 2780 1155 2823 secernerent.

837 2932 887 2983 EX
905 2934 970 2983 LIB.
990 2933 1045 2983 Lll.
1111 2928 1118 2939 ’

485 3044 550 3096 Cum
569 3047 687 3108 Achaeis,
715 3048 756 3111 qui
783 3048 810 3096 iu
835 3049 931 3099 auxilio
950 3050 1055 3098 Boeotos
1082 3055 1107 3095 et
1129 3045 1312 3095 Chalcidenses
1338 3043 1477 3103 habebant,

355 3124 360 3131 ¹
417 3137 447 3197 Q.
469 3139 587 3189 Caecilius
606 3140 725 3189 Metellus
750 3142 783 3189 ad
805 3142 991 3205 Thcrmopylas
1017 3141 1085 3189 bello
1110 3139 1231 3187 conflixit.
1276 3134 1377 3196 Quibus
1406 3138 1477 3187 victis

413 3232 467 3280 dux
485 3247 573 3281 eorum
596 3230 725 3282 Critolaus
744 3241 851 3282 mortem
878 3234 927 3282 sihi
951 3248 1049 3282 veneno
1067 3232 1199 3280 conscivit.
1236 3229 1265 3277 ln
1293 3230 1366 3278 cuius
1391 3230 1475 3279 locum

415 3326 515 3383 Diaeus,
543 3324 653 3374 Achaici
680 3333 765 3374 motus
796 3326 891 3389 primns
921 3336 1021 3386 auctor,
1053 3327 1085 3374 ab
1105 3325 1207 3374 Aenon
1235 3324 1288 3371 dux
1315 3330 1419 3372 creatus
1445 3322 1476 3370 ad

412 3418 529 3466 Isthmon
545 3432 561 3465 a
574 3418 604 3465 1..
616 3418 741 3467 Mummio
761 3434 814 3470 cos.
833 3422 915 3469 victus
934 3428 986 3479 cst;
1005 3418 1056 3482 qui,
1075 3418 1143 3465 omni
1154 3416 1255 3465 Achaia
1273 3417 1299 3464 iu
1319 3417 1475 3464 deditionem

413 3517 527 3572 accepta,
546 3506 687 3559 Corinthon
706 3525 739 3559 ex
758 3509 808 3562 SC.
829 3513 913 3572 diruit,
932 3514 992 3575 quia
1010 3512 1046 3559 ibi
1064 3510 1142 3571 legati
1160 3508 1268 3557 Romani
1286 3509 1375 3557 violati
1395 3516 1474 3557 erant.

413 3601 510 3650 Thebas
528 3616 629 3666 quoque
646 3612 672 3651 et
683 3601 795 3663 Chalcis,
817 3619 873 3667 quae
891 3605 987 3653 auxilio
1006 3603 1114 3663 fueraut,
1133 3603 1230 3650 diruam.
1266 3600 1325 3664 Ipse
1343 3600 1375 3649 L.
1391 3600 1475 3649 Mum·

413 3696 479 3743 mius
506 3696 749 3781 abstinentissimprm
780 3696 861 3744 virum
893 3697 958 3758 egit,
998 3682 1045 3745 uec
1076 3696 1211 3759 quicquam
1243 3710 1276 3743 cx
1313 3694 1350 3742 cis
1384 3694 1474 3757 opibus

414 3788 633 3851 ornamentisque,
674 3802 730 3851 quat
760 3789 885 3853 praedives
913 3788 1050 3839 Corinthos
1083 3788 1184 3847 habuit,
1222 3788 1248 3835 iu
1281 3788 1387 3835 domum
1421 3787 1474 3833 eius

412 3880 535 3943 pervenit.
573 3878 605 3938 Q
629 3880 746 3929 Caecilius
765 3881 885 3931 Metellus
904 3884 935 3930 de
957 3883 1082 3930 Andrisco
1101 3880 1270 3943 triumphavit,
1289 3877 1319 3927 P.
1340 3876 1474 3927 Cornelius

414 3968 570 4039 {Africanus}
591 3972 678 4036 Scipio
696 3972 852 4023 AEmilianns
876 3976 907 4023 de
929 3975 1083 4037 Carthagine
1107 3982 1133 4021 et
1152 3971 1321 4023 Hasdrubale.
1359 3972 1473 4022 Viriatus

411 4066 583 4129 in,Hispania
599 4066 707 4128 primurn
727 4080 759 4113 ex
776 4076 880 4130 pastore
897 4076 1013 4127 venator,
1041 4080 1073 4113 ex
1090 4075 1211 4115 uenatore
1229 4066 1308 4125 latro,
1333 4081 1397 4115 mox
1414 4066 1471 4114 iusti

413 4172 514 4221 quoqne
533 4160 659 4207 exercitus
678 4160 730 4206 dux
748 4157 840 4221 lactus,
862 4169 943 4211 totam
956 4160 1115 4210 Lusitaniam
1134 4158 1276 4221 occupavit,
1295 4158 1332 4208 M.
1347 4160 1470 4209 Vetilium

412 4260 553 4313 praetorem,
578 4250 635 4301 suso
668 4253 723 4301 eius
748 4254 869 4314 exercitu,
897 4254 971 4317 cepit,
998 4263 1056 4317 post
1084 4267 1159 4314 quem
1188 4252 1216 4300 C.
1236 4250 1353 4301 Plautius
1381 4261 1471 4316 prator

412 4342 493 4392 nihilo
516 4342 614 4393 felicius
639 4360 691 4393 rem
716 4346 809 4407 gessit3
824 4354 988 4409 „tantumque
1007 4356 1128 4395 terrorem
1155 4346 1176 4395 ia
1203 4346 1283 4395 hostis
1306 4346 1408 4406 intulit,
1443 4354 1468 4393 ut
