3475 5084
1349 1394 1864 1513 PRAEFATm‘

1119 1624 1214 1694 Io.
1260 1623 1586 1696 NtconAl
1634 1624 2050 1697 MAnvlen.

1484 1807 1676 1814 Ἦ

685 1908 1009 1968 Consilium
1053 1920 1111 1968 et
1155 1908 1375 1966 initium
1424 1907 1621 1977 buius,
1681 1928 1854 1984 quam
1904 1909 2127 1987 aliquot
2178 1912 2295 1970 iam
2352 1931 2536 1970 annos
2577 1913 2637 1970 in

525 1995 600 2051 '12
637 1993 795 2050 Livii
836 1993 997 2051 libris
1042 2011 1219 2069 pono,
1266 2009 1457 2067 operae
1502 2009 1715 2066 magna
1758 2013 1831 2050 ex
1874 2006 2041 2070 parte
2085 1995 2223 2052 mihi
2264 2006 2462 2053 natum
2508 2015 2635 2054 esse

523 2096 557 2133 a
596 2077 910 2152 postremis
959 2077 1242 2151 quinque,
1286 2075 1382 2150 qui
1425 2086 1761 2150 supersunt,
1803 2077 1964 2134 libris
2008 2077 2346 2153 codiceque,
2397 2079 2494 2153 qui
2537 2098 2638 2137 eos

519 2179 665 2217 unus
709 2169 925 2230 servat,
967 2159 1091 2216 sive
1134 2158 1673 2217 Laurishamensem
1719 2159 1843 2217 sive
1880 2160 2390 2218 Vindobonensem
2437 2162 2636 2238 appel-

518 2243 640 2300 lare
685 2242 991 2314 malumuS,
1034 2242 1154 2300 dixi
1195 2243 1310 2299 iam
1358 2241 1421 2298 in
1459 2240 1942 2300 Emendationum
1978 2245 2346 2302 Livianarum
2395 2245 2636 2302 exordio

518 2326 601 2402 (p.
635 2327 716 2400 2).
781 2327 992 2401 Itaque
1035 2345 1209 2402 quum
1253 2324 1440 2400 ipsum
1474 2324 1625 2381 Livii
1669 2345 1815 2401 opus
1859 2345 1987 2384 cum
2032 2328 2309 2404 Ussingio
2352 2328 2635 2386 edendum

517 2411 925 2486 suscepissem,
957 2409 1358 2479 iucunditatiS,
1402 2417 1465 2464 ut
1505 2407 1566 2464 in
1607 2428 1671 2465 re
1716 2427 1832 2465 non
1875 2429 2117 2485 magna,
2166 2411 2385 2469 fructus
2425 2412 2632 2486 aliquis

518 2511 595 2549 ex
638 2512 706 2550 eo
749 2493 1211 2568 proponebatur,
1268 2491 1352 2562 si,
1396 2489 1551 2565 quod
1593 2510 1780 2566 prope
1821 2494 2128 2567 sperabam
2172 2494 2336 2565 fore,
2379 2495 2632 2569 quinque

511 2575 641 2634 illos
685 2576 865 2634 libros
908 2577 985 2632 ad
1038 2576 1250 2633 codicis
1311 2574 1479 2631 fidem
1525 2586 1806 2649 perpetua
1861 2575 2196 2639 recensione,
2235 2587 2472 2635 exactos
2514 2577 2630 2652 pri-

509 2677 637 2714 mus
681 2660 763 2716 ita
802 2660 1128 2729 edidissem,
1178 2669 1259 2728 ut,
1304 2667 1581 2714 annotata
1623 2658 1779 2714 omni
1824 2659 2036 2716 codicis
2079 2659 2383 2736 scriptura,
2425 2660 2629 2718 ceteris

511 2741 580 2799 de
619 2743 737 2802 fide
780 2742 995 2801 codicis
1037 2753 1095 2800 et
1136 2741 1401 2799 editionis
1442 2741 1732 2798 iudicandi
1775 2742 1946 2817 plena
1986 2744 2149 2800 fieret
2178 2745 2363 2819 copia.
2430 2747 2629 2818 Atque

512 2825 712 2896 etiam,
778 2846 953 2902 quum
1000 2836 1199 2884 aestate
1248 2825 1560 2899 superioris
1602 2825 1741 2881 anni
1786 2824 2193 2884 vindobonam
2249 2827 2628 2884 excurrissem

507 2909 821 2984 codiceque
870 2929 975 2985 per
1020 2909 1243 2984 aliquot
1286 2908 1408 2964 dies
1450 2907 1705 2964 studiose
1751 2918 2017 2979 tractato,
2060 2920 2336 2984 quantum
2381 2910 2626 2967 enotatis

507 2992 644 3050 mihi
690 2995 766 3050 ab
818 2993 945 3049 aliis
989 2992 1110 3050 eius
1152 2990 1449 3066 scripturis
1508 2991 1797 3047 confidere
1852 3011 2112 3068 possem,
2162 2993 2284 3069 ipse
2329 2994 2627 3069 exploras-

505 3092 621 3132 sem
669 3076 1173 3150 dubitationesque
1214 3074 1440 3149 aliquas
1482 3074 1879 3146 sustulissem,
1936 3076 2291 3133 decrevimus
2334 3088 2645 3134 extremos

503 3158 608 3216 hos
652 3159 867 3228 libros,
912 3178 1156 3234 quorum
1201 3158 1376 3215 editio
1421 3156 1592 3214 aliam
1639 3168 1815 3231 atque
1858 3169 2174 3216 ceterorum
2226 3159 2474 3216 formam
2518 3160 2623 3215 ha-

502 3241 695 3300 bitura
740 3253 909 3313 esset,
950 3242 1143 3298 statim
1192 3241 1479 3309 emittere,
1521 3241 1790 3316 sepositis
1840 3242 2272 3318 aliquantisper,
2315 3242 2412 3317 qui
2457 3241 2623 3299 volu·

501 3325 670 3383 minis
728 3327 880 3384 tertii
934 3335 1147 3382 nostrae
1200 3323 1465 3382 editionis
1507 3334 1673 3399 parte
1716 3324 1901 3383 altera
1945 3325 2409 3403 continebuntur,
2461 3325 2622 3382 libris

504 3428 538 3466 a
578 3409 871 3466 tricesimo
918 3419 1085 3465 sexto
1117 3408 1190 3464 ad
1223 3406 1747 3482 quadragesimum.
1821 3407 1934 3466 Sed
1981 3408 2158 3479 illam,
2204 3428 2374 3483 quam
2422 3427 2619 3484 spera-

500 3511 792 3561 ver-amus,
820 3490 1092 3549 novitatis
1121 3491 1391 3564 gratiam,
1435 3508 1608 3564 quum
1654 3491 1825 3548 etiam
1859 3502 1979 3549 tum
2023 3493 2082 3548 in
2124 3492 2522 3567 componenda
2565 3501 2621 3550 et

505 3575 843 3633 adornanda
898 3575 1147 3631 editione
1200 3574 1603 3643 versabamur,
1665 3575 1938 3650 praecepit
1991 3575 2276 3632 Martinus
2331 3575 2619 3646 Hertzius,

504 3657 570 3717 V.
604 3657 696 3717 cl.
767 3659 829 3716 Is
872 3659 1042 3728 enim,
1085 3676 1259 3732 quum
1292 3658 1366 3714 ab
1397 3658 1483 3713 10.
1513 3656 1762 3725 Vahlen,
1805 3657 2132 3732 professore
2163 3658 2616 3729 Vindobonensi,

498 3761 726 3799 omnem
772 3741 987 3799 codicis
1029 3741 1326 3816 scripturae
1371 3739 1707 3797 varietatem
1765 3741 2066 3816 diligenter
2112 3752 2402 3798 enotatam
2451 3759 2615 3798 acce-

496 3825 706 3900 pisset,
766 3826 916 3881 hanc
960 3824 1188 3881 Liviani
1238 3823 1428 3898 operis
1472 3836 1692 3896 partem
1738 3823 1814 3879 ad
1859 3825 2115 3881 codicem
2160 3836 2421 3881 exactam
2473 3844 2609 3880 mm-

496 3917 695 3965 tumno
772 3907 1083 3984 superioris
1148 3907 1281 3963 anni
1347 3906 1501 3981 apud
1562 3905 2004 3964 Tauchnitzium
2066 3907 2242 3964 edidit
2309 3908 2613 3980 imamque

497 3991 794 4048 varietatis
836 3991 1261 4047 annotationem
1307 3990 1587 4064 integram
1633 3989 1913 4046 adiunxit.
1993 3991 2202 4065 Neque
2244 4000 2433 4046 tamen
2481 3992 2609 4044 ideo

496 4086 707 4132 nostrae
754 4075 922 4130 nobis
983 4073 1248 4130 editionis
1304 4072 1601 4129 consilium
1647 4072 1983 4134 mutandum
2028 4074 2214 4130 visum
2262 4084 2361 4129 est.
2457 4076 2609 4128 Num

498 4176 671 4233 quum
738 4167 918 4214 totam
982 4156 1241 4215 Livianae
1302 4155 1578 4213 orationis
1637 4155 1886 4213 formam
1950 4174 2186 4232 prorsus
2249 4156 2321 4212 de
2385 4159 2605 4228 integro

498 4240 989 4299 constituissemus
1049 4249 1108 4297 et
1158 4239 1336 4297 talem
1393 4237 1813 4311 effecissemus,
1871 4239 2058 4314 qualis
2112 4239 2321 4298 codicis
2369 4240 2609 4312 vestigia
