3475 5084
620 593 677 642 Lib.
698 590 944 644 Gle-CXVHL
1236 596 1270 649 71

254 761 378 850 bonores,
406 804 482 853 quum
501 798 561 839 aute
578 790 657 839 sedem
675 790 783 840 Veneris
802 789 944 840 Genetricis
963 791 1069 849 sederet,
1097 802 1148 837 uon
1167 788 1314 849 assurrexit,

259 893 286 933 et
310 886 376 947 quod
401 901 418 932 a
442 884 476 932 Μ.
500 884 616 933 Antonio
639 884 742 931 consule
764 883 865 945 collega
894 898 940 932 suo
966 883 1032 931 inter
1057 882 1174 945 lupercos
1198 888 1314 927 currente

259 979 379 1026 diadema
397 976 471 1040 cupiti
489 992 536 1025 suo
550 974 697 1039 impositum
716 973 743 1021 iu
761 974 823 1023 sella
839 977 958 1038 reposuit,
976 984 1002 1023 et
1017 975 1086 1038 quod
1099 972 1190 1037 Epidio
1202 970 1314 1021 Marullo

258 1077 285 1119 et
312 1070 418 1119 Caesetio
444 1069 524 1116 Flavo
549 1065 655 1115 tribunis
681 1067 770 1130 plebis,
798 1068 920 1115 iuvidiam
952 1066 974 1114 ei
1005 1074 1124 1127 tanquam
1150 1079 1256 1127 regnum
1277 1062 1314 1112 ai-

257 1161 365 1212 fectauti
383 1161 532 1218 mouentibus,
553 1169 665 1223 potestas
683 1160 808 1221 abrogata
826 1167 872 1211 est.
906 1158 948 1207 Ex
967 1160 1006 1208 his
1025 1158 1109 1207 causis
1128 1157 1315 1220 conspiratione

256 1256 285 1303 in
309 1270 366 1303 eum
395 1253 476 1313 facts,
507 1253 579 1301 cuius
604 1252 687 1315 capita
710 1250 812 1299 fuerunt
835 1252 872 1299 Μ.
891 1251 985 1300 Brutus
1010 1258 1036 1299 et
1055 1248 1081 1298 C.
1102 1248 1204 1299 Cassius
1231 1255 1256 1295 et
1282 1260 1315 1295 ex

257 1345 369 1395 (luseris
393 1346 508 1410 Partibus
532 1343 565 1392 Ι),
584 1343 679 1391 Brutus
701 1350 728 1391 et
753 1341 783 1395 C.
802 1344 959 1403 Trebonius,
989 1343 1016 1390 in
1034 1342 1150 1407 Pompeii
1175 1340 1246 1388 curie
1270 1352 1314 1387 oc·

256 1440 328 1489 ciens
357 1447 396 1487 est
422 1410 515 1486 XXIII
544 1435 706 1495 vulneribus,
737 1446 938 1499 occupatumque
967 1436 999 1484 ab
1027 1432 1231 1484 interlectoribus
1260 1433 1314 1480 eius

258 1531 422 1596 Capitolium.
462 1527 596 1577 Oblivioue
617 1528 708 1576 deinde
733 1529 809 1577 cadis
831 1529 886 1577 cius
903 1543 918 1576 a
936 1530 1157 1585 senatudeoreta,
1183 1525 1314 1574 obsidibus

255 1624 365 1674 Antonii
386 1631 410 1671 et
428 1621 517 1684 Lepidi
540 1620 628 1668 liberis
654 1620 764 1682 acceptis
789 1620 914 1669 coniurati
938 1636 954 1669 a
971 1619 1100 1685 Capitolio
1118 1620 1312 1675 descenderunt.

256 1716 423 1764 Testamenta
452 1713 560 1762 Caesaris
586 1711 659 1760 heres
689 1726 721 1759 ex
750 1721 820 1775 purte
847 1714 952 1761 dimidie
981 1715 1110 1763 institutus
1135 1710 1163 1761 (l.
1183 1709 1312 1767 Octavius,

255 1808 352 1856 sororis
370 1820 461 1868 nepos,
489 1814 516 1854 et
533 1805 560 1852 in
585 1817 677 1852 nomen
695 1804 832 1867 adoptatus
857 1814 904 1855 cst.
943 1804 1049 1854 Caesaris
1072 1820 1161 1868 eorpus
1185 1818 1262 1866 quum
1287 1803 1313 1850 in

254 1914 374 1962 campum
394 1899 515 1946 Martium
534 1896 648 1955 ferretur,
673 1897 781 1960 aplebe
800 1909 859 1946 ante
880 1907 962 1947 rostra
981 1907 1120 1951 crematum
1140 1906 1185 1945 est.
1222 1896 1312 1945 Dicta·

254 1999 320 2040 turre
338 1992 421 2040 honos
440 1992 632 2053 inperpetuum
655 1989 770 2038 sublatus
788 1998 834 2038 est.
872 1989 901 2039 C.
924 1993 1048 2051 Amatius,
1069 1990 1218 2039 humillime
1237 1988 1312 2037 sortis

254 2085 350 2143 homo,
375 2084 417 2148 qui
437 2098 464 2133 se
485 2083 514 2132 C.
534 2082 608 2130 Marii
632 2081 713 2129 filium
738 2081 849 2144 ferebat,
876 2098 952 2157 quum
972 2085 1038 2147 apud
1063 2082 1191 2131 credulem
1209 2079 1313 2146 plebem

254 2176 393 2227 seditiones
411 2184 532 2235 moveret,
550 2184 656 2223 necatus
675 2182 721 2223 est·

1235 2244 1242 2267 t

651 2334 701 2383 EX
718 2335 785 2386 L1B.
805 2333 915 2384 cxvn.

328 2450 358 2501 0.
389 2451 509 2501 Octavius
535 2450 642 2498 Romam
678 2464 710 2499 ex
740 2449 819 2514 Epiro
851 2450 922 2497 venit
956 2446 999 2513 (eo
1032 2448 1099 2497 euim
1126 2449 1198 2497 illum
1227 2448 1312 2497 Caesar
1379 2515 1382 2520 Ι
1409 2472 1411 2478 .

253 2547 410 2613 praemiserat
444 2541 538 2591 bellurn
567 2541 593 2588 in
620 2540 772 2589 Macedonia
799 2546 942 2604 gesturus),
977 2543 1156 2605 ominibusque
1184 2542 1311 2605 prosperis

253 2648 378 2701 exceptus
398 2633 444 2701 [et]
466 2649 558 2682 nomen
572 2631 681 2682 (luseris
696 2635 811 2696 sumpsit·
849 2633 879 2682 ln
896 2632 1044 2682 confusione
1057 2649 1140 2682 rerum
1160 2648 1190 2681 ac
1202 2635 1312 2682 tumultu

252 2730 292 2781 M.
311 2729 424 2792 Lepidus
449 2726 622 2791 pontificatum
648 2727 785 2773 maximum
812 2727 952 2789 intercepit.
996 2727 1031 2775 Et
1048 2726 1086 2779 M.
1109 2728 1235 2775 Antonius
1259 2741 1311 2775 cos.

254 2835 333 2884 quum
352 2821 505 2883 impotenter
522 2819 695 2868 dominaretur
713 2819 845 2882 legemque
871 2820 903 2866 de
919 2818 1106 2882 permutatione
1125 2820 1312 2883 provinciarum

252 2913 368 2977 pervim
390 2912 490 2975 tulisset
513 2918 539 2958 et
559 2911 685 2958 Caesarem
705 2923 806 2973 quoque
829 2920 971 2974 petentem,
1000 2920 1028 2960 ut
1047 2912 1094 2960 sibi
1114 2888 1235 2959 adversus
1254 2926 1312 2974 per·

253 3018 372 3053 caesores
392 3005 510 3051 avunculi
528 3004 642 3060 adesset,
668 3002 767 3063 magnis
787 3003 884 3051 iniuriis
903 3002 1045 3063 affecisset,
1071 3003 1156 3053 Caesar
1176 3014 1202 3053 et
1220 3005 1268 3052 sibi
1287 3011 1312 3052 et

252 3099 291 3146 rei
310 3078 493 3161 publicoevires
506 3094 627 3143 adversus
647 3108 704 3140 eum
717 3074 984 3156 paraturus'deductos
999 3098 1026 3144 in
1045 3097 1160 3145 colonias
1179 3106 1313 3145 veteranos

254 3189 385 3237 excitavit.
432 3187 558 3249 Legiones
583 3200 682 3249 quoque
707 3196 797 3249 quarta
820 3195 845 3235 et
869 3188 963 3237 Martia
985 3190 1058 3250 signa
1083 3191 1115 3237 ab
1139 3189 1255 3237 Antonio
1280 3188 1313 3237 ad

255 3281 384 3332 Caesarem
404 3280 529 3338 tulerunt;
547 3279 639 3327 deinde
658 3288 683 3326 et
701 3280 844 3343 complures
863 3281 959 3329 saevitia
976 3282 1014 3331 M,
1033 3281 1148 3340 Antonii,
1173 3282 1267 3345 passim
1287 3282 1313 3329 iu

230 3412 232 3416 .
255 3373 345 3423 cestrie
363 3374 415 3422 suis
435 3374 591 3431 trucidantis,
610 3372 653 3433 qui
672 3372 695 3419 ei
714 3372 824 3435 suspecti
843 3379 923 3429 crant,
942 3374 974 3421 ad
993 3370 1120 3421 Caesarem
1140 3374 1312 3425 desciverunt.

256 3467 289 3516 D.
309 3466 412 3524 Brutus,
442 3474 471 3513 ut
497 3464 592 3526 petenti
614 3462 767 3528 Cisalpinam
788 3464 898 3514 Galliam
920 3464 1033 3513 Antonio
1061 3464 1204 3524 obsisteret,
1232 3466 1312 3514 Muti·

254 3574 316 3607 narn
335 3573 391 3605 cum
412 3560 522 3606 exercitu
545 3558 684 3620 occuparit.
729 3556 856 3606 Praeterea
880 3558 1007 3624 discursus
1026 3558 1255 3621 utriusquepartis
1275 3559 1314 3609 vi·

254 3666 341 3699 rorum
360 3650 393 3698 ad
411 3650 574 3713 accipiendas
591 3636 734 3712 provincias
752 3660 940 3714 apparatusque
959 3650 1020 3699 belli
1038 3650 1158 3699 eontinet.

645 3810 695 3859 EX
711 3810 778 3859 LIB.
800 3811 923 3862 CXVIII.

325 3925 363 3974 M.
382 3924 476 3973 Brutus
492 3925 519 3972 iu
537 3922 636 3973 Graecia
654 3926 701 3973 sub
720 3935 843 3989 praetextu
866 3926 902 3975 rei
921 3925 1029 3989 publicae
1047 3930 1072 3973 et
1091 3924 1202 3988 suscepti
1222 3934 1312 3973 contra

256 4018 292 4068 Μ.
312 4018 453 4067 Antbninm
473 4017 532 4065 belli
551 4018 699 4076 exereitum,
719 4019 758 4066 cui
778 4019 807 4067 P.
827 4018 946 4067 Vatinius
965 4024 1080 4081 praerat,
1105 4030 1161 4065 eum
1180 4018 1312 4081 provincis

256 4110 283 4158 iu
302 4118 454 4173 potestatem
472 4122 544 4157 suam
562 4111 668 4172 redegit.
707 4110 735 4159 C.
752 4108 854 4168 Caesari,
874 4112 917 4173 qui
931 4111 1043 4173 privatus
1061 4110 1096 4157 rei
1115 4110 1222 4172 publicu
1241 4126 1312 4160 arma

257 4212 404 4266 sumpserat,
422 4204 583 4265 propraetoris
601 4203 734 4266 imperium
754 4217 769 4251 a
787 4212 878 4251 senatu
896 4204 982 4253 datum
1003 4212 1043 4250 est
1060 4216 1116 4249 cum
1136 4204 1312 4251 consularibus

258 4297 422 4354 emanantis,
448 4295 632 4357 adiectumque,
658 4302 687 4343 nt
704 4303 808 4344 senator
825 4302 902 4343 esset.
951 4292 987 4342 Μ.
1007 4294 1136 4343 Antonius
1154 4294 1187 4341 D.
1206 4294 1311 4342 Brutum

258 4388 364 4436 Mutinae
381 4386 496 4446 obsedit,
512 4385 641 4449 'missique
666 4389 699 4435 ad
717 4403 776 4437 euru
793 4404 809 4436 a
827 4396 917 4437 senatu
936 4383 1023 4449 legati'
1036 4388 1068 4435 de
1090 4400 1154 4449 pace
1172 4402 1259 4449 parum
1279 4387 1313 4435 ad
