3475 5084
375 557 380 569 ι
451 586 488 640 3⁸2
873 584 1002 633 Periocha

410 780 572 841 Mandonius,
591 782 786 845 exposcentibus
804 784 936 843 Romanis,
959 798 975 831 a
996 781 1049 833 suis
1067 783 1175 833 deditus.
1212 784 1333 846 Magoni,
1357 786 1397 847 qui
1414 783 1456 832 Al·

408 873 530 935 biugauui
548 874 573 921 iu
593 872 730 935 Liguribus
748 884 810 935 erat,
836 891 869 925 ex
886 876 977 926 Africa
1003 882 1029 924 et
1047 875 1153 925 militnm
1176 876 1262 941 ampla
1281 890 1370 924 manus
1388 874 1458 924 missa

408 973 434 1014 ct
451 966 571 1028 pecuniae,
595 966 686 1029 quibus
704 967 801 1016 auxilia
819 971 978 1028 conduceret,
1003 975 1215 1033 praeceptumque,
1236 976 1263 1016 ut
1282 982 1309 1017 se
1327 967 1457 1017 Hannibali

409 1058 582 1119 coniungeret,
625 1057 711 1123 Scipio
729 1075 744 1108 a
763 1061 897 1123 Syracusis
915 1063 941 1109 iu
960 1062 1073 1110 Bruttios
1098 1061 1198 1109 traiecit
1222 1070 1247 1109 et
1264 1061 1370 1119 Locros,
1392 1060 1458 1123 pulso

408 1150 507 1199 Punico
525 1151 643 1213 prasidio
659 1151 799 1217 fugatoque
807 1154 959 1215 Hannibale,
979 1154 1081 1217 recepit.
1117 1153 1175 1201 Pax
1194 1166 1252 1201 cum
1261 1151 1383 1216 Philippo
1400 1150 1460 1200 facta

408 1249 454 1292 est.
481 1243 576 1291 Mater
599 1243 669 1292 ldae
692 1246 825 1308 deportata
842 1256 881 1295 est
900 1247 1007 1295 Romam
1027 1262 1043 1295 a
1059 1245 1211 1295 Pessinunte
1230 1244 1324 1307 oppido
1342 1243 1461 1307 Phrygia,

409 1336 520 1385 carmine
545 1336 572 1384 in
601 1336 673 1386 libris
692 1338 823 1401 Sibyllinis
848 1340 965 1398 invento,
993 1339 1053 1403 pelli
1076 1338 1153 1387 Italia
1176 1337 1346 1397 alienigenam
1369 1337 1461 1385 hostem

407 1443 496 1494 posse,
526 1429 547 1478 si
574 1437 654 1479 mater
679 1430 749 1480 Idaea
782 1432 916 1495 deportata
943 1431 1051 1480 Romam
1079 1438 1158 1490 esset3
1193 1430 1287 1478 tradita
1318 1436 1359 1477 est
1385 1436 1461 1477 autem

407 1521 530 1571 Romanis
548 1537 593 1586 per
612 1525 728 1571 Attalum
746 1538 832 1586 regem
853 1523 931 1572 Asiae.
972 1524 1050 1585 Lapis
1075 1532 1141 1585 erat,
1170 1535 1247 1584 quem
1266 1530 1374 1570 matrem
1393 1522 1462 1569 deum

407 1615 499 1663 incolae
519 1616 646 1665 dicebant.
693 1616 803 1680 Excepit
820 1616 850 1665 P.
871 1616 957 1679 Scipio
981 1615 1076 1664 Nasica
1095 1613 1141 1663 On.
1167 1614 1245 1674 filius,
1270 1614 1343 1672 eius,
1374 1614 1416 1677 qui
1440 1613 1462 1661 in

407 1708 531 1771 Hispania
548 1708 670 1770 perierat,
694 1709 733 1757 vir
749 1710 861 1772 optimus
881 1725 896 1757 a
914 1716 1004 1757 senatu
1022 1710 1161 1768 iudicatus,
1186 1709 1336 1757 adolescens
1356 1706 1462 1753 noudum
1545 1748 1546 1759 ,

408 1800 570 1863 quaestorius,
597 1802 717 1862 quoniam
744 1802 780 1850 ita
803 1816 950 1865 responsum
974 1802 1091 1859 iubebat,
1114 1811 1143 1849 nt
1160 1802 1185 1849 id
1205 1815 1300 1849 numen
1319 1800 1353 1847 ab
1373 1798 1463 1862 optimo

408 1894 462 1963 viro
481 1893 634 1956 reciperetur
652 1904 901 1956 consecrareturqne.
939 1895 1078 1944 Locrenses
1095 1895 1194 1957 legatos
1205 1894 1315 1942 Romam
1334 1893 1463 1950 miseruut,

408 1986 451 2048 qui
470 1987 501 2034 de
519 1986 677 2047 impudentia
695 1986 814 2035 Pleminii
837 1988 915 2049 legati
934 1996 1112 2051 quererentur,
1140 1987 1182 2050 qui
1209 1986 1345 2048 pecuniam
1365 1986 1464 2034 Proser·

407 2079 474 2142 pinse
493 2078 629 2126 sustulerat
647 2086 674 2126 et
690 2078 784 2127 llberos
809 2094 897 2129 eorum
922 2095 953 2129 ac
979 2081 1100 2142 coniuges
1119 2086 1285 2143 stupraverat.
1322 2078 1353 2127 In
1374 2078 1464 2127 catenis

407 2170 515 2218 Romam
541 2172 677 2233 perductus
704 2172 732 2219 in
756 2186 856 2221 carcerc
881 2180 918 2221 est
942 2180 1063 2221 mortuus.
1117 2169 1201 2230 Quum
1225 2171 1307 2219 falsus
1331 2185 1420 2220 rumor
1436 2170 1464 2217 de

407 2261 437 2311 P.
458 2263 578 2327 Scipione
595 2278 704 2327 procos,
724 2264 811 2325 quiin
830 2265 999 2328 Siciliaerat,
1025 2265 1051 2312 iu
1068 2265 1157 2312 urbem
1177 2263 1288 2326 perlatus
1307 2272 1386 2321 esset,
1412 2271 1464 2309 tau·

408 2369 484 2416 quam
504 2355 525 2402 is
543 2355 722 2417 luxuriaretur,
742 2356 824 2405 missis
842 2358 875 2405 ob
897 2358 946 2405 hoc
965 2357 1056 2418 legatis
1075 2371 1090 2404 a
1108 2365 1206 2416 senatu,
1234 2358 1277 2418 qui
1296 2356 1465 2421 explorarent,

407 2463 441 2496 au
459 2461 490 2495 ea
507 2436 680 2509 vera'esseut,
698 2458 822 2514 purgatus
840 2448 945 2497 infamia
955 2449 1041 2512 Scipio
1059 2448 1085 2496 in
1098 2446 1211 2497 Africam
1222 2450 1349 2511 permissu
1365 2456 1464 2498 senatus

408 2538 513 2587 traiecit.
552 2540 664 2603 Syphax,
692 2550 798 2606 accepta
820 2544 846 2589 in
865 2541 1054 2590 matrimonium
1075 2540 1128 2589 filia
1146 2540 1314 2591 Hasdrubalis
1335 2540 1463 2603 Gisgonis,

407 2632 541 2691 amicitiae,
575 2644 651 2694 qnam
674 2648 731 2681 cum
755 2634 875 2697 Scipione
900 2635 1030 2695 iunxerat,
1057 2634 1220 2683 renuntiavit.
1261 2634 1399 2682 Masinissa
1422 2646 1464 2680 rex

407 2724 588 2785 Massyliorum
612 2725 673 2773 dum
698 2740 745 2789 pro
765 2725 1016 2789 Carthaginiensibus
1042 2727 1068 2775 iu
1086 2727 1210 2789 Hispania
1236 2725 1340 2783 militat,
1373 2725 1464 2773 amisso

407 2824 479 2878 patre
498 2815 564 2865 Gala
581 2817 612 2864 de
632 2832 710 2880 regno
730 2819 867 2867 excideret.
906 2817 965 2878 Quo
983 2834 1029 2882 per
1046 2819 1141 2868 bellum
1157 2832 1224 2881 sape
1243 2818 1351 2881 repetito
1371 2816 1465 2877 aliquot

407 2910 503 2973 proeliis
523 2925 538 2957 a
557 2909 674 2974 Syphace
700 2925 759 2973 rege
777 2911 946 2959 Numidarum
965 2911 1045 2959 victus
1070 2912 1096 2959 in
1122 2918 1203 2959 totum
1222 2911 1337 2975 privatus
1364 2921 1417 2968 est,
1443 2914 1466 2957 et

408 3017 465 3050 cum
484 3003 598 3051 ducentis
617 3004 745 3065 equitibus
757 3004 828 3053 exsul
841 3004 954 3066 Scipioni
974 3018 1000 3052 se
1018 3004 1100 3052 iunxit
1118 3012 1214 3052 etcum
1233 3017 1263 3050 eo
1282 3003 1365 3067 primo
1385 3002 1464 3051 statim

408 3095 477 3143 bello
495 3095 646 3144 Hannonem
666 3095 819 3145 Hamilcaris
836 3097 916 3145 fllium
936 3111 994 3144 cum
1013 3096 1098 3159 ampla
1115 3110 1196 3143 manu
1210 3094 1346 3143 interemit.
1383 3094 1464 3157 Scipio

408 3190 518 3237 adventu
535 3188 705 3237 Hasdrubalis
725 3199 751 3236 et
769 3188 906 3252 Syphacis,
934 3189 976 3253 qui
995 3203 1073 3252 prope
1092 3202 1149 3235 cnm
1176 3197 1277 3237 centum
1296 3186 1412 3236 millibus
1428 3200 1465 3234 ar·

408 3289 533 3330 matorum
556 3289 689 3341 venerant,
714 3283 747 3330 ab
772 3282 903 3331 obsidione
920 3280 1002 3330 Utica
1024 3280 1143 3343 depulsus
1167 3280 1274 3327 hiberna
1292 3278 1463 3328 communivit

408 3374 574 3436 Sempronius
597 3389 650 3422 cos.
678 3374 705 3421 iu
732 3388 795 3436 agro
819 3372 983 3422 Crotoniensi
1011 3386 1129 3436 prospere
1155 3372 1276 3421 adversus
1295 3372 1465 3421 Hannibalem

407 3467 539 3529 pugnavit.
576 3465 648 3514 Inter
671 3481 790 3515 censores
813 3467 849 3515 M.
870 3466 970 3516 Livium
996 3473 1022 3512 et
1039 3462 1173 3512 claudium
1192 3463 1319 3513 Neronem
1347 3463 1465 3513 notabilis

409 3558 538 3606 discordia
555 3556 616 3619 fnit3
643 3574 701 3607 nam
731 3566 757 3607 et
775 3557 898 3608 Claudius
917 3559 990 3608 Livio
1014 3557 1119 3619 collega
1145 3571 1239 3618 equum
1263 3557 1372 3615 ademit,
1400 3555 1465 3619 qnod

409 3665 425 3698 a
442 3650 537 3713 populo
557 3650 691 3700 damnatus
710 3661 833 3712 actusque
846 3650 873 3697 in
887 3650 1005 3698 exsilium
1016 3650 1107 3709 iuerat,
1128 3658 1153 3698 et
1165 3651 1251 3699 Livius
1262 3649 1381 3709 Claudio,
1400 3647 1465 3711 quod

408 3742 502 3791 falsum
529 3744 556 3791 iu
583 3760 609 3792 se
636 3745 808 3794 testimoninm
835 3744 942 3792 dixisset
968 3752 993 3791 et
1016 3744 1085 3804 quod
1109 3738 1160 3791 nou
1178 3743 1247 3790 bone
1266 3743 1315 3790 fide
1334 3757 1420 3791 secum
1440 3742 1464 3787 iu

409 3837 515 3898 gratiam
544 3838 657 3886 redisset.
702 3837 773 3886 idem
801 3849 890 3885 omnes
918 3834 998 3882 tribus
1028 3842 1102 3882 extra
1125 3850 1202 3882 uuam
1229 3834 1331 3883 aererina
1358 3833 1463 3895 reliquit,

409 3930 475 3990 quod
495 3937 520 3976 et
537 3929 699 3979 innocentem
726 3947 753 3981 se
780 3931 944 3977 damnassent
969 3935 994 3975 et
1010 3928 1116 3991 posthac
1135 3927 1264 3975 consulem
1284 3939 1463 3988 censoremque

408 4020 536 4071 iecissent.
575 4022 695 4071 Lustrum
725 4038 740 4071 a
765 4020 912 4071 censoribus
943 4020 1074 4068 conditum
1101 4029 1151 4078 est;
1183 4034 1260 4069 censa
1287 4026 1348 4069 snut
1374 4020 1463 4069 civium

409 4116 493 4179 capita
511 4100 629 4164 (Nt‘ffiti,

818 4183 868 4231 EX
888 4183 955 4234 LIB.
975 4182 1060 4232 XXX.

480 4296 562 4362 Scipio
587 4300 613 4347 iu
632 4297 722 4347 Africa
742 4298 965 4361 Carthaginienses
991 4305 1016 4345 et
1040 4298 1148 4346 eundem
1176 4296 1317 4361 Syphacem
1341 4295 1462 4346 Numidia

410 4404 493 4451 regem
506 4390 742 4455 Hasdrubalemque
762 4390 877 4455 pluribus
894 4391 989 4455 proeliis
1007 4391 1068 4439 vicit
1087 4391 1220 4440 adiuvante
1239 4391 1389 4452 Masinisss;
1406 4388 1463 4437 bins
