<?xml version="1.0" encoding="UTF-8"?>
<!DOCTYPE html PUBLIC "-//W3C//DTD XHTML 1.0 Transitional//EN"
    "http://www.w3.org/TR/xhtml1/DTD/xhtml1-transitional.dtd">
<html xmlns="http://www.w3.org/1999/xhtml" xml:lang="en" lang="en">
 <head>
  <title>
</title>
<meta http-equiv="Content-Type" content="text/html;charset=utf-8" />
  <meta name='ocr-system' content='tesseract 3.04.00' />
  <meta name='ocr-capabilities' content='ocr_page ocr_carea ocr_par ocr_line ocrx_word'/>
</head>
<body>
  <div class='ocr_page' id='page_1' title='image "./titiliviihistor02ussigoog_0196.png"; bbox 0 0 3475 5084; ppageno 0'>
   <div class='ocr_carea' id='block_1_1' title="bbox 480 510 1199 574">
    <p class='ocr_par' dir='ltr' id='par_1_1' title="bbox 480 510 1199 574">
     <span class='ocr_line' id='line_1_1' title="bbox 480 510 1199 574; baseline -0.022 -2"><span class='ocrx_word' id='word_1_1' title='bbox 480 516 537 572; x_wconf 76' lang='grc'><strong>166</strong></span> <span class='ocrx_word' id='word_1_2' title='bbox 738 510 816 561; x_wconf 86' lang='lat' dir='ltr'><strong>Liber</strong></span> <span class='ocrx_word' id='word_1_3' title='bbox 833 510 930 561; x_wconf 83' lang='lat' dir='ltr'>XLIV.</span> <span class='ocrx_word' id='word_1_4' title='bbox 966 513 1014 574; x_wconf 85' lang='grc' dir='ltr'><strong>(Δ.</strong></span> <span class='ocrx_word' id='word_1_5' title='bbox 1035 524 1060 560; x_wconf 85' lang='lat' dir='ltr'><strong>u.</strong></span> <span class='ocrx_word' id='word_1_6' title='bbox 1081 525 1102 562; x_wconf 88' lang='lat' dir='ltr'><strong>c.</strong></span> <span class='ocrx_word' id='word_1_7' title='bbox 1125 510 1199 573; x_wconf 79' lang='grc'>585.)</span> 
     </span>
    </p>
   </div>
   <div class='ocr_carea' id='block_1_2' title="bbox 387 690 1496 2761">
    <p class='ocr_par' dir='ltr' id='par_1_2' title="bbox 387 690 1496 2761">
     <span class='ocr_line' id='line_1_2' title="bbox 436 690 1484 770; baseline -0.005 -17"><span class='ocrx_word' id='word_1_8' title='bbox 436 695 598 753; x_wconf 86' lang='lat' dir='ltr'><strong>institutum</strong></span> <span class='ocrx_word' id='word_1_9' title='bbox 621 712 715 768; x_wconf 88' lang='lat' dir='ltr'><strong>usque</strong></span> <span class='ocrx_word' id='word_1_10' title='bbox 738 696 776 754; x_wconf 86' lang='lat' dir='ltr'><strong>ad</strong></span> <span class='ocrx_word' id='word_1_11' title='bbox 799 697 930 754; x_wconf 88' lang='lat' dir='ltr'><strong>ultimum</strong></span> <span class='ocrx_word' id='word_1_12' title='bbox 953 698 1021 755; x_wconf 78' lang='lat' dir='ltr'><strong>vitoe</strong></span> <span class='ocrx_word' id='word_1_13' title='bbox 1043 696 1118 754; x_wconf 86' lang='lat' dir='ltr'><strong>diem</strong></span> <span class='ocrx_word' id='word_1_14' title='bbox 1142 704 1276 753; x_wconf 86' lang='lat' dir='ltr'><strong>servarat</strong></span> <span class='ocrx_word' id='word_1_15' title='bbox 1298 690 1428 770; x_wconf 89' lang='lat' dir='ltr'><strong>[cotidie]</strong></span> <span class='ocrx_word' id='word_1_16' title='bbox 1448 694 1484 749; x_wconf 90' lang='lat' dir='ltr'><strong>bis</strong></span> 
     </span>
     <span class='ocr_line' id='line_1_3' title="bbox 436 799 1485 876; baseline -0.003 -19"><span class='ocrx_word' id='word_1_17' title='bbox 436 801 466 857; x_wconf 90' lang='lat' dir='ltr'><strong>in</strong></span> <span class='ocrx_word' id='word_1_18' title='bbox 489 799 536 857; x_wconf 86' lang='lat' dir='ltr'><strong>die</strong></span> <span class='ocrx_word' id='word_1_19' title='bbox 556 799 676 857; x_wconf 68' lang='lat' dir='ltr'><strong>fuderis</strong></span> <span class='ocrx_word' id='word_1_20' title='bbox 703 800 752 857; x_wconf 87' lang='lat' dir='ltr'><strong>icti</strong></span> <span class='ocrx_word' id='word_1_21' title='bbox 781 820 846 858; x_wconf 90' lang='lat' dir='ltr'><strong>cum</strong></span> <span class='ocrx_word' id='word_1_22' title='bbox 868 800 1010 858; x_wconf 86' lang='lat' dir='ltr'><strong>Romanis</strong></span> <span class='ocrx_word' id='word_1_23' title='bbox 1032 801 1213 876; x_wconf 82' lang='lat' dir='ltr'><strong>perlegendi,</strong></span> <span class='ocrx_word' id='word_1_24' title='bbox 1238 809 1269 857; x_wconf 89' lang='lat' dir='ltr'><strong>ut</strong></span> <span class='ocrx_word' id='word_1_25' title='bbox 1291 818 1356 856; x_wconf 91' lang='lat' dir='ltr'><strong>eum</strong></span> <span class='ocrx_word' id='word_1_26' title='bbox 1381 817 1485 865; x_wconf 87' lang='lat' dir='ltr'><strong>morem,</strong></span> 
     </span>
     <span class='ocr_line' id='line_1_4' title="bbox 398 902 1485 981; baseline -0.006 -17"><span class='ocrx_word' id='word_1_27' title='bbox 398 910 415 964; x_wconf 87' lang='grc'><strong>6</strong></span> <span class='ocrx_word' id='word_1_28' title='bbox 436 906 462 962; x_wconf 94' lang='lat' dir='ltr'><strong>si</strong></span> <span class='ocrx_word' id='word_1_29' title='bbox 483 924 542 961; x_wconf 94' lang='lat' dir='ltr'><strong>non</strong></span> <span class='ocrx_word' id='word_1_30' title='bbox 563 922 687 979; x_wconf 80' lang='lat' dir='ltr'><strong>semper,</strong></span> <span class='ocrx_word' id='word_1_31' title='bbox 710 907 812 963; x_wconf 87' lang='lat' dir='ltr'><strong>crebro</strong></span> <span class='ocrx_word' id='word_1_32' title='bbox 835 916 932 963; x_wconf 86' lang='lat' dir='ltr'><strong>tamen</strong></span> <span class='ocrx_word' id='word_1_33' title='bbox 955 917 1118 981; x_wconf 82' lang='lat' dir='ltr'><strong>usurparet.</strong></span> <span class='ocrx_word' id='word_1_34' title='bbox 1171 902 1334 979; x_wconf 85' lang='lat' dir='ltr'><strong>Postquam</strong></span> <span class='ocrx_word' id='word_1_35' title='bbox 1358 905 1485 965; x_wconf 86' lang='lat' dir='ltr'><strong>deterrere</strong></span> 
     </span>
     <span class='ocr_line' id='line_1_5' title="bbox 438 1009 1487 1085; baseline -0.004 -18"><span class='ocrx_word' id='word_1_36' title='bbox 438 1028 502 1067; x_wconf 89' lang='lat' dir='ltr'><strong>eum</strong></span> <span class='ocrx_word' id='word_1_37' title='bbox 525 1028 545 1066; x_wconf 88' lang='lat' dir='ltr'><strong>a</strong></span> <span class='ocrx_word' id='word_1_38' title='bbox 565 1009 642 1067; x_wconf 90' lang='lat' dir='ltr'><strong>bello</strong></span> <span class='ocrx_word' id='word_1_39' title='bbox 664 1009 791 1085; x_wconf 75' lang='lat' dir='ltr'>nequiit,</span> <span class='ocrx_word' id='word_1_40' title='bbox 821 1009 916 1085; x_wconf 88' lang='lat' dir='ltr'><strong>primo</strong></span> <span class='ocrx_word' id='word_1_41' title='bbox 945 1011 1117 1068; x_wconf 86' lang='lat' dir='ltr'><strong>subtrahere</strong></span> <span class='ocrx_word' id='word_1_42' title='bbox 1144 1028 1208 1068; x_wconf 85' lang='lat' dir='ltr'><strong>sese</strong></span> <span class='ocrx_word' id='word_1_43' title='bbox 1237 1028 1290 1085; x_wconf 89' lang='lat' dir='ltr'><strong>per</strong></span> <span class='ocrx_word' id='word_1_44' title='bbox 1312 1009 1384 1065; x_wconf 83' lang='lat' dir='ltr'><strong>alias</strong></span> <span class='ocrx_word' id='word_1_45' title='bbox 1406 1010 1487 1081; x_wconf 83' lang='lat' dir='ltr'><strong>adque</strong></span> 
     </span>
     <span class='ocr_line' id='line_1_6' title="bbox 438 1115 1486 1191; baseline -0.004 -20"><span class='ocrx_word' id='word_1_46' title='bbox 438 1115 512 1172; x_wconf 86' lang='lat' dir='ltr'><strong>alies</strong></span> <span class='ocrx_word' id='word_1_47' title='bbox 533 1133 644 1186; x_wconf 73' lang='lat' dir='ltr'><strong>muana,</strong></span> <span class='ocrx_word' id='word_1_48' title='bbox 665 1134 701 1172; x_wconf 92' lang='lat' dir='ltr'><strong>ne</strong></span> <span class='ocrx_word' id='word_1_49' title='bbox 723 1116 874 1172; x_wconf 74' lang='lat' dir='ltr'><strong>interesset</strong></span> <span class='ocrx_word' id='word_1_50' title='bbox 894 1115 938 1185; x_wconf 81' lang='lat' dir='ltr'><strong>tis,</strong></span> <span class='ocrx_word' id='word_1_51' title='bbox 961 1133 1025 1189; x_wconf 77' lang='lat' dir='ltr'><strong>quae</strong></span> <span class='ocrx_word' id='word_1_52' title='bbox 1046 1134 1105 1171; x_wconf 89' lang='lat' dir='ltr'><strong>non</strong></span> <span class='ocrx_word' id='word_1_53' title='bbox 1127 1116 1290 1191; x_wconf 75' lang='lat' dir='ltr'><strong>probabat,</strong></span> <span class='ocrx_word' id='word_1_54' title='bbox 1315 1115 1412 1190; x_wconf 80' lang='lat' dir='ltr'><strong>coepit3</strong></span> <span class='ocrx_word' id='word_1_55' title='bbox 1445 1130 1486 1187; x_wconf 92' lang='lat' dir='ltr'><strong>po·</strong></span> 
     </span>
     <span class='ocr_line' id='line_1_7' title="bbox 438 1218 1487 1295; baseline -0.004 -18"><span class='ocrx_word' id='word_1_56' title='bbox 438 1228 562 1289; x_wconf 76' lang='lat' dir='ltr'><strong>sueino,</strong></span> <span class='ocrx_word' id='word_1_57' title='bbox 589 1238 655 1277; x_wconf 91' lang='lat' dir='ltr'><strong>cum</strong></span> <span class='ocrx_word' id='word_1_58' title='bbox 685 1229 852 1295; x_wconf 82' lang='lat' dir='ltr'><strong>suspect-nm</strong></span> <span class='ocrx_word' id='word_1_59' title='bbox 880 1239 912 1278; x_wconf 87' lang='lat' dir='ltr'><strong>se</strong></span> <span class='ocrx_word' id='word_1_60' title='bbox 934 1238 997 1278; x_wconf 87' lang='lat' dir='ltr'><strong>esse</strong></span> <span class='ocrx_word' id='word_1_61' title='bbox 1019 1230 1151 1278; x_wconf 89' lang='lat' dir='ltr'><strong>cerneret</strong></span> <span class='ocrx_word' id='word_1_62' title='bbox 1172 1229 1201 1276; x_wconf 86' lang='lat' dir='ltr'><strong>et</strong></span> <span class='ocrx_word' id='word_1_63' title='bbox 1222 1218 1394 1294; x_wconf 80' lang='lat' dir='ltr'>proditionis</span> <span class='ocrx_word' id='word_1_64' title='bbox 1413 1218 1487 1274; x_wconf 87' lang='lat' dir='ltr'><strong>iuter·</strong></span> 
     </span>
     <span class='ocr_line' id='line_1_8' title="bbox 439 1321 1488 1399; baseline -0.004 -19"><span class='ocrx_word' id='word_1_65' title='bbox 439 1323 508 1380; x_wconf 86' lang='lat' dir='ltr'><strong>dnm</strong></span> <span class='ocrx_word' id='word_1_66' title='bbox 531 1324 650 1382; x_wconf 89' lang='lat' dir='ltr'><strong>crimine</strong></span> <span class='ocrx_word' id='word_1_67' title='bbox 670 1325 840 1395; x_wconf 80' lang='lat' dir='ltr'><strong>insimulari,</strong></span> <span class='ocrx_word' id='word_1_68' title='bbox 862 1326 901 1382; x_wconf 91' lang='lat' dir='ltr'><strong>ad</strong></span> <span class='ocrx_word' id='word_1_69' title='bbox 912 1326 1062 1383; x_wconf 84' lang='lat' dir='ltr'><strong>Romanos</strong></span> <span class='ocrx_word' id='word_1_70' title='bbox 1084 1324 1242 1399; x_wconf 76' lang='lat' dir='ltr'>transfugit</span> <span class='ocrx_word' id='word_1_71' title='bbox 1263 1334 1289 1381; x_wconf 84' lang='lat' dir='ltr'><strong>et</strong></span> <span class='ocrx_word' id='word_1_72' title='bbox 1311 1342 1415 1398; x_wconf 83' lang='lat' dir='ltr'><strong>magno</strong></span> <span class='ocrx_word' id='word_1_73' title='bbox 1437 1321 1488 1378; x_wconf 91' lang='lat' dir='ltr'><strong>usui</strong></span> 
     </span>
     <span class='ocr_line' id='line_1_9' title="bbox 401 1428 1489 1493; baseline -0.006 -6"><span class='ocrx_word' id='word_1_74' title='bbox 401 1432 416 1487; x_wconf 87' lang='grc'><strong>7</strong></span> <span class='ocrx_word' id='word_1_75' title='bbox 440 1428 551 1485; x_wconf 89' lang='lat' dir='ltr'><strong>consuli</strong></span> <span class='ocrx_word' id='word_1_76' title='bbox 583 1428 647 1488; x_wconf 84' lang='lat' dir='ltr'><strong>fuit.</strong></span> <span class='ocrx_word' id='word_1_77' title='bbox 705 1432 752 1487; x_wconf 80' lang='lat' dir='ltr'><strong>Ea</strong></span> <span class='ocrx_word' id='word_1_78' title='bbox 786 1428 967 1487; x_wconf 86' lang='lat' dir='ltr'><strong>introductus</strong></span> <span class='ocrx_word' id='word_1_79' title='bbox 999 1429 1028 1487; x_wconf 93' lang='lat' dir='ltr'><strong>in</strong></span> <span class='ocrx_word' id='word_1_80' title='bbox 1061 1431 1171 1488; x_wconf 86' lang='lat' dir='ltr'><strong>auriam</strong></span> <span class='ocrx_word' id='word_1_81' title='bbox 1205 1448 1269 1487; x_wconf 90' lang='lat' dir='ltr'><strong>cum</strong></span> <span class='ocrx_word' id='word_1_82' title='bbox 1305 1434 1489 1493; x_wconf 76' lang='lat' dir='ltr'><strong>memorasset,</strong></span> 
     </span>
     <span class='ocr_line' id='line_1_10' title="bbox 439 1532 1489 1603; baseline -0.003 -14"><span class='ocrx_word' id='word_1_83' title='bbox 439 1541 558 1590; x_wconf 85' lang='lat' dir='ltr'><strong>senatus</strong></span> <span class='ocrx_word' id='word_1_84' title='bbox 597 1534 627 1590; x_wconf 89' lang='lat' dir='ltr'><strong>in</strong></span> <span class='ocrx_word' id='word_1_85' title='bbox 663 1533 819 1593; x_wconf 79' lang='lat' dir='ltr'><strong>formulam</strong></span> <span class='ocrx_word' id='word_1_86' title='bbox 854 1534 999 1593; x_wconf 89' lang='lat' dir='ltr'><strong>sociorum</strong></span> <span class='ocrx_word' id='word_1_87' title='bbox 1035 1554 1099 1593; x_wconf 91' lang='lat' dir='ltr'><strong>eum</strong></span> <span class='ocrx_word' id='word_1_88' title='bbox 1133 1534 1235 1593; x_wconf 80' lang='lat' dir='ltr'><strong>referri</strong></span> <span class='ocrx_word' id='word_1_89' title='bbox 1266 1532 1363 1603; x_wconf 79' lang='lat' dir='ltr'><strong>iussit,</strong></span> <span class='ocrx_word' id='word_1_90' title='bbox 1399 1532 1489 1593; x_wconf 79' lang='lat' dir='ltr'><strong>locum.</strong></span> 
     </span>
     <span class='ocr_line' id='line_1_11' title="bbox 439 1635 1490 1715; baseline -0.007 -20"><span class='ocrx_word' id='word_1_91' title='bbox 439 1638 531 1695; x_wconf 85' lang='lat' dir='ltr'><strong>lautia</strong></span> <span class='ocrx_word' id='word_1_92' title='bbox 551 1639 674 1713; x_wconf 70' lang='lat' dir='ltr'><strong>praeberi</strong></span> <span class='ocrx_word' id='word_1_93' title='bbox 682 1682 691 1707; x_wconf 95' lang='grc'>,</span> <span class='ocrx_word' id='word_1_94' title='bbox 729 1640 793 1714; x_wconf 86' lang='lat' dir='ltr'><strong>agri</strong></span> <span class='ocrx_word' id='word_1_95' title='bbox 813 1639 979 1710; x_wconf 84' lang='lat' dir='ltr'><strong>Tarentini,</strong></span> <span class='ocrx_word' id='word_1_96' title='bbox 1016 1641 1066 1714; x_wconf 92' lang='lat' dir='ltr'><strong>qui</strong></span> <span class='ocrx_word' id='word_1_97' title='bbox 1096 1639 1227 1715; x_wconf 91' lang='lat' dir='ltr'><strong>publicus</strong></span> <span class='ocrx_word' id='word_1_98' title='bbox 1256 1638 1357 1714; x_wconf 89' lang='lat' dir='ltr'><strong>populi</strong></span> <span class='ocrx_word' id='word_1_99' title='bbox 1379 1635 1490 1694; x_wconf 85' lang='lat' dir='ltr'><strong>Romani</strong></span> 
     </span>
     <span class='ocr_line' id='line_1_12' title="bbox 440 1742 1490 1820; baseline -0.004 -21"><span class='ocrx_word' id='word_1_100' title='bbox 440 1752 526 1813; x_wconf 85' lang='lat' dir='ltr'><strong>esset,</strong></span> <span class='ocrx_word' id='word_1_101' title='bbox 547 1742 672 1801; x_wconf 87' lang='lat' dir='ltr'><strong>ducenta</strong></span> <span class='ocrx_word' id='word_1_102' title='bbox 692 1745 795 1820; x_wconf 83' lang='lat' dir='ltr'><strong>iugera</strong></span> <span class='ocrx_word' id='word_1_103' title='bbox 815 1744 897 1816; x_wconf 88' lang='lat' dir='ltr'><strong>dari,</strong></span> <span class='ocrx_word' id='word_1_104' title='bbox 926 1754 955 1803; x_wconf 92' lang='lat' dir='ltr'><strong>et</strong></span> <span class='ocrx_word' id='word_1_105' title='bbox 975 1745 1051 1803; x_wconf 74' lang='lat' dir='ltr'><strong>tedes</strong></span> <span class='ocrx_word' id='word_1_106' title='bbox 1073 1746 1194 1803; x_wconf 84' lang='lat' dir='ltr'><strong>Tarenti</strong></span> <span class='ocrx_word' id='word_1_107' title='bbox 1216 1744 1282 1801; x_wconf 93' lang='lat' dir='ltr'><strong>emi.</strong></span> <span class='ocrx_word' id='word_1_108' title='bbox 1325 1742 1378 1802; x_wconf 92' lang='lat' dir='ltr'><strong>Uti</strong></span> <span class='ocrx_word' id='word_1_109' title='bbox 1399 1760 1433 1797; x_wconf 88' lang='lat' dir='ltr'><strong>ea</strong></span> <span class='ocrx_word' id='word_1_110' title='bbox 1451 1758 1490 1795; x_wconf 89' lang='lat' dir='ltr'><strong>cu·</strong></span> 
     </span>
     <span class='ocr_line' id='line_1_13' title="bbox 401 1845 1491 1925; baseline 0 -24"><span class='ocrx_word' id='word_1_111' title='bbox 401 1845 418 1901; x_wconf 83' lang='lat'>8</span> <span class='ocrx_word' id='word_1_112' title='bbox 442 1857 540 1918; x_wconf 84' lang='lat' dir='ltr'><strong>reret,</strong></span> <span class='ocrx_word' id='word_1_113' title='bbox 568 1845 600 1906; x_wconf 81' lang='lat' dir='ltr'><strong>O.</strong></span> <span class='ocrx_word' id='word_1_114' title='bbox 624 1848 756 1906; x_wconf 86' lang='lat' dir='ltr'>Decimio</span> <span class='ocrx_word' id='word_1_115' title='bbox 778 1849 895 1925; x_wconf 72' lang='lat' dir='ltr'><strong>praetori</strong></span> <span class='ocrx_word' id='word_1_116' title='bbox 922 1851 1101 1909; x_wconf 87' lang='lat' dir='ltr'><strong>mandatum.</strong></span> <span class='ocrx_word' id='word_1_117' title='bbox 1149 1852 1167 1887; x_wconf 73' lang='lat'><strong>¹*</strong></span> <span class='ocrx_word' id='word_1_118' title='bbox 1185 1851 1203 1886; x_wconf 74' lang='lat'><strong>⁴*</strong></span> <span class='ocrx_word' id='word_1_119' title='bbox 1218 1851 1236 1886; x_wconf 74' lang='lat'><strong>⁴*</strong></span> <span class='ocrx_word' id='word_1_120' title='bbox 1258 1850 1379 1923; x_wconf 73' lang='lat' dir='ltr'><strong>cortitum</strong></span> <span class='ocrx_word' id='word_1_121' title='bbox 1405 1863 1491 1903; x_wconf 89' lang='lat' dir='ltr'><strong>recen·</strong></span> 
     </span>
     <span class='ocr_line' id='line_1_14' title="bbox 441 1951 1492 2030; baseline -0.004 -21"><span class='ocrx_word' id='word_1_122' title='bbox 441 1970 506 2009; x_wconf 89' lang='lat' dir='ltr'><strong>sum</strong></span> <span class='ocrx_word' id='word_1_123' title='bbox 538 1951 634 2009; x_wconf 89' lang='lat' dir='ltr'><strong>idibus</strong></span> <span class='ocrx_word' id='word_1_124' title='bbox 667 1954 893 2026; x_wconf 79' lang='lat' dir='ltr'><strong>Decembribus,</strong></span> <span class='ocrx_word' id='word_1_125' title='bbox 929 1955 1056 2015; x_wconf 83' lang='lat' dir='ltr'><strong>severius</strong></span> <span class='ocrx_word' id='word_1_126' title='bbox 1089 1972 1177 2030; x_wconf 86' lang='lat' dir='ltr'><strong>quem</strong></span> <span class='ocrx_word' id='word_1_127' title='bbox 1210 1963 1297 2022; x_wconf 83' lang='lat' dir='ltr'><strong>ente,</strong></span> <span class='ocrx_word' id='word_1_128' title='bbox 1334 1952 1492 2009; x_wconf 86' lang='lat' dir='ltr'><strong>babuerunt.</strong></span> 
     </span>
     <span class='ocr_line' id='line_1_15' title="bbox 442 2055 1492 2135; baseline -0.006 -20"><span class='ocrx_word' id='word_1_129' title='bbox 442 2056 544 2115; x_wconf 82' lang='lat' dir='ltr'><strong>Multis</strong></span> <span class='ocrx_word' id='word_1_130' title='bbox 566 2059 633 2133; x_wconf 93' lang='lat' dir='ltr'><strong>eqni</strong></span> <span class='ocrx_word' id='word_1_131' title='bbox 657 2059 795 2133; x_wconf 78' lang='lat' dir='ltr'><strong>adempti,</strong></span> <span class='ocrx_word' id='word_1_132' title='bbox 815 2060 892 2117; x_wconf 87' lang='lat' dir='ltr'><strong>inter</strong></span> <span class='ocrx_word' id='word_1_133' title='bbox 913 2078 986 2135; x_wconf 87' lang='lat' dir='ltr'><strong>quos</strong></span> <span class='ocrx_word' id='word_1_134' title='bbox 1011 2062 1047 2118; x_wconf 90' lang='lat' dir='ltr'><strong>P.</strong></span> <span class='ocrx_word' id='word_1_135' title='bbox 1070 2059 1195 2130; x_wconf 79' lang='lat' dir='ltr'><strong>Rutilio,</strong></span> <span class='ocrx_word' id='word_1_136' title='bbox 1222 2059 1271 2133; x_wconf 89' lang='lat' dir='ltr'><strong>qni</strong></span> <span class='ocrx_word' id='word_1_137' title='bbox 1292 2058 1422 2115; x_wconf 88' lang='lat' dir='ltr'><strong>tribunus</strong></span> <span class='ocrx_word' id='word_1_138' title='bbox 1443 2055 1492 2130; x_wconf 87' lang='lat' dir='ltr'><strong>ple·</strong></span> 
     </span>
     <span class='ocr_line' id='line_1_16' title="bbox 443 2160 1493 2239; baseline -0.005 -21"><span class='ocrx_word' id='word_1_139' title='bbox 443 2161 487 2219; x_wconf 89' lang='lat' dir='ltr'><strong>bis</strong></span> <span class='ocrx_word' id='word_1_140' title='bbox 509 2181 559 2219; x_wconf 91' lang='lat' dir='ltr'><strong>eos</strong></span> <span class='ocrx_word' id='word_1_141' title='bbox 580 2163 723 2221; x_wconf 87' lang='lat' dir='ltr'><strong>violenter</strong></span> <span class='ocrx_word' id='word_1_142' title='bbox 743 2174 911 2232; x_wconf 80' lang='lat' dir='ltr'><strong>accusarot3</strong></span> <span class='ocrx_word' id='word_1_143' title='bbox 934 2164 1010 2221; x_wconf 91' lang='lat' dir='ltr'><strong>tribu</strong></span> <span class='ocrx_word' id='word_1_144' title='bbox 1033 2182 1149 2239; x_wconf 91' lang='lat' dir='ltr'><strong>quoque</strong></span> <span class='ocrx_word' id='word_1_145' title='bbox 1169 2164 1194 2221; x_wconf 87' lang='lat' dir='ltr'><strong>is</strong></span> <span class='ocrx_word' id='word_1_146' title='bbox 1220 2173 1316 2221; x_wconf 88' lang='lat' dir='ltr'><strong>motus</strong></span> <span class='ocrx_word' id='word_1_147' title='bbox 1339 2172 1368 2219; x_wconf 88' lang='lat' dir='ltr'><strong>et</strong></span> <span class='ocrx_word' id='word_1_148' title='bbox 1387 2160 1493 2217; x_wconf 76' lang='lat' dir='ltr'><strong>orarius</strong></span> 
     </span>
     <span class='ocr_line' id='line_1_17' title="bbox 403 2265 1494 2345; baseline -0.003 -23"><span class='ocrx_word' id='word_1_149' title='bbox 403 2266 421 2322; x_wconf 87' lang='grc'><strong>9</strong></span> <span class='ocrx_word' id='word_1_150' title='bbox 442 2265 547 2329; x_wconf 79' lang='lat' dir='ltr'><strong>factus.</strong></span> <span class='ocrx_word' id='word_1_151' title='bbox 590 2270 641 2327; x_wconf 80' lang='lat' dir='ltr'><strong>Ao</strong></span> <span class='ocrx_word' id='word_1_152' title='bbox 662 2288 754 2343; x_wconf 86' lang='lat' dir='ltr'><strong>opera</strong></span> <span class='ocrx_word' id='word_1_153' title='bbox 775 2269 890 2345; x_wconf 86' lang='lat' dir='ltr'><strong>publica</strong></span> <span class='ocrx_word' id='word_1_154' title='bbox 912 2266 1047 2326; x_wconf 84' lang='lat' dir='ltr'><strong>facienda</strong></span> <span class='ocrx_word' id='word_1_155' title='bbox 1067 2286 1132 2325; x_wconf 88' lang='lat' dir='ltr'><strong>cum</strong></span> <span class='ocrx_word' id='word_1_156' title='bbox 1156 2268 1197 2325; x_wconf 88' lang='lat' dir='ltr'><strong>eis</strong></span> <span class='ocrx_word' id='word_1_157' title='bbox 1220 2267 1369 2324; x_wconf 82' lang='lat' dir='ltr'><strong>dimidium</strong></span> <span class='ocrx_word' id='word_1_158' title='bbox 1386 2284 1421 2323; x_wconf 87' lang='lat' dir='ltr'><strong>ex</strong></span> <span class='ocrx_word' id='word_1_159' title='bbox 1436 2280 1494 2320; x_wconf 87' lang='lat' dir='ltr'><strong>vec-</strong></span> 
     </span>
     <span class='ocr_line' id='line_1_18' title="bbox 444 2372 1495 2448; baseline -0.004 -20"><span class='ocrx_word' id='word_1_160' title='bbox 444 2372 581 2448; x_wconf 82' lang='lat' dir='ltr'><strong>tigalibus</strong></span> <span class='ocrx_word' id='word_1_161' title='bbox 611 2373 673 2430; x_wconf 89' lang='lat' dir='ltr'><strong>eius</strong></span> <span class='ocrx_word' id='word_1_162' title='bbox 693 2374 763 2431; x_wconf 86' lang='lat' dir='ltr'><strong>anni</strong></span> <span class='ocrx_word' id='word_1_163' title='bbox 783 2374 961 2431; x_wconf 86' lang='lat' dir='ltr'><strong>adtributum</strong></span> <span class='ocrx_word' id='word_1_164' title='bbox 992 2392 1029 2431; x_wconf 86' lang='lat' dir='ltr'><strong>ex</strong></span> <span class='ocrx_word' id='word_1_165' title='bbox 1050 2382 1168 2430; x_wconf 84' lang='lat' dir='ltr'><strong>senatus</strong></span> <span class='ocrx_word' id='word_1_166' title='bbox 1189 2372 1320 2429; x_wconf 87' lang='lat' dir='ltr'><strong>consulto</strong></span> <span class='ocrx_word' id='word_1_167' title='bbox 1343 2391 1362 2428; x_wconf 88' lang='lat' dir='ltr'><strong>a</strong></span> <span class='ocrx_word' id='word_1_168' title='bbox 1383 2378 1495 2445; x_wconf 86' lang='lat' dir='ltr'><strong>quaesto·</strong></span> 
     </span>
     <span class='ocr_line' id='line_1_19' title="bbox 387 2474 1494 2555; baseline -0.005 -22"><span class='ocrx_word' id='word_1_169' title='bbox 387 2478 422 2533; x_wconf 87' lang='lat' dir='ltr'><strong>to</strong></span> <span class='ocrx_word' id='word_1_170' title='bbox 445 2478 525 2535; x_wconf 85' lang='lat' dir='ltr'><strong>ribus</strong></span> <span class='ocrx_word' id='word_1_171' title='bbox 547 2486 632 2547; x_wconf 80' lang='lat' dir='ltr'><strong>esset,</strong></span> <span class='ocrx_word' id='word_1_172' title='bbox 653 2478 702 2535; x_wconf 88' lang='lat' dir='ltr'><strong>Ti.</strong></span> <span class='ocrx_word' id='word_1_173' title='bbox 725 2479 916 2555; x_wconf 88' lang='lat' dir='ltr'><strong>Sempronius</strong></span> <span class='ocrx_word' id='word_1_174' title='bbox 941 2497 978 2535; x_wconf 89' lang='lat' dir='ltr'><strong>ex</strong></span> <span class='ocrx_word' id='word_1_175' title='bbox 999 2497 1035 2535; x_wconf 81' lang='lat' dir='ltr'><strong>aa</strong></span> <span class='ocrx_word' id='word_1_176' title='bbox 1056 2478 1188 2553; x_wconf 82' lang='lat' dir='ltr'><strong>pecunia,</strong></span> <span class='ocrx_word' id='word_1_177' title='bbox 1211 2496 1275 2552; x_wconf 82' lang='lat' dir='ltr'><strong>quae</strong></span> <span class='ocrx_word' id='word_1_178' title='bbox 1289 2476 1346 2551; x_wconf 88' lang='lat' dir='ltr'><strong>ipsi</strong></span> <span class='ocrx_word' id='word_1_179' title='bbox 1362 2474 1494 2532; x_wconf 83' lang='lat' dir='ltr'><strong>adtributa</strong></span> 
     </span>
     <span class='ocr_line' id='line_1_20' title="bbox 445 2580 1495 2658; baseline -0.002 -19"><span class='ocrx_word' id='word_1_180' title='bbox 445 2593 526 2653; x_wconf 84' lang='lat' dir='ltr'><strong>erat,</strong></span> <span class='ocrx_word' id='word_1_181' title='bbox 561 2583 638 2639; x_wconf 72' lang='lat' dir='ltr'><strong>mdes</strong></span> <span class='ocrx_word' id='word_1_182' title='bbox 663 2583 698 2640; x_wconf 89' lang='lat' dir='ltr'><strong>P.</strong></span> <span class='ocrx_word' id='word_1_183' title='bbox 722 2582 856 2641; x_wconf 85' lang='lat' dir='ltr'><strong>Africani</strong></span> <span class='ocrx_word' id='word_1_184' title='bbox 883 2602 960 2658; x_wconf 88' lang='lat' dir='ltr'><strong>pone</strong></span> <span class='ocrx_word' id='word_1_185' title='bbox 989 2582 1112 2640; x_wconf 75' lang='lat' dir='ltr'><strong>Veteres</strong></span> <span class='ocrx_word' id='word_1_186' title='bbox 1140 2581 1177 2638; x_wconf 89' lang='lat' dir='ltr'><strong>ad</strong></span> <span class='ocrx_word' id='word_1_187' title='bbox 1201 2582 1358 2639; x_wconf 88' lang='lat' dir='ltr'><strong>Vortumni</strong></span> <span class='ocrx_word' id='word_1_188' title='bbox 1385 2580 1495 2655; x_wconf 81' lang='lat' dir='ltr'><strong>signum.</strong></span> 
     </span>
     <span class='ocr_line' id='line_1_21' title="bbox 388 2683 1496 2761; baseline -0.005 -16"><span class='ocrx_word' id='word_1_189' title='bbox 388 2690 421 2745; x_wconf 88' lang='lat' dir='ltr'><strong>ii</strong></span> <span class='ocrx_word' id='word_1_190' title='bbox 445 2687 634 2760; x_wconf 79' lang='lat' dir='ltr'><strong>lanienasque</strong></span> <span class='ocrx_word' id='word_1_191' title='bbox 655 2696 684 2744; x_wconf 89' lang='lat' dir='ltr'><strong>et</strong></span> <span class='ocrx_word' id='word_1_192' title='bbox 704 2689 841 2746; x_wconf 84' lang='lat' dir='ltr'><strong>tabernas</strong></span> <span class='ocrx_word' id='word_1_193' title='bbox 865 2687 1034 2745; x_wconf 86' lang='lat' dir='ltr'><strong>coniunctas</strong></span> <span class='ocrx_word' id='word_1_194' title='bbox 1059 2686 1088 2743; x_wconf 93' lang='lat' dir='ltr'><strong>in</strong></span> <span class='ocrx_word' id='word_1_195' title='bbox 1116 2687 1262 2761; x_wconf 88' lang='lat' dir='ltr'><strong>pubiicum</strong></span> <span class='ocrx_word' id='word_1_196' title='bbox 1295 2687 1382 2757; x_wconf 86' lang='lat' dir='ltr'><strong>emit,</strong></span> <span class='ocrx_word' id='word_1_197' title='bbox 1412 2683 1496 2743; x_wconf 87' lang='lat' dir='ltr'><strong>basili·</strong></span> 
     </span>
    </p>
   </div>
   <div class='ocr_carea' id='block_1_3' title="bbox 445 2766 1497 2954">
    <p class='ocr_par' dir='ltr' id='par_1_3' title="bbox 445 2766 1497 2954">
     <span class='ocr_line' id='line_1_22' title="bbox 445 2766 1497 2867; baseline -0.008 -18"><span class='ocrx_word' id='word_1_198' title='bbox 445 2809 569 2865; x_wconf 85' lang='lat' dir='ltr'><strong>eamque</strong></span> <span class='ocrx_word' id='word_1_199' title='bbox 600 2789 765 2849; x_wconf 82' lang='lat' dir='ltr'><strong>faciendam</strong></span> <span class='ocrx_word' id='word_1_200' title='bbox 801 2792 931 2863; x_wconf 82' lang='lat' dir='ltr'><strong>curavit,</strong></span> <span class='ocrx_word' id='word_1_201' title='bbox 968 2810 1032 2866; x_wconf 80' lang='lat' dir='ltr'><strong>quoe</strong></span> <span class='ocrx_word' id='word_1_202' title='bbox 1068 2766 1378 2867; x_wconf 52' lang='lat' dir='ltr'><strong>postea&#39;senpronta</strong></span> <span class='ocrx_word' id='word_1_203' title='bbox 1412 2785 1497 2865; x_wconf 88' lang='lat' dir='ltr'><strong>eppei·</strong></span> 
     </span>
     <span class='ocr_line' id='line_1_23' title="bbox 445 2896 579 2954; baseline 0.022 -3"><span class='ocrx_word' id='word_1_204' title='bbox 445 2896 507 2952; x_wconf 87' lang='lat' dir='ltr'><strong>lata</strong></span> <span class='ocrx_word' id='word_1_205' title='bbox 527 2905 579 2954; x_wconf 86' lang='lat' dir='ltr'><strong>est</strong></span> 
     </span>
    </p>
   </div>
   <div class='ocr_carea' id='block_1_4' title="bbox 367 2996 1498 3077">
    <p class='ocr_par' dir='ltr' id='par_1_4' title="bbox 367 2996 1498 3077">
     <span class='ocr_line' id='line_1_24' title="bbox 367 2996 1498 3077; baseline -0.009 -18"><span class='ocrx_word' id='word_1_206' title='bbox 367 2996 404 3067; x_wconf 83' lang='grc'><strong>17</strong></span> <span class='ocrx_word' id='word_1_207' title='bbox 531 3002 596 3058; x_wconf 88' lang='lat' dir='ltr'><strong>Iam</strong></span> <span class='ocrx_word' id='word_1_208' title='bbox 618 3001 648 3058; x_wconf 95' lang='lat' dir='ltr'><strong>in</strong></span> <span class='ocrx_word' id='word_1_209' title='bbox 670 2998 751 3056; x_wconf 86' lang='lat' dir='ltr'><strong>exitu</strong></span> <span class='ocrx_word' id='word_1_210' title='bbox 772 3014 864 3057; x_wconf 86' lang='lat' dir='ltr'><strong>annus</strong></span> <span class='ocrx_word' id='word_1_211' title='bbox 887 3009 964 3073; x_wconf 77' lang='lat' dir='ltr'><strong>erat,</strong></span> <span class='ocrx_word' id='word_1_212' title='bbox 989 3008 1018 3059; x_wconf 88' lang='lat' dir='ltr'><strong>et</strong></span> <span class='ocrx_word' id='word_1_213' title='bbox 1039 3010 1159 3077; x_wconf 89' lang='lat' dir='ltr'><strong>propter</strong></span> <span class='ocrx_word' id='word_1_214' title='bbox 1180 3001 1364 3059; x_wconf 77' lang='lat' dir='ltr'><strong>Macedonici</strong></span> <span class='ocrx_word' id='word_1_215' title='bbox 1386 2998 1498 3057; x_wconf 87' lang='lat' dir='ltr'><strong>maxime</strong></span> 
     </span>
    </p>
   </div>
   <div class='ocr_carea' id='block_1_5' title="bbox 397 3104 1497 3179">
    <p class='ocr_par' dir='ltr' id='par_1_5' title="bbox 397 3104 1497 3179">
     <span class='ocr_line' id='line_1_25' title="bbox 397 3104 1497 3179; baseline -0.007 -15"><span class='ocrx_word' id='word_1_216' title='bbox 397 3174 400 3178; x_wconf 12' lang='lat' dir='ltr'><em>st</em></span> <span class='ocrx_word' id='word_1_217' title='bbox 447 3106 635 3164; x_wconf 82' lang='lat' dir='ltr'><strong>bellicorum</strong></span> <span class='ocrx_word' id='word_1_218' title='bbox 656 3104 687 3160; x_wconf 93' lang='lat' dir='ltr'><strong>in</strong></span> <span class='ocrx_word' id='word_1_219' title='bbox 707 3105 890 3163; x_wconf 85' lang='lat' dir='ltr'><strong>sermonibus</strong></span> <span class='ocrx_word' id='word_1_220' title='bbox 911 3106 1042 3163; x_wconf 87' lang='lat' dir='ltr'><strong>homines</strong></span> <span class='ocrx_word' id='word_1_221' title='bbox 1063 3106 1226 3176; x_wconf 76' lang='lat' dir='ltr'><strong>habebant,</strong></span> <span class='ocrx_word' id='word_1_222' title='bbox 1258 3122 1331 3179; x_wconf 90' lang='lat' dir='ltr'><strong>quos</strong></span> <span class='ocrx_word' id='word_1_223' title='bbox 1352 3104 1383 3161; x_wconf 91' lang='lat' dir='ltr'><strong>in</strong></span> <span class='ocrx_word' id='word_1_224' title='bbox 1404 3118 1497 3160; x_wconf 87' lang='lat' dir='ltr'><strong>annun</strong></span> 
     </span>
    </p>
   </div>
   <div class='ocr_carea' id='block_1_6' title="bbox 447 3382 1498 3451">
    <p class='ocr_par' dir='ltr' id='par_1_6' title="bbox 447 3382 1498 3451">
     <span class='ocr_line' id='line_1_26' title="bbox 447 3382 1498 3451; baseline -0.013 -10"><span class='ocrx_word' id='word_1_225' title='bbox 447 3389 473 3449; x_wconf 83' lang='lat'><strong>5,</strong></span> <span class='ocrx_word' id='word_1_226' title='bbox 495 3395 510 3437; x_wconf 80' lang='grc'><strong>3</strong></span> <span class='ocrx_word' id='word_1_227' title='bbox 530 3389 726 3449; x_wconf 87' lang='lat' dir='ltr'><strong>institutumque</strong></span> <span class='ocrx_word' id='word_1_228' title='bbox 741 3384 746 3447; x_wconf 93' lang='grc' dir='ltr'>Ι</span> <span class='ocrx_word' id='word_1_229' title='bbox 762 3384 883 3433; x_wconf 86' lang='lat' dir='ltr'><strong>seruabat</strong></span> <span class='ocrx_word' id='word_1_230' title='bbox 899 3384 981 3434; x_wconf 80' lang='lat' dir='ltr'><strong>Drok.</strong></span> <span class='ocrx_word' id='word_1_231' title='bbox 1008 3386 1013 3451; x_wconf 72' lang='grc' dir='ltr'>Ι</span> <span class='ocrx_word' id='word_1_232' title='bbox 1042 3385 1136 3433; x_wconf 87' lang='lat' dir='ltr'><strong>cotidie</strong></span> <span class='ocrx_word' id='word_1_233' title='bbox 1155 3383 1342 3433; x_wconf 82' lang='lat' dir='ltr'><strong>notovitDroio</strong></span> <span class='ocrx_word' id='word_1_234' title='bbox 1390 3383 1414 3444; x_wconf 88' lang='grc'><strong>6,</strong></span> <span class='ocrx_word' id='word_1_235' title='bbox 1435 3389 1443 3430; x_wconf 83' lang='grc'>1</span> <span class='ocrx_word' id='word_1_236' title='bbox 1463 3382 1498 3428; x_wconf 87' lang='lat' dir='ltr'><strong>dc·</strong></span> 
     </span>
    </p>
   </div>
   <div class='ocr_carea' id='block_1_7' title="bbox 375 3471 1499 3811">
    <p class='ocr_par' dir='ltr' id='par_1_7' title="bbox 375 3471 1499 3811">
     <span class='ocr_line' id='line_1_27' title="bbox 375 3471 1499 3561; baseline -0.01 -20"><span class='ocrx_word' id='word_1_237' title='bbox 375 3557 378 3561; x_wconf 21' lang='grc' dir='ltr'>Ι</span> <span class='ocrx_word' id='word_1_238' title='bbox 448 3505 549 3554; x_wconf 84' lang='lat' dir='ltr'><strong>corpere</strong></span> <span class='ocrx_word' id='word_1_239' title='bbox 595 3488 731 3551; x_wconf 75' lang='lat' dir='ltr'><strong>sueonia</strong></span> <span class='ocrx_word' id='word_1_240' title='bbox 752 3489 836 3551; x_wconf 85' lang='lat' dir='ltr'><strong>primo</strong></span> <span class='ocrx_word' id='word_1_241' title='bbox 855 3471 873 3553; x_wconf 88' lang='lat' dir='ltr'>p</span> <span class='ocrx_word' id='word_1_242' title='bbox 891 3488 1041 3537; x_wconf 80' lang='lat' dir='ltr'><strong>subtrahere</strong></span> <span class='ocrx_word' id='word_1_243' title='bbox 1090 3488 1195 3537; x_wconf 70' lang='lat' dir='ltr'><strong>talias</strong></span> <span class='ocrx_word' id='word_1_244' title='bbox 1214 3501 1246 3536; x_wconf 91' lang='lat' dir='ltr'><strong>ue</strong></span> <span class='ocrx_word' id='word_1_245' title='bbox 1267 3486 1271 3553; x_wconf 89' lang='grc' dir='ltr'>Ι</span> <span class='ocrx_word' id='word_1_246' title='bbox 1290 3488 1313 3535; x_wconf 91' lang='lat' dir='ltr'><strong>is</strong></span> <span class='ocrx_word' id='word_1_247' title='bbox 1360 3485 1499 3549; x_wconf 77' lang='lat' dir='ltr'><strong>tproditio·</strong></span> 
     </span>
     <span class='ocr_line' id='line_1_28' title="bbox 448 3571 1499 3636; baseline -0.009 -12"><span class='ocrx_word' id='word_1_248' title='bbox 448 3577 524 3625; x_wconf 89' lang='lat' dir='ltr'><strong>nibus</strong></span> <span class='ocrx_word' id='word_1_249' title='bbox 560 3572 734 3635; x_wconf 83' lang='lat' dir='ltr'><strong>5transiugit</strong></span> <span class='ocrx_word' id='word_1_250' title='bbox 751 3588 844 3636; x_wconf 82' lang='lat' dir='ltr'><strong>magno</strong></span> <span class='ocrx_word' id='word_1_251' title='bbox 862 3573 946 3623; x_wconf 80' lang='lat' dir='ltr'><strong>Drok.</strong></span> <span class='ocrx_word' id='word_1_252' title='bbox 990 3572 1014 3632; x_wconf 79' lang='lat'><strong>7,</strong></span> <span class='ocrx_word' id='word_1_253' title='bbox 1037 3578 1048 3621; x_wconf 92' lang='lat' dir='ltr'>l</span> <span class='ocrx_word' id='word_1_254' title='bbox 1069 3573 1224 3623; x_wconf 82' lang='lat' dir='ltr'><strong>memorasse</strong></span> <span class='ocrx_word' id='word_1_255' title='bbox 1266 3572 1395 3621; x_wconf 70' lang='lat' dir='ltr'><strong>troici-re</strong></span> <span class='ocrx_word' id='word_1_256' title='bbox 1429 3571 1499 3619; x_wconf 74' lang='lat' dir='ltr'><strong>alsn-</strong></span> 
     </span>
     <span class='ocr_line' id='line_1_29' title="bbox 448 3655 1498 3724; baseline -0.01 -13"><span class='ocrx_word' id='word_1_257' title='bbox 448 3663 510 3711; x_wconf 86' lang='lat' dir='ltr'><strong>tism</strong></span> <span class='ocrx_word' id='word_1_258' title='bbox 530 3660 604 3710; x_wconf 84' lang='lat' dir='ltr'><strong>Frob.</strong></span> <span class='ocrx_word' id='word_1_259' title='bbox 623 3658 657 3707; x_wconf 88' lang='lat'><strong>11</strong></span> <span class='ocrx_word' id='word_1_260' title='bbox 668 3655 674 3724; x_wconf 87' lang='grc' dir='ltr'>Ι</span> <span class='ocrx_word' id='word_1_261' title='bbox 690 3659 745 3721; x_wconf 77' lang='lat' dir='ltr'><strong>agri</strong></span> <span class='ocrx_word' id='word_1_262' title='bbox 763 3660 914 3709; x_wconf 82' lang='lat' dir='ltr'><strong>intrarentin</strong></span> <span class='ocrx_word' id='word_1_263' title='bbox 933 3660 977 3721; x_wconf 88' lang='lat' dir='ltr'><strong>qui</strong></span> <span class='ocrx_word' id='word_1_264' title='bbox 1022 3660 1130 3709; x_wconf 75' lang='lat' dir='ltr'><strong>odecio</strong></span> <span class='ocrx_word' id='word_1_265' title='bbox 1176 3660 1202 3717; x_wconf 89' lang='lat'><strong>8,</strong></span> <span class='ocrx_word' id='word_1_266' title='bbox 1224 3665 1235 3708; x_wconf 90' lang='lat' dir='ltr'>l</span> <span class='ocrx_word' id='word_1_267' title='bbox 1257 3658 1407 3707; x_wconf 86' lang='lat' dir='ltr'><strong>mandatnm</strong></span> <span class='ocrx_word' id='word_1_268' title='bbox 1425 3669 1498 3705; x_wconf 85' lang='lat' dir='ltr'><strong>recen-</strong></span> 
     </span>
     <span class='ocr_line' id='line_1_30' title="bbox 443 3742 1498 3811; baseline -0.01 -13"><span class='ocrx_word' id='word_1_269' title='bbox 443 3763 503 3804; x_wconf 81' lang='lat' dir='ltr'><strong>sum</strong></span> <span class='ocrx_word' id='word_1_270' title='bbox 525 3746 653 3797; x_wconf 63' lang='lat' dir='ltr'><strong>hennom</strong></span> <span class='ocrx_word' id='word_1_271' title='bbox 671 3746 764 3795; x_wconf 75' lang='lat' dir='ltr'><strong>nowuit</strong></span> <span class='ocrx_word' id='word_1_272' title='bbox 777 3743 976 3810; x_wconf 59' lang='lat' dir='ltr'><strong>Masatos.</strong></span> <span class='ocrx_word' id='word_1_273' title='bbox 999 3746 1090 3811; x_wconf 78' lang='lat' dir='ltr'><strong>(Gryn.</strong></span> <span class='ocrx_word' id='word_1_274' title='bbox 1110 3747 1268 3795; x_wconf 81' lang='lat' dir='ltr'><strong>mandatum.</strong></span> <span class='ocrx_word' id='word_1_275' title='bbox 1306 3742 1432 3795; x_wconf 80' lang='lat' dir='ltr'><strong>Censores</strong></span> <span class='ocrx_word' id='word_1_276' title='bbox 1451 3754 1498 3789; x_wconf 86' lang='lat' dir='ltr'><strong>con·</strong></span> 
     </span>
    </p>
   </div>
   <div class='ocr_carea' id='block_1_8' title="bbox 447 3833 1499 4171">
    <p class='ocr_par' dir='ltr' id='par_1_8' title="bbox 447 3833 1499 4171">
     <span class='ocr_line' id='line_1_31' title="bbox 448 3833 1499 3914; baseline -0.006 -13"><span class='ocrx_word' id='word_1_277' title='bbox 448 3849 520 3914; x_wconf 89' lang='lat' dir='ltr'><strong>snm)</strong></span> <span class='ocrx_word' id='word_1_278' title='bbox 556 3833 686 3912; x_wconf 68' lang='lat' dir='ltr'><strong>aqueum</strong></span> <span class='ocrx_word' id='word_1_279' title='bbox 723 3854 795 3911; x_wconf 65' lang='lat' dir='ltr'><strong>apr.</strong></span> <span class='ocrx_word' id='word_1_280' title='bbox 815 3848 889 3898; x_wconf 83' lang='lat' dir='ltr'><strong>atilio</strong></span> <span class='ocrx_word' id='word_1_281' title='bbox 926 3854 1093 3899; x_wconf 72' lang='lat' dir='ltr'><strong>taccuseret</strong></span> <span class='ocrx_word' id='word_1_282' title='bbox 1110 3849 1192 3899; x_wconf 83' lang='lat' dir='ltr'><strong>tribus</strong></span> <span class='ocrx_word' id='word_1_283' title='bbox 1211 3863 1313 3913; x_wconf 91' lang='lat' dir='ltr'><strong>quoque</strong></span> <span class='ocrx_word' id='word_1_284' title='bbox 1333 3848 1373 3898; x_wconf 88' lang='lat' dir='ltr'><strong>his</strong></span> <span class='ocrx_word' id='word_1_285' title='bbox 1388 3848 1392 3910; x_wconf 87' lang='grc' dir='ltr'>Ι</span> <span class='ocrx_word' id='word_1_286' title='bbox 1408 3855 1433 3897; x_wconf 90' lang='lat' dir='ltr'><strong>et</strong></span> <span class='ocrx_word' id='word_1_287' title='bbox 1449 3857 1499 3907; x_wconf 84' lang='lat' dir='ltr'><strong>opt·</strong></span> 
     </span>
     <span class='ocr_line' id='line_1_32' title="bbox 448 3930 1499 4001; baseline -0.007 -15"><span class='ocrx_word' id='word_1_288' title='bbox 448 3936 530 3986; x_wconf 75' lang='lat' dir='ltr'><strong>renus</strong></span> <span class='ocrx_word' id='word_1_289' title='bbox 544 3935 645 3986; x_wconf 76' lang='lat' dir='ltr'><strong>Ursinus</strong></span> <span class='ocrx_word' id='word_1_290' title='bbox 663 3936 756 4001; x_wconf 72' lang='lat' dir='ltr'><strong>(Grya.</strong></span> <span class='ocrx_word' id='word_1_291' title='bbox 775 3949 846 3998; x_wconf 87' lang='lat' dir='ltr'><strong>oper.</strong></span> <span class='ocrx_word' id='word_1_292' title='bbox 864 3934 948 3985; x_wconf 83' lang='lat' dir='ltr'><strong>factus</strong></span> <span class='ocrx_word' id='word_1_293' title='bbox 966 3937 998 3985; x_wconf 86' lang='lat' dir='ltr'><strong>ad</strong></span> <span class='ocrx_word' id='word_1_294' title='bbox 1017 3951 1059 3999; x_wconf 91' lang='lat' dir='ltr'><strong>op.</strong></span> <span class='ocrx_word' id='word_1_295' title='bbox 1081 3951 1106 3999; x_wconf 89' lang='lat' dir='ltr'><strong>p.</strong></span> <span class='ocrx_word' id='word_1_296' title='bbox 1120 3934 1246 3984; x_wconf 82' lang='lat' dir='ltr'><strong>facienda.</strong></span> <span class='ocrx_word' id='word_1_297' title='bbox 1270 3934 1348 3997; x_wconf 82' lang='lat' dir='ltr'><strong>Cum)</strong></span> <span class='ocrx_word' id='word_1_298' title='bbox 1381 3934 1407 3993; x_wconf 86' lang='grc'><strong>9,</strong></span> <span class='ocrx_word' id='word_1_299' title='bbox 1425 3930 1499 3981; x_wconf 71' lang='lat' dir='ltr'><strong>aas</strong></span> 
     </span>
     <span class='ocr_line' id='line_1_33' title="bbox 448 4017 1498 4087; baseline -0.008 -16"><span class='ocrx_word' id='word_1_300' title='bbox 448 4019 626 4087; x_wconf 64' lang='lat' dir='ltr'><strong>questoriibus</strong></span> <span class='ocrx_word' id='word_1_301' title='bbox 645 4031 714 4073; x_wconf 88' lang='lat' dir='ltr'><strong>esset</strong></span> <span class='ocrx_word' id='word_1_302' title='bbox 729 4021 835 4085; x_wconf 65' lang='lat' dir='ltr'><strong>masuam</strong></span> <span class='ocrx_word' id='word_1_303' title='bbox 853 4038 954 4070; x_wconf 85' lang='lat' dir='ltr'><strong>vacuum</strong></span> <span class='ocrx_word' id='word_1_304' title='bbox 973 4020 1011 4071; x_wconf 82' lang='lat'><strong>20</strong></span> <span class='ocrx_word' id='word_1_305' title='bbox 1021 4023 1080 4087; x_wconf 85' lang='lat' dir='ltr'><strong>sere</strong></span> <span class='ocrx_word' id='word_1_306' title='bbox 1103 4020 1234 4071; x_wconf 67' lang='lat' dir='ltr'><strong>lituorum</strong></span> <span class='ocrx_word' id='word_1_307' title='bbox 1252 4029 1287 4070; x_wconf 83' lang='lat' dir='ltr'><strong>est</strong></span> <span class='ocrx_word' id='word_1_308' title='bbox 1302 4036 1377 4084; x_wconf 84' lang='lat' dir='ltr'><strong>usque</strong></span> <span class='ocrx_word' id='word_1_309' title='bbox 1394 4017 1498 4081; x_wconf 78' lang='lat' dir='ltr'><strong>adfines</strong></span> 
     </span>
     <span class='ocr_line' id='line_1_34' title="bbox 447 4106 1498 4171; baseline -0.008 -13"><span class='ocrx_word' id='word_1_310' title='bbox 447 4125 536 4159; x_wconf 74' lang='lat' dir='ltr'><strong>um.</strong></span> <span class='ocrx_word' id='word_1_311' title='bbox 571 4108 613 4169; x_wconf 91' lang='lat'><strong>10,</strong></span> <span class='ocrx_word' id='word_1_312' title='bbox 634 4114 646 4157; x_wconf 89' lang='lat' dir='ltr'>l</span> <span class='ocrx_word' id='word_1_313' title='bbox 666 4117 685 4158; x_wconf 88' lang='lat' dir='ltr'><strong>t.</strong></span> <span class='ocrx_word' id='word_1_314' title='bbox 704 4107 863 4171; x_wconf 83' lang='lat' dir='ltr'><strong>sempronius</strong></span> <span class='ocrx_word' id='word_1_315' title='bbox 876 4106 996 4159; x_wconf 72' lang='lat' dir='ltr'><strong>FrobJI.</strong></span> <span class='ocrx_word' id='word_1_316' title='bbox 1031 4108 1311 4170; x_wconf 75' lang='lat' dir='ltr'><strong>anonumntsisignum</strong></span> <span class='ocrx_word' id='word_1_317' title='bbox 1345 4106 1498 4165; x_wconf 69' lang='lat' dir='ltr'><strong>stantesque</strong></span> 
     </span>
    </p>
   </div>
   <div class='ocr_carea' id='block_1_9' title="bbox 448 4194 1499 4348">
    <p class='ocr_par' dir='ltr' id='par_1_9' title="bbox 448 4194 1499 4348">
     <span class='ocr_line' id='line_1_35' title="bbox 452 4194 1499 4273; baseline -0.01 -12"><span class='ocrx_word' id='word_1_318' title='bbox 452 4211 575 4261; x_wconf 76' lang='lat' dir='ltr'><strong>Turnebus</strong></span> <span class='ocrx_word' id='word_1_319' title='bbox 623 4210 665 4271; x_wconf 89' lang='lat'><strong>11,</strong></span> <span class='ocrx_word' id='word_1_320' title='bbox 687 4217 698 4260; x_wconf 88' lang='lat' dir='ltr'>l</span> <span class='ocrx_word' id='word_1_321' title='bbox 721 4211 854 4259; x_wconf 85' lang='lat' dir='ltr'><strong>basilicam</strong></span> <span class='ocrx_word' id='word_1_322' title='bbox 875 4209 1069 4273; x_wconf 82' lang='lat' dir='ltr'><strong>faciendamque</strong></span> <span class='ocrx_word' id='word_1_323' title='bbox 1087 4194 1197 4261; x_wconf 72' lang='lat' dir='ltr'><strong>curatuit</strong></span> <span class='ocrx_word' id='word_1_324' title='bbox 1239 4210 1326 4271; x_wconf 87' lang='lat' dir='ltr'>XVII,</span> <span class='ocrx_word' id='word_1_325' title='bbox 1351 4209 1376 4270; x_wconf 93' lang='grc'><strong>1,</strong></span> <span class='ocrx_word' id='word_1_326' title='bbox 1398 4214 1409 4257; x_wconf 92' lang='lat' dir='ltr'>l</span> <span class='ocrx_word' id='word_1_327' title='bbox 1430 4218 1499 4257; x_wconf 78' lang='lat' dir='ltr'><strong>mace·</strong></span> 
     </span>
     <span class='ocr_line' id='line_1_36' title="bbox 448 4298 546 4348; baseline -0.01 -1"><span class='ocrx_word' id='word_1_328' title='bbox 448 4298 546 4348; x_wconf 78' lang='lat' dir='ltr'><strong>doniors</strong></span> 
     </span>
    </p>
   </div>
   <div class='ocr_carea' id='block_1_10' title="bbox 0 0 1758 5084">
    <p class='ocr_par' dir='ltr' id='par_1_10' title="bbox 0 0 1758 5084">
     <span class='ocr_line' id='line_1_37' title="bbox 0 0 1758 5084; baseline 0 0"><span class='ocrx_word' id='word_1_329' title='bbox 0 0 1758 5084; x_wconf 95' lang='lat' dir='ltr'><strong> </strong></span> 
     </span>
    </p>
   </div>
  </div>
 </body>
</html>
