3475 5084
516 529 595 584 true
611 529 710 580 xum.
746 529 796 592 (e
816 527 878 581 cir.
902 529 975 594 res.)
1011 553 1014 557 >
1180 534 1233 589 isi

221 716 318 773 livius
341 714 499 775 Selinster.
547 717 583 773 In
604 716 700 774 locum
721 716 794 773 Furi
817 717 855 773 Τ.
872 713 1015 772 Msnlium
1037 714 1230 788 Torquatum,
1251 713 1280 771 in

221 820 283 877 biri
302 820 348 879 M.
370 820 524 879 Servilium
549 822 701 896 pontifices
721 820 861 896 legerunt.

297 924 449 999 Principio
470 926 648 999 insequentis
671 924 741 982 cnni
760 943 825 982 curn
850 923 983 981 consoles
1006 922 1074 980 novi
1099 921 1136 995 Q.
1152 921 1281 979 Marcius
1325 919 1364 990 12

222 1037 247 1084 ct
266 1026 320 1089 Cn.
343 1028 485 1088 Servilius
508 1030 544 1086 de
569 1029 726 1104 provinciis
746 1028 934 1100 rettulissent,
955 1027 1050 1103 primo
1074 1045 1191 1101 quoque
1212 1036 1283 1085 tem·
1301 1025 1449 1076 Ass-58⁵·

220 1150 285 1206 pore
307 1142 361 1190 sut
382 1151 544 1210 conparere
565 1152 617 1193 eos
648 1134 724 1191 inter
752 1150 785 1191 ss
805 1133 922 1191 Italiam
948 1142 977 1189 et
998 1131 1202 1191 Macedonium
1234 1142 1285 1187 out
1307 1094 1465 1146 sobrios.

220 1235 311 1292 sortiri
333 1236 459 1311 ptaooio
491 1216 662 1314 prinsquam
683 1239 715 1295 id
735 1256 800 1295 sors
821 1246 966 1308 cerneret,
998 1238 1028 1295 in
1056 1237 1214 1306 incertum,
1246 1249 1322 1303 ne2

221 1339 284 1413 qnid
306 1342 408 1415 gretie
426 1344 565 1401 momenti
586 1343 711 1413 iaceret,
744 1343 775 1399 in
796 1352 950 1417 utramque
973 1342 1172 1418 provinciam,
1204 1342 1282 1416 quod
1415 1410 1422 1423 ¹

219 1462 261 1501 res
281 1446 465 1505 desideraret
481 1448 685 1523 supplementi,
706 1448 830 1506 decerni.
882 1448 1072 1505 Deci-coecum
1091 1446 1121 1504 in
1142 1446 1322 1508 Macedo-s
1399 1458 1400 1463 ’

219 1550 293 1607 niam
313 1530 448 1625 peditum¹
468 1555 669 1611 Romanorum
691 1572 744 1611 sex
766 1554 855 1625 milis,
877 1553 1022 1611 sociorum
1044 1551 1169 1609 nominis
1185 1550 1283 1608 Latini

220 1654 261 1711 VI
281 1656 382 1725 milis,
413 1657 525 1731 equites
545 1660 697 1717 Rcmsnoe
717 1657 806 1728 CCL,
834 1657 930 1716 socios
950 1655 1037 1716 000.
1086 1657 1209 1715 Veteres
1230 1656 1323 1719 nri-4

219 1756 278 1815 lites
299 1760 418 1831 dimitti,
438 1762 481 1820 ite
501 1771 534 1820 nt
554 1763 584 1820 in
596 1764 726 1838 singulas
745 1763 896 1822 hmanas
919 1762 1048 1837 legiones
1069 1780 1106 1818 ne
1126 1761 1191 1835 plus
1213 1778 1284 1819 seue

220 1863 295 1921 milio
315 1866 460 1940 peditum,
494 1868 604 1925 treceni
625 1868 737 1942 equites
758 1876 862 1926 essent.
917 1866 1014 1925 Alteri
1045 1865 1157 1924 consuli
1188 1865 1282 1923 nullus
1306 1876 1323 1929 5

221 1978 310 2025 oenus
332 1970 432 2027 finitus
454 1990 592 2030 numerus
618 1972 725 2031 civium
746 1973 964 2043 Romanorum,
997 1990 1082 2046 quem
1114 1972 1144 2028 in
1168 1970 1283 2045 supple·

221 2085 344 2132 mentum
370 2076 494 2150 legeret3
520 2078 550 2134 id
572 2078 659 2135 modo
685 2077 814 2149 finitum,
836 2087 869 2133 ut
892 2077 966 2135 dnus
987 2077 1115 2151 legiones
1137 2076 1284 2145 scriberet,

222 2193 281 2249 qne
302 2180 395 2254 quine
406 2181 486 2240 milis
497 2184 626 2259 pediturn
650 2193 680 2241 et
701 2184 830 2240 ducenos
844 2182 995 2253 haberent,
1017 2181 1128 2255 equites
1142 2190 1284 2239 trecenos.

221 2280 391 2343 barinorum
413 2288 509 2344 muior
529 2307 618 2363 quem
640 2289 758 2363 college
779 2287 912 2345 decretus
934 2304 1079 2356 numerus,
1100 2284 1229 2359 peditum
1251 2284 1283 2339 X
1307 2290 1324 2343 6
1365 2262 1368 2269 Ι

223 2386 296 2445 nilis
327 2400 360 2447 et
391 2390 447 2449 Dc
482 2394 602 2467 equites.
668 2393 816 2467 Quattuor
854 2400 996 2467 praeterea
1031 2390 1159 2464 legiones
1197 2386 1284 2445 scribi

222 2490 310 2565 insse,
333 2512 411 2569 quse,
432 2496 457 2553 si
480 2516 539 2572 qno
560 2516 634 2573 opus
656 2505 742 2568 esset,
766 2496 965 2554 educerentur.
999 2493 1148 2551 Tribunos
1169 2492 1204 2549 iis
1226 2510 1283 2547 non
1307 2499 1323 2551 7

223 2599 391 2669 permissum
413 2611 446 2657 ut
474 2602 773 2671 consulesiscerent3
797 2599 923 2675 populus
950 2598 1068 2657 creavit.
1116 2596 1210 2657 Sociis
1231 2614 1284 2653 no·

223 2701 301 2760 ruinis
325 2705 426 2763 Latini
453 2708 533 2765 XVI
564 2708 645 2765 milia
678 2707 806 2782 peditum
838 2714 867 2761 et
896 2704 973 2763 mille
1002 2704 1114 2778 equites
1140 2702 1285 2777 imperati.

224 2804 306 2865 Hunc
327 2810 489 2869 exercitum
511 2813 611 2888 peruri
631 2820 743 2870 tentum
765 2810 893 2886 placuit,
916 2810 1079 2881 utssexiret,
1107 2809 1132 2865 si
1159 2826 1217 2883 quo
1238 2825 1285 2863 res
1309 2811 1326 2867 8

226 2924 363 2984 posceret.
416 2916 593 2977 Macedonis
614 2917 741 2975 maxime
762 2934 862 2973 curem
884 2916 1042 2989 prebebat.
1098 2915 1134 2973 ln
1164 2913 1325 2977 clossem9

227 3016 299 3075 mille
320 3020 400 3079 socii·
419 3023 541 3081 noveles
567 3023 648 3080 cives
666 3022 795 3080 Romoni
818 3020 947 3079 libertini
975 3018 1102 3089 ordinis,
1132 3038 1170 3075 ex
1200 3018 1288 3075 ltslie

228 3124 363 3196 ostiumst
378 3126 467 3183 scribi
488 3126 575 3198 iussi;
593 3127 714 3185 totidem
730 3135 763 3182 ut
780 3143 821 3183 ex
837 3124 938 3184 Sicilie
952 3124 1161 3191 scriberentur3
1182 3132 1221 3193 et,
1241 3121 1287 3177 cni

228 3242 261 3283 ee
278 3229 431 3302 provincis
461 3232 619 3302 evenisset,
651 3231 838 3298 mandatnm,
873 3239 906 3288 nt
938 3246 988 3287 eos
1019 3228 1050 3284 in
1072 3226 1287 3295 Macedoniarn,

228 3330 397 3407 ubicumque
419 3335 519 3393 classis
541 3345 633 3407 esset,
660 3334 857 3409 deportandos
880 3341 1003 3391 cureret.
1049 3332 1086 3389 ln
1111 3330 1288 3406 Hispaniam
1313 3336 1348 3390 10

229 3435 280 3491 trie
300 3437 381 3495 milis
403 3440 531 3514 peditum
547 3442 747 3498 Romanorum
768 3439 799 3495 in
817 3438 1059 3513 supplementum,
1081 3433 1158 3494 000
1177 3434 1287 3511 equites

230 3692 344 3744 sinnius
361 3694 486 3744 odinstor
499 3693 505 3755 Ι
520 3691 581 3741 furii
623 3692 687 3752 XII,
707 3692 733 3752 1,
754 3697 765 3741 l
786 3691 859 3744 nonii
901 3696 916 3739 2
935 3690 971 3741 H.
989 3700 1012 3741 et
1031 3691 1105 3755 (itys.
1126 3706 1150 3753 q.
1171 3690 1288 3739 seruilius

230 3780 372 3845 beoupsre
386 3782 392 3846 Ι
406 3786 453 3831 ent
475 3780 655 3829 macedoniam
699 3778 725 3838 2,
748 3785 758 3827 l
779 3793 836 3827 sors
848 3790 961 3827 cernens
1009 3778 1290 3841 2prooinclomequod

230 3860 253 3921 3,
271 3871 282 3913 1
302 3867 406 3917 decerni
425 3868 454 3917 in
476 3866 654 3916 macedonium
673 3864 730 3929 My.
758 3863 946 3929 (Interponpoot
963 3864 1074 3914 decerni.
1117 3862 1148 3911 ln
1166 3863 1289 3913 Macedo·

231 3948 306 4015 uum)
346 3952 406 4014 4,3
427 3966 489 4003 'cco‘
506 3953 605 4017 equites
640 3951 666 4011 5,
688 3957 699 4002 l
720 3951 785 3999 nolli
825 3957 911 4014 sque
929 3950 955 3998 in
992 3956 1053 3997 tet
1070 3950 1229 3999 ducentenos
1265 3949 1289 4008 6,

235 4038 376 4101 lpeditnrn
393 4039 533 4089 latinorum
553 4038 627 4090 Gran.
671 4042 732 4087 tet
751 4052 799 4087 ec.
818 4038 916 4101 equites
953 4034 978 4099 t,
1000 4042 1010 4084 l
1032 4036 1055 4109 is
1091 4036 1208 4085 amillio
1223 4036 1228 4101 l
1243 4038 1290 4084 im-

232 4141 300 4200 osrici
332 4123 513 4203 &rennui
531 4144 553 4191 si
588 4140 614 4201 9,
635 4145 646 4189 l
667 4140 916 4204 curstinclsssorn
934 4138 1140 4189 curaillesocii
1186 4140 1290 4189 tciues

233 4238 252 4273 r·
267 4227 378 4278 libertini
392 4229 399 4292 Ι
413 4242 447 4278 ex
464 4228 537 4277 itslis
555 4227 632 4276 scribi
643 4226 740 4287 Duker,
758 4225 860 4291 Kreyss.
880 4226 969 4291 (Grpe.
980 4224 1098 4285 Romani,
1122 4225 1234 4273 libertini
1250 4240 1291 4275 or·

235 4310 295 4363 (linis
309 4329 343 4365 ex
358 4315 445 4378 Itslis)
493 4314 681 4364 ascriberetur
716 4313 831 4362 bclsdis
867 4310 911 4373 10,
931 4317 946 4360 2
965 4310 1150 4375 suplementum

1059 4398 1089 4449 90
