3475 5084
481 483 538 539 llo
745 476 827 527 nicer
842 474 941 571 ΚΕΗ.
978 476 1072 539 (Asu.
1091 488 1113 523 e.
1133 472 1207 537 585.)

435 664 602 739 lllymisquc
622 662 762 733 venditis,
790 641 1010 719 in-Psnestiam
1036 662 1195 721 uereitum
1216 657 1349 717 redducit
1370 656 1406 713 ed
1427 654 1484 713 Oe·

396 771 413 826 3
436 787 523 826 nsum
545 768 684 843 oppidum
705 768 736 825 in
756 774 931 843 potestatem
952 766 1152 841 redigendum,
1172 775 1202 823 st
1215 763 1325 837 alioqui
1338 770 1486 837 opportune

435 875 533 944 situm,
554 883 584 930 et
604 873 743 931 transitus
765 890 802 929 aa
822 882 867 928 est
889 871 918 928 iu
941 873 1102 943 Labeates,
1129 872 1179 929 ubi
1202 870 1328 930 Gentius
1348 868 1485 942 regnabat

396 984 414 1037 l
437 979 629 1037 Praetereuuli
651 978 787 1052 frequens
799 978 959 1047 castellum,
983 976 1172 1035 Draudacum
1195 975 1321 1043 numius,
1342 972 1487 1048 peritorum

437 1083 556 1158 quidam
577 1082 705 1159 regionis
727 1082 798 1152 eius,
818 1080 891 1138 nihil
902 1079 1009 1138 Oaeueo
1022 1092 1108 1157 capto
1132 1098 1206 1157 opus
1228 1096 1301 1150 esse,
1322 1080 1373 1149 ait,
1394 1078 1447 1134 nisi
1463 1078 1487 1133 iu

436 1196 584 1264 potestate
605 1195 635 1243 ct
655 1187 846 1245 Draudacum
867 1187 920 1256 sit3
943 1187 1135 1262 opportunius
1157 1186 1244 1242 etiam
1268 1185 1306 1241 ed
1329 1184 1427 1242 omnia
1444 1202 1487 1258 po-

398 1297 414 1351 5
437 1293 522 1350 situm
548 1310 621 1352 esse.
675 1292 806 1349 Admeto
840 1292 987 1362 exercitu,
1018 1308 1120 1349 omues
1152 1288 1298 1365 extemplo
1331 1290 1490 1348 dediderunt

438 1416 512 1456 sese.
559 1398 627 1471 Qua
647 1415 700 1473 spe
721 1397 860 1455 celeriore
881 1397 1027 1454 deditione
1048 1406 1169 1466 erectus,
1191 1406 1347 1471 postquem
1370 1393 1490 1451 animad-

438 1504 535 1573 vertit,
558 1513 693 1577 quantus
706 1503 831 1577 agminis
852 1503 898 1559 sui
919 1512 1013 1559 terror
1034 1510 1125 1570 esset,
1146 1500 1278 1558 undecim
1302 1500 1360 1557 alia
1382 1498 1491 1555 castella

402 1608 544 1666 lieodem
579 1617 656 1664 metu
687 1607 718 1663 iu
745 1616 919 1681 potestatem
940 1604 1056 1681 redigit.
1102 1606 1153 1665 Ad
1184 1624 1335 1682 perpauca
1365 1604 1398 1661 vi
1428 1620 1491 1679 opus

437 1712 510 1784 fuit,
531 1723 629 1771 cetera
650 1711 800 1769 vuluntate
821 1711 936 1783 dedita,
966 1721 994 1768 et
1024 1712 1053 1768 iu
1081 1712 1127 1769 his
1155 1712 1265 1786 recepti
1286 1712 1319 1768 M
1341 1720 1370 1767 et
1392 1710 1422 1767 D
1444 1708 1492 1765 dis·

398 1823 413 1876 7
437 1818 526 1893 positi
558 1836 611 1893 per
644 1817 779 1892 presidia
805 1818 910 1875 milites
940 1817 1076 1874 Romani.
1123 1818 1234 1891 Magno
1264 1814 1329 1873 usui
1357 1813 1494 1873 Carvilius

438 1919 605 1995 Spoletinus
627 1931 691 1978 eret
711 1922 741 1978 in
763 1922 941 1997 conloquiis,
962 1920 1094 1990 diceudo,
1116 1922 1187 1978 nihil
1208 1922 1238 1978 iu
1258 1921 1339 1996 ipsos
1360 1921 1493 1977 saevitum.

437 2024 489 2082 Ad
510 2022 649 2082 anneum
677 2036 848 2101 perventum
879 2036 936 2097 est,
971 2026 1051 2100 quod
1083 2026 1145 2083 siue
1175 2026 1253 2083 iusta
1285 2026 1495 2101 oppugnatione

438 2130 504 2205 capi
527 2147 586 2186 non
607 2141 733 2205 poterat.
779 2132 820 2188 Et
841 2132 952 2189 meiere
971 2130 1139 2205 aliquanto,
1161 2148 1248 2205 quem
1274 2140 1381 2200 cetere,
1403 2130 1494 2185 iuven·

398 2240 416 2295 8
437 2244 500 2291 tute
526 2246 556 2291 et
577 2236 705 2293 validum
726 2235 865 2310 oppidum
890 2236 1032 2293 moeuibus
1054 2246 1137 2305 erat,
1172 2245 1201 2291 et
1220 2230 1288 2292 hiu'c
1310 2234 1425 2305 amnis,
1446 2236 1495 2291 Ar·

437 2348 516 2396 tutus
534 2340 668 2411 nomine,
694 2339 760 2396 hine
788 2356 872 2397 muns
894 2340 1032 2415 praealtus
1054 2349 1083 2395 et
1105 2340 1186 2397 aditu
1208 2338 1334 2397 difficilis
1357 2340 1494 2415 cingebat.

398 2444 511 2506 9Hae
531 2462 614 2520 spem
635 2445 674 2501 ad
695 2444 886 2502 resistendum
915 2444 1069 2519 oppidanis
1095 2445 1214 2502 debant.
1272 2446 1418 2515 Perseus,
1450 2443 1497 2500 eir·

437 2548 615 2606 cumvalleto
636 2550 757 2624 oppido,
778 2567 915 2624 aggerem
941 2568 959 2606 a
981 2558 1065 2623 perte
1083 2550 1233 2628 superiore
1246 2550 1351 2607 ducere
1373 2549 1498 2616 instituit,

381 2663 416 2717 10
439 2653 520 2711 euius
543 2652 695 2709 altitudine
716 2671 815 2709 muros
839 2664 999 2729 superaret.
1049 2653 1136 2727 Quod
1159 2672 1234 2729 opus
1255 2654 1324 2711 dum
1348 2655 1499 2729 perficitur,

439 2758 547 2815 crebris
568 2757 681 2814 interim
702 2758 830 2831 proeliis,
863 2760 968 2832 quibus
990 2777 1043 2834 per
1064 2760 1249 2817 excursiones
1271 2770 1300 2816 et
1323 2759 1432 2815 muenia
1453 2775 1500 2815 sua

439 2861 580 2937 oppidani
610 2863 780 2919 tutabantur
810 2872 840 2919 st
873 2880 965 2938 opere
1000 2864 1126 2921 hostium
1163 2863 1366 2939 inpediebuut,
1399 2880 1500 2939 magua

440 2984 541 3023 eorum
562 2967 716 3024 multitudo
738 2968 828 3025 variis
850 2968 967 3024 casibus
989 2969 1146 3043 absumpta
1168 2980 1229 3037 eet,
1251 2980 1289 3039 et,
1311 2970 1362 3043 qui
1386 2988 1499 3044 supere·

440 3082 524 3142 rant,
553 3072 656 3129 labore
683 3072 787 3129 diurno
817 3083 1018 3145 nocturnoque
1040 3080 1067 3128 at
1086 3073 1253 3130 volneribus
1273 3072 1400 3131 inutiles.
1413 3084 1500 3130 erant.

387 3182 419 3235 ll
444 3178 505 3237 Ubi
525 3178 650 3253 primum
673 3196 764 3253 agger
784 3177 928 3233 iniunctus
950 3196 1033 3234 muro
1055 3186 1115 3247 est,
1137 3189 1165 3234 st
1187 3180 1291 3236 cohors
1312 3178 1411 3252 regia,
1434 3196 1501 3252 quos

446 3454 612 3517 sillyrisqus
627 3453 633 3516 Ι
648 3453 675 3500 in
693 3452 884 3517 peueiupeeiam
904 3452 1020 3501 redducit
1032 3452 1189 3501 adeoeueum
1209 3451 1398 3532 lpoteistetem
1439 3454 1471 3514 3,
1491 3460 1500 3503 l

445 3566 472 3607 et
491 3557 600 3619 alioque
622 3564 772 3619 opportunae
790 3554 886 3621 (Volpo
905 3556 1078 3619 interpanqitar
1094 3555 1144 3604 sie.-
1166 3557 1342 3617 redigendum.
1391 3559 1428 3607 Et
1444 3559 1503 3607 alio-

446 3649 491 3713 qui
510 3658 553 3698 cet.
573 3646 668 3698 Duker.
688 3655 714 3695 et
732 3648 809 3709 quod.
849 3645 902 3696 sed
918 3645 968 3697 vid.
980 3644 1035 3711 M'q.
1051 3642 1189 3696 Emendutt.
1209 3646 1233 3695 in
1246 3646 1294 3698 Cic.
1314 3646 1388 3699 libros
1406 3648 1502 3715 deleqp

442 3762 466 3802 et
482 3750 566 3801 Acud.
582 3768 610 3817 p.
621 3749 694 3811 150.)
722 3751 889 3799 alabeautes
905 3748 910 3815 Ι
926 3734 1062 3833 geutpibus
1103 3749 1129 3809 4.
1153 3757 1164 3800 l
1185 3752 1329 3816 praetersuti
1366 3758 1503 3803 loseneou

440 3856 473 3917 5,
494 3862 505 3906 l
527 3870 603 3906 ornus
641 3860 753 3916 squam
772 3868 816 3917 spe
835 3854 983 3903 celeriorem
1002 3855 1151 3903 deditionem
1188 3860 1319 3905 eructum
1356 3855 1382 3915 6,
1402 3863 1418 3905 2
1439 3871 1467 3906 co
1483 3866 1504 3904 at

444 3972 477 4008 ‘a‘
496 3959 613 4023 dispositi
649 3957 673 4016 7,
693 3962 708 4005 3
727 3936 916 4005 acideooensum
952 3964 1046 4007 sucu
1070 3939 1214 4023 mputerat
1253 3958 1279 4018 8,
1297 3964 1312 4010 2
1331 3960 1393 4009 hinc
1413 3942 1502 4021 mosel

441 4064 534 4121 auditu
588 4062 614 4122 9,
633 4066 649 4108 ³
668 4057 831 4108 altitudinem
885 4058 928 4119 10,
947 4066 963 4108 8
983 4062 1134 4111 tutabantur
1148 4062 1155 4128 1
1170 4062 1282 4113 hostium
1295 4044 1319 4111 'ii
1341 4064 1505 4127 inpediebsut

440 4178 534 4228 magne
576 4142 802 4225 labsunpmsrst
842 4165 1059 4226 nocturnoque
1082 4164 1227 4215 uolneribus
1243 4164 1248 4231 Ι
1264 4174 1319 4215 erat
1353 4167 1398 4231 11,
1421 4174 1507 4217 suu·

440 4266 483 4301 ros
501 4259 540 4301 est
