3475 5084
510 530 566 587 148
768 480 846 579 uma
862 528 960 579 xm.
1001 532 1046 591 (Δ.
1067 546 1091 581 u.
1112 544 1133 581 s.
1156 530 1230 593 sss.)

425 712 442 768 6
464 710 569 767 silium.
612 712 688 768 anis
708 731 763 788 per
780 716 927 791 Pythoum
950 716 1086 790 placebat
1108 717 1173 787 via,
1195 715 1259 773 aliis
1281 734 1334 790 per
1353 713 1514 772 Cambunios

465 824 586 884 montes,
608 834 668 891 qua
687 818 786 892 priore
806 837 883 876 anno
899 820 1023 877 duxerat
1037 821 1180 878 Hostilius
1202 822 1317 890 consul,
1340 819 1406 877 aliis
1426 830 1515 894 prater

424 925 440 977 7
465 920 636 977 Ascuridem
670 920 816 997 paludem.
868 924 1011 983 Restabat
1050 924 1231 999 aliquantum
1265 925 1321 981 vise
1340 924 1514 989 communis,

462 1025 562 1099 itsque
587 1026 617 1082 iu
642 1026 674 1083 id
701 1036 830 1101 tempus,
861 1046 920 1101 quo
948 1047 1039 1104 prope
1072 1030 1228 1087 divortium
1263 1030 1400 1086 itinerum
1435 1040 1515 1085 castra

422 1128 440 1183 8
463 1130 585 1205 posituri
614 1140 712 1202 erant,
738 1132 909 1190 deliberatio
937 1133 998 1189 eius
1025 1134 1067 1190 rei
1089 1133 1229 1193 differtur.
1275 1136 1309 1192 In
1332 1134 1514 1192 Perrhaebiam

461 1235 529 1291 inde
559 1235 654 1305 ducit,
682 1248 712 1293 et
738 1237 814 1295 inter
840 1241 969 1296 Azomm
1002 1248 1032 1294 et
1058 1238 1200 1297 Dolichen
1228 1227 1341 1297 stativa*
1363 1239 1464 1297 hebuit
1486 1238 1514 1294 ad

422 1338 439 1393 9
462 1340 669 1397 consulendam
691 1360 807 1410 rursus,
837 1361 923 1416 quam
947 1344 1129 1418 potissimum
1155 1354 1320 1419 capesseret
1340 1345 1430 1402 viam.
1469 1346 1514 1399 Per

461 1445 579 1503 eosdem
600 1445 662 1502 dies
683 1447 824 1516 Perseus,
846 1466 911 1504 cum
934 1450 1170 1525 adpropinquare
1191 1450 1305 1506 hostem
1327 1450 1429 1516 sciret,
1451 1447 1513 1521 quod

460 1552 517 1607 iter
541 1550 682 1625 petiturus
709 1560 802 1620 esset,
832 1552 960 1626 ignarus,
990 1573 1090 1611 omnes
1114 1555 1206 1611 saltus
1235 1553 1362 1610 insidere
1391 1552 1513 1627 praesidiis

404 1654 570 1712 tartareis
618 1656 653 1712 In
686 1655 785 1730 iugum
820 1654 1047 1715 Cambuniorum
1086 1659 1225 1717 montium
1263 1657 1443 1729 (Volustana
1471 1656 1513 1731 ipsi

460 1761 580 1833 vocant)
603 1761 634 1817 X
649 1760 730 1817 milia
743 1761 815 1817 levis
829 1772 984 1819 armaturae
998 1763 1134 1820 iuvenum
1150 1782 1214 1819 cum
1230 1764 1303 1819 duce
1316 1762 1512 1837 Asclepiodoto

402 1865 435 1919 11
461 1864 560 1932 mittit3
579 1865 617 1921 ad
628 1865 787 1936 castellum,
813 1867 891 1940 quod
903 1885 991 1942 super
1001 1868 1174 1927 Ascuridem
1188 1869 1324 1944 paludem
1336 1878 1403 1925 erat
1419 1868 1512 1940 (Lapa

459 1972 526 2027 thus
536 1980 659 2027 vocatur
668 1971 771 2043 locus),
783 1972 909 2046 Hippias
920 1983 1018 2031 tenere
1034 1975 1137 2031 saltum
1151 1990 1215 2030 cum
1228 1973 1292 2030 XII
1305 1973 1419 2031 milium
1430 1974 1512 2030 Mace

402 2068 437 2124 ¹2
460 2075 567 2132 donum
589 2075 723 2151 praesidio
745 2076 849 2137 iussus.
894 2079 961 2153 lpse
983 2096 1048 2135 cum
1077 2078 1196 2153 reliquis
1218 2077 1311 2151 copiis
1332 2077 1431 2151 primo
1452 2078 1512 2132 circa

461 2178 548 2235 Dium
571 2180 680 2237 stativa
702 2183 817 2249 habuit;
838 2182 951 2253 deinde,
974 2184 1071 2251 credo,
1092 2203 1128 2240 ne
1143 2183 1327 2257 obtorpuisse
1348 2183 1437 2257 inops
1458 2200 1511 2237 con·

458 2284 514 2341 silii
535 2285 696 2355 videretur,
718 2306 781 2343 cum
805 2268 950 2362 equitibus
974 2288 1116 2363 expeditis
1137 2287 1222 2345 litore
1243 2304 1320 2344 nune
1341 2287 1511 2348 Heracleum,
1550 2308 1551 2313 ¹

458 2408 533 2447 nuuc
553 2390 670 2448 Philam
689 2393 886 2466 percurrebat,
908 2393 1009 2450 eodem
1031 2392 1099 2449 inde
1120 2410 1205 2447 cursu
1229 2392 1320 2448 Dium
1342 2402 1482 2467 repetens

376 2498 396 2567 3
542 2496 661 2553 Interim
677 2497 787 2554 consuli
808 2498 951 2555 sententia
965 2498 1043 2554 stetit
1058 2516 1093 2554 eo
1108 2497 1184 2553 saltu
1199 2496 1313 2567 ducere,
1334 2498 1389 2555 ubi
1412 2504 1511 2573 propter

417 2611 434 2666 2
458 2599 628 2659 Ottolobum
644 2601 769 2657 diximus
783 2602 860 2677 regis
875 2612 972 2659 cestra
982 2604 1000 2639 ⁴*
1011 2604 1038 2657 *.
1060 2602 1201 2659 Praemitti
1215 2612 1312 2659 tamen
1324 2604 1372 2659 1v
1387 2604 1463 2660 milia
1476 2618 1510 2656 ar·

459 2714 602 2762 matorum
624 2706 661 2761 ad
684 2706 750 2762 loca
771 2715 937 2781 opportuna
958 2707 1188 2789 praeoccupanda
1211 2706 1335 2781 placuit,
1367 2708 1434 2782 quis
1453 2722 1519 2793 pra·¹

457 2811 543 2885 positi
572 2820 639 2865 sunt
659 2810 699 2867 M.
722 2808 876 2879 Claudius,
905 2811 941 2883 Q.
965 2811 1109 2881 Marcius,
1137 2811 1262 2868 consulis
1283 2812 1370 2869 filius.
1421 2808 1509 2869 Conie·
1548 2824 1549 2827 ’

417 2928 433 2981 3
457 2915 523 2972 stim
552 2922 581 2969 et
607 2914 748 2971 universas
776 2914 868 2989 copiae
895 2917 1100 2990 sequebantur.
1151 2913 1286 2974 Ceterum
1323 2917 1402 2974 adeo
1434 2914 1508 2973 ardna

456 3029 486 3077 et
513 3038 618 3095 aspera
646 3030 674 3077 et
702 3020 879 3095 confragosa
902 3023 948 3077 oio
968 3019 1037 3090 fuit,
1067 3032 1100 3077 ut
1120 3021 1260 3096 praemissi
1283 3021 1417 3095 expediti
1437 3019 1507 3077 bidnc
1547 3054 1548 3063 η

454 3270 480 3330 6,
503 3276 513 3319 l
534 3278 638 3334 pytoum
661 3270 664 3334 Ι
688 3271 735 3319 alis
753 3286 799 3335 per
816 3270 991 3319 cembnnneos
1027 3276 1042 3319 2
1061 3268 1177 3319 hostibus
1194 3269 1283 3318 consul
1302 3268 1363 3319 ariis
1384 3278 1466 3335 preter
1495 3272 1506 3315 t

454 3374 582 3438 aspiridcn
618 3372 642 3433 7,
659 3379 674 3421 2
692 3374 790 3435 itaquin
807 3374 833 3423 id
850 3375 854 3436 Ι
871 3374 938 3436 quod
957 3387 1037 3438 prope
1073 3354 1266 3422 3dellsiheratio
1282 3372 1287 3433 l
1303 3370 1437 3422 differatur
1466 3372 1503 3429 8,l

452 3460 601 3524 perrebism'
655 3465 670 3508 2
699 3474 817 3522 generum
850 3467 877 3508 et
909 3460 1030 3521 dolycens
1066 3460 1161 3508 statiua
1233 3457 1267 3517 9,
1298 3463 1309 3506 l
1340 3474 1389 3522 pro
1417 3459 1505 3508 eosdem
1545 3476 1546 3479 ¹

454 3551 469 3595 8
498 3547 580 3595 omnis
643 3544 692 3605 10,
721 3551 736 3594 2
772 3546 893 3595 iuvenum
917 3561 1021 3609 pravam
1048 3561 1097 3595 esse
1124 3543 1247 3595 Creverina
1273 3544 1361 3603 sensit,
1388 3546 1434 3610 ptr.
1460 3542 1503 3593 En.

452 3631 507 3683 559
524 3649 548 3681 a.
590 3630 677 3681 Fuitne
700 3631 765 3682 tevts
789 3641 925 3683 armaturea
944 3631 1135 3707 alienigenum?
1169 3630 1212 3688 11,
1233 3635 1243 3678 l
1266 3631 1415 3681 accuridem
1432 3630 1504 3695 palue-

453 3743 492 3784 rat
528 3720 664 3784 tteucrde
698 3735 1046 3799 mussantesque
1082 3735 1210 3783 adsiude
1223 3716 1503 3800 adeontobtorpouisse
1544 3736 1545 3749 ¹

452 3821 506 3887 My.
526 3822 581 3871 Em.
600 3820 764 3882 castinum
792 3822 1009 3872 uuiderecircum
1030 3822 1157 3886 equitibus
1187 3824 1190 3887 Ι
1218 3820 1365 3870 heracleam
1389 3820 1461 3873 Gran
1492 3824 1503 3864 4

449 3925 526 3989 pilam
543 3924 548 3988 Ι
564 3927 608 3975 din
626 3932 742 3990 repentes
798 3924 1161 3986 111,1‚1sementiarsteus
1208 3904 1405 3974 todttolobum
1424 3924 1501 3987 (Gryn-

450 4028 612 4094 Octclopnm,
634 4030 733 4095 Kreyss.
755 4028 952 4092 Ortholophum)
969 4031 974 4092 Ι
989 4030 1109 4079 duximus
1126 4029 1130 4091 Ι
1146 4036 1229 4078 eastra
1246 3992 1367 4093 praemitti
1387 4027 1502 4078 [πωπω

449 4133 541 4182 scotavit
558 4130 641 4197 Siqua.
676 4132 702 4192 2,
724 4138 735 4181 1
756 4138 841 4181 nmen
851 4114 890 4181 rh}
899 4140 1053 4183 armatorum
1090 4132 1169 4194 tqui
1179 4132 1309 4197 praepositi
1356 4111 1501 4192 &tardes

449 4226 464 4267 2
489 4217 641 4280 confragosa
665 4217 713 4267 init
