3475 5084
695 453 751 501 sia.
771 452 945 501 xx-xxn.
1269 457 1304 515 27

289 651 400 700 transiit.
445 650 492 701 On.
518 648 652 700 Cornelius
677 648 763 713 Scipio
788 649 815 696 in
840 649 965 713 Hispania
994 656 1082 699 contra
1107 650 1202 699 Poenos
1228 664 1349 714 prospere

291 745 424 807 pugnavit,
443 745 508 793 duce
525 743 639 792 hostium
657 736 798 804 Magone¹)
818 750 901 805 capto.

701 937 750 986 EX
769 935 835 985 LIB.
854 935 940 984 XXIl.

362 1059 490 1109 Hannibal
517 1073 564 1123 per
594 1061 725 1108 continuas
752 1057 852 1119 vigilias
882 1057 907 1104 in
936 1056 1072 1121 paludibus
1100 1055 1175 1105 oculo
1202 1058 1295 1107 amisso
1322 1059 1350 1106 in

290 1151 419 1201 Etruriam
432 1155 508 1210 venit,
527 1166 573 1215 per
590 1166 652 1214 quas
669 1151 775 1215 paludes
794 1150 930 1214 quatriduo
949 1157 975 1196 et
993 1147 1073 1197 tribus
1091 1148 1207 1197 noctibus
1226 1149 1280 1197 sine
1294 1150 1351 1198 ulla

290 1246 379 1310 requie
397 1247 446 1295 iter
463 1245 531 1295 fecit.
569 1244 598 1293 C.
618 1245 761 1293 Flaminius
779 1252 842 1303 cos.;
861 1243 939 1291 horno
958 1241 1113 1300 temerarius,
1132 1238 1221 1290 eontra
1238 1242 1351 1305 auspicia

291 1336 421 1402 profectus
440 1339 520 1402 siguis
538 1338 690 1386 militaribus
708 1336 816 1394 effossis,
835 1350 891 1399 qua
910 1334 965 1382 tolli
984 1348 1036 1383 uon
1049 1341 1174 1397 poteraut,
1193 1341 1218 1382 et
1230 1334 1263 1383 ab
1276 1350 1350 1399 equo,

290 1444 367 1491 quem
386 1431 579 1489 conscenderat,
598 1446 643 1494 per
662 1437 738 1493 eaput
756 1417 897 1486 devolutus,
917 1427 1016 1477 insidiis
1034 1426 1066 1474 ab
1079 1425 1224 1475 Hannibale
1244 1428 1351 1477 eircum-

291 1527 384 1570 ventns
408 1522 441 1569 ad
466 1521 670 1570 Trasumennum
692 1521 778 1569 lacum
804 1535 862 1568 cum
891 1519 1003 1567 exercitu
1022 1532 1100 1567 cassus
1120 1527 1170 1576 est3
1194 1534 1241 1568 sex
1262 1521 1350 1585 millia,

291 1629 348 1676 quaa
374 1624 516 1678 eruperant,
540 1614 589 1662 fide
614 1614 645 1662 ab
664 1607 843 1675 Adherbale²)
867 1614 940 1669 data,
966 1610 1072 1673 perfidia
1089 1610 1241 1661 Hannibalis
1267 1614 1352 1663 vincta

292 1716 360 1755 sunt.
400 1704 482 1765 Quum
506 1707 538 1754 ad
557 1706 672 1755 nuntium
698 1705 778 1754 cladis
797 1704 887 1753 Roma
911 1703 995 1750 luctus
1015 1711 1094 1761 esset,
1122 1705 1178 1751 dum
1200 1712 1294 1755 matres
1319 1692 1351 1755 dx

291 1799 422 1863 insperato
453 1799 560 1861 receptis
585 1797 643 1846 filiis
668 1798 763 1860 gaudio
792 1809 897 1845 mortua
927 1803 993 1843 suut.
1033 1793 1072 1844 Ob
1101 1795 1167 1844 hanc
1194 1798 1293 1846 cladem
1320 1814 1352 1848 ex

291 1891 426 1955 Sibyllinis
445 1892 516 1941 libris
535 1905 579 1939 ver
597 1905 695 1938 sacrum
715 1898 808 1938 votum.
849 1885 932 1947 Quum
952 1886 1044 1934 deinde
1065 1885 1095 1947 Q.
1110 1888 1206 1939 Fabius
1221 1889 1352 1941 Maximus

292 1984 403 2032 dictator
425 1984 545 2033 adversus
567 1982 740 2032 Hannibalem
766 1983 857 2030 missus
885 1979 966 2028 nollet
993 1980 1048 2029 acie
1073 1996 1129 2029 oum
1155 1996 1186 2031 eo
1207 1983 1351 2046 confligere,

292 2092 324 2124 ne
344 2085 431 2125 contra
450 2074 557 2125 ferocem
577 2084 616 2123 tot
633 2075 744 2124 victoriis
764 2074 863 2123 bostem
889 2072 981 2121 territos
1005 2066 1120 2123 advorsis*
1141 2075 1236 2137 proeliis
1259 2076 1352 2126 milites

291 2183 384 2233 pugna
403 2170 579 2227 committeret,
599 2175 624 2216 et
641 2168 793 2230 opponendo
812 2181 839 2215 se
859 2172 959 2213 tantum
978 2173 1083 2215 conatus
1103 2167 1255 2217 Hannibalis
1274 2170 1354 2233 impe·

291 2263 370 2321 diret,
388 2261 425 2311 M.
440 2261 569 2309 Minucius
588 2259 709 2320 magister
727 2260 853 2328 equitum,
873 2255 946 2305 ferox
964 2260 1169 2318 atramentariis,
1194 2262 1352 2310 criminando

292 2354 444 2402 dictatorem
464 2359 583 2414 tanquam
603 2366 706 2415 segnem
725 2359 751 2398 et
769 2350 883 2398 timidum
903 2346 995 2408 effecit,
1026 2357 1054 2399 ut
1074 2351 1161 2414 populi
1179 2351 1249 2401 iussu
1267 2367 1354 2416 aqua-

294 2455 364 2495 retur
382 2446 405 2493 ei
424 2459 479 2492 cnm
500 2446 622 2493 dictatore
634 2444 781 2508 imperium3
802 2441 932 2503 divisoque
951 2443 1072 2505 exercitu,
1092 2458 1169 2507 quum
1188 2444 1275 2508 iniquo
1293 2444 1352 2494 loco

295 2538 450 2589 conflixisset
468 2546 493 2584 et
511 2538 537 2584 in
549 2537 663 2585 maximo
682 2536 825 2584 discrimine
843 2534 958 2597 legiones
977 2534 1031 2584 eius
1051 2542 1141 2600 essent,
1161 2537 1352 2601 superveniente

295 2648 352 2683 cum
383 2631 496 2680 exercitu
519 2629 601 2677 Fabio
625 2628 741 2677 Maximo
773 2627 918 2677 discrimine
946 2626 1069 2676 liberatus
1096 2618 1142 2677 est.
1194 2626 1251 2688 Quo
1276 2630 1353 2679 bene·

293 2726 353 2773 ficio
376 2725 457 2772 rictus
478 2731 564 2770 castra
588 2736 646 2769 cum
670 2736 700 2769 eo
718 2720 801 2769 iunxit
822 2729 847 2768 et
868 2728 966 2783 patrem
992 2736 1049 2770 eum
1074 2722 1207 2784 salutavit,
1235 2722 1352 2786 idemque

296 2818 379 2867 iacere
405 2816 498 2864 milites
527 2815 607 2864 iussit
658 2812 798 2876 Hannibal,
826 2820 926 2861 vastata
953 2813 1101 2877 Campania,
1128 2815 1194 2863 iuter
1210 2811 1353 2864 Casilinum
1429 2822 1431 2827 '

295 2910 417 2976 oppidum
439 2916 465 2957 et
482 2903 634 2956 Calliculam
653 2912 766 2954 montem
786 2920 802 2951 a
819 2904 903 2953 Fabio
927 2906 1020 2967 clusus,
1046 2909 1179 2957 sarmentis
1202 2909 1233 2956 ad
1260 2923 1354 2957 cornua

295 3006 372 3054 boum
399 3001 510 3064 alligatis
537 3007 563 3047 et
591 2999 700 3047 incensis
730 2998 873 3062 presidium
896 2998 1078 3060 Romanorum,
1109 3002 1176 3065 quod
1205 3000 1353 3050 Calliculam

294 3096 438 3156 insidebat,
467 3090 565 3155 fugavit
591 3099 616 3139 et
646 3091 684 3138 sic
713 3098 887 3151 transgressus
913 3099 952 3141 est
977 3092 1079 3141 saltum.
1128 3093 1250 3157 Idemque
1279 3093 1354 3143 Fabii

297 3189 407 3239 Maximi
425 3185 568 3243 dictatoris,
588 3197 666 3247 quum
684 3182 863 3246 circumposita
881 3191 980 3244 ureret,
1006 3198 1068 3247 agro
1088 3187 1215 3251 pepercit,
1238 3186 1354 3235 utillum

296 3294 418 3345 tauquam
449 3280 601 3344 proditorem
633 3282 779 3339 suspectum
808 3273 913 3326 facerat.
966 3275 1073 3326 AEmilio
1101 3279 1192 3327 deinde
1218 3278 1300 3327 Paulo
1315 3288 1355 3328 ·et

299 3374 418 3425 Terentio
447 3373 565 3421 Varrone
595 3383 659 3417 coss.
688 3365 736 3431 [et]
764 3367 871 3416 ducibus
902 3381 960 3416 cum
992 3370 1102 3419 maxima
1129 3371 1201 3419 clade
1234 3374 1355 3421 adversus

297 3466 468 3518 Hannibalem
488 3465 520 3514 ad
540 3462 642 3511 Cannas
660 3468 801 3523 pugnatum
819 3467 871 3517 est,
896 3473 1010 3521 caesaque
1029 3476 1059 3511 co
1077 3463 1166 3526 proelio
1183 3464 1355 3513 Romanorum

296 3543 373 3611 ffi
392 3574 450 3608 cum
468 3557 550 3607 Paulo
568 3554 674 3603 consule
693 3561 718 3602 et
735 3544 894 3603 senatoribus
913 3550 961 3600 XC
986 3562 1011 3602 et
1029 3556 1204 3604 consularibus
1228 3564 1272 3604 aut
1292 3569 1355 3619 pru·

298 3652 370 3701 toriis
388 3660 433 3700 aut
450 3648 565 3699 aediliciis
584 3648 670 3697 XXX.
712 3646 775 3695 Post
793 3660 850 3708 quta
868 3659 946 3708 quum
966 3661 982 3694 a
999 3646 1128 3696 nobilibus
1152 3647 1355 3697 adolescentibus

298 3749 401 3807 propter
418 3743 619 3807 desperationem
638 3740 772 3789 consilinm
792 3740 823 3787 de
842 3738 1008 3799 relinquenda
1024 3738 1098 3787 Italia
1115 3739 1228 3800 iniretur,
1246 3740 1276 3790 P.
1293 3739 1356 3790 Cor-

209 3886 212 3891 ,
297 3835 379 3884 nelias
391 3833 476 3898 Scipio
495 3834 610 3883 tribunus
629 3834 746 3897 militum,
766 3832 809 3895 qni
822 3831 957 3881 africanus
975 3840 1066 3894 postea
1083 3840 1186 3881 vocatus
1204 3842 1249 3891 est,
1268 3834 1356 3883 stricto

298 3942 376 3992 super
394 3929 480 3990 capita
498 3927 692 3977 deliberantium
711 3926 786 3985 ferro,
814 3926 908 3975 iuravit
926 3939 952 3974 se
970 3939 1016 3988 pro
1035 3924 1107 3973 hoste
1125 3924 1272 3974 habiturum
1290 3940 1355 3985 eum,

300 4021 388 4083 quiin
407 4021 486 4070 rerba
504 4036 550 4069 sua
568 4036 619 4069 non
637 4020 758 4081 iurasset,
786 4016 934 4081 effecitque,
959 4026 988 4067 ut
1015 4032 1103 4067 omnes
1122 4031 1173 4067 nou
1191 4018 1306 4066 relictum
1326 4019 1356 4067 iri

355 4272 376 4321 ι1
392 4274 497 4313 Quoue
511 4276 551 4314 lis.
566 4286 584 4314 r.
598 4276 631 4313 60.
685 4273 706 4321 'l
720 4269 841 4310 Maharbale
856 4273 897 4311 tis.
911 4284 928 4311 e.
943 4274 962 4310 6.
