3475 5084
493 522 552 579 240
769 518 846 568 Liber
864 516 946 567 XLV.
984 517 1030 580 (Δ.
1042 532 1066 567 ιι,
1077 531 1100 569 c.
1111 518 1184 578 587.)

451 704 592 783 potestis,
627 722 691 762 cum
723 721 808 760 nemo
832 702 1012 760 Rhodiorum
1046 720 1129 759 arma
1154 701 1294 758 adversus
1322 716 1376 755 vos
1397 698 1496 755 laturus

394 816 424 869 ll
452 814 495 869 sit.
549 809 581 869 Si
605 808 826 885 perseverabitis
852 808 882 865 in
911 808 971 877 ira,
1008 816 1120 883 tempus
1142 826 1160 864 a
1182 807 1266 865 vobis
1287 814 1425 882 petemus,
1446 822 1495 878 quo

452 919 527 974 hene
549 914 693 973 funestam
715 913 889 989 legationem
920 912 1036 971 domum
1058 912 1227 973 referamus.
1285 910 1394 969 Omnia
1417 910 1500 965 libers

452 1022 558 1097 capita,
579 1020 718 1097 quidquid
732 1020 912 1079 Rhodiorum
929 1019 1068 1089 virorum,
1089 1018 1260 1077 feminarum
1277 1027 1329 1087 est,
1351 1034 1414 1074 eum
1432 1016 1502 1072 omni

396 1124 429 1180 ¹2
453 1129 576 1205 pecunia
596 1135 697 1184 nostra
716 1143 808 1183 naves
830 1124 1056 1183 conscendemus
1070 1143 1115 1195 ec,
1139 1124 1244 1182 relictis
1260 1122 1415 1197 penatibus
1436 1123 1501 1197 pub·

452 1233 514 1292 licis
536 1233 722 1331 privatipque,
743 1234 868 1290 Romam
890 1231 1038 1289 veniemus
1060 1238 1106 1301 et,
1136 1230 1214 1287 omni
1237 1246 1309 1285 auro
1332 1236 1360 1284 et
1382 1236 1504 1301 urgento,

454 1338 593 1413 quidquid
614 1338 730 1413 publici,
753 1337 892 1412 quidquid
915 1336 1021 1412 privati
1036 1346 1089 1407 est,
1110 1336 1139 1393 in
1162 1334 1290 1404 comitio,
1309 1335 1344 1391 in
1369 1334 1505 1391 vestibulo

454 1444 540 1502 curin
561 1451 665 1500 vestroe
689 1442 851 1513 cumulato,
880 1460 1005 1518 corpora
1025 1451 1127 1501 nostra
1148 1440 1361 1515 coniugumque
1385 1458 1419 1497 ec
1440 1440 1505 1497 libe-

455 1568 552 1607 rorum
573 1556 677 1605 vestre
698 1548 836 1622 potestati
855 1548 1070 1623 permittemus,
1091 1548 1139 1605 hic
1156 1548 1287 1622 passuri,
1310 1547 1505 1622 quodcumque
1545 1584 1546 1593 η

399 1652 433 1706 13
456 1654 623 1731 patiendum
645 1653 708 1711 erit.
754 1654 861 1736 Procul¹
883 1654 920 1711 ab
950 1653 1040 1711 oculis
1069 1653 1175 1711 nostris
1202 1654 1271 1710 urbs
1306 1662 1408 1709 nostre
1443 1653 1506 1709 diri-

399 1761 432 1813 14
456 1762 568 1836 piatur,
591 1761 768 1817 incendatur.
824 1760 934 1817 Hostes
957 1759 1088 1819 Rhodios
1116 1778 1193 1830 esse,
1226 1760 1353 1817 Romani
1386 1759 1507 1816 indicare

456 1866 592 1942 potestis,
628 1874 672 1921 est
698 1875 795 1923 temen
821 1874 850 1922 et
879 1873 1007 1923 nostrum
1038 1865 1156 1939 aliquod
1184 1866 1220 1922 de
1246 1866 1332 1922 nobis
1367 1864 1507 1926 iudicium,
1546 1908 1547 1949 7

458 1990 516 2045 quo
538 1988 695 2044 numquam
718 1970 910 2030 iudicabimus
931 1988 985 2027 nos
1006 1980 1119 2029 vestros
1141 1972 1254 2041 hostes3
1283 1988 1338 2029 nec
1360 1971 1507 2045 quicquam
1546 1950 1547 1975 ¹

457 2075 569 2145 hostile,
592 2076 704 2133 etiamsi
726 2078 824 2135 omnia
844 2078 996 2153 patiemur,
1017 2075 1185 2136 iaciemus.“

376 2173 416 2243 25
542 2181 705 2241 Secundum
736 2183 822 2240 talem
852 2184 1012 2240 orationem
1040 2182 1167 2240 universi
1193 2201 1293 2241 rursus
1319 2184 1509 2259 prociderunt,

457 2306 613 2362 ramosque
634 2287 705 2345 olem
725 2289 869 2364 supplices
891 2289 1047 2360 iactantes,
1069 2289 1184 2347 tandem
1207 2289 1343 2358 excitati,
1362 2289 1443 2346 curie
1464 2308 1509 2345 ex·
1547 2346 1548 2357 ,

419 2393 435 2446 ‘2
459 2404 613 2451 cesserunt.
668 2395 752 2452 Tunc
781 2394 929 2452 sententiae
959 2395 1131 2469 interrogari
1163 2404 1272 2470 coeptae.
1332 2393 1511 2452 Infestissimi

459 2500 580 2558 Rhodiis
602 2510 697 2571 erant,
730 2501 779 2576 qui
807 2501 939 2558 consules
965 2510 1139 2576 praetoresve
1173 2508 1223 2556 aut
1254 2500 1344 2576 legati
1367 2512 1511 2575 gesserent

458 2607 488 2663 in
510 2606 684 2663 Macedonia
710 2606 826 2664 bellum.
883 2606 1042 2664 Plurimum
1071 2622 1187 2662 causum
1216 2623 1316 2662 eorum
1344 2606 1454 2664 adiuvit
1475 2608 1514 2663 Μ.

459 2712 581 2768 Porcius
604 2710 697 2781 Ceto,
720 2712 779 2786 qui,
800 2730 886 2787 asper
906 2711 1038 2787 ingenio,
1058 2720 1118 2767 tum
1137 2711 1229 2767 lenem
1255 2712 1412 2787 mitemque
1433 2730 1513 2769 sene·
1548 2726 1549 2729 ’

419 2812 436 2863 3
459 2825 550 2872 torem
575 2817 642 2891 egit.
685 2818 753 2875 Non
774 2818 900 2875 inseram
922 2817 1106 2875 simulacrum
1119 2816 1182 2872 veri
1194 2816 1326 2891 copiose,
1351 2836 1415 2892 quae
1435 2818 1514 2873 dixe·

459 2920 513 2991 rit,
542 2919 711 2992 referend03
742 2923 832 2998 ipsius
856 2924 951 2981 oratio
979 2923 1086 2998 scripte
1108 2931 1204 2991 extat,
1241 2920 1394 2997 Originum
1417 2923 1514 2997 quinto

420 3024 533 3082 ‹tlibro
555 3026 673 3084 incluse.
732 3030 853 3087 Rhodiis
876 3048 1044 3106 responsum
1069 3028 1111 3084 ita
1138 3027 1280 3084 redditum
1312 3038 1370 3099 est,
1405 3038 1436 3086 ut
1464 3046 1515 3083 nec

459 3132 557 3189 hostes
587 3134 688 3191 fierent
717 3154 770 3192 nec
800 3137 871 3193 socii
899 3142 1109 3211 permanerent.
1164 3133 1345 3191 Philocrates
1377 3142 1405 3191 et
1426 3135 1514 3209 Asty·

421 3237 437 3288 5
459 3239 557 3295 medes
579 3239 722 3315 principes
742 3241 897 3317 legationis
918 3249 1009 3301 erent.
1059 3241 1172 3298 Partim
1194 3259 1258 3298 cum
1281 3239 1450 3298 Philocrate
1472 3258 1514 3295 re·

566 3412 690 3420 ...—.-.-..

460 3533 592 3581 illaturus
616 3535 637 3583 si
658 3534 852 3596 perseuerabitis
876 3533 943 3582 inira
966 3540 1066 3597 tempus
1113 3531 1326 3595 12‚1pub1ioiis
1378 3537 1517 3593 2srgeuto

460 3634 517 3683 quoe
535 3622 604 3682 quod
619 3621 715 3683 publici
727 3622 788 3683 quid
800 3621 894 3685 priuati
930 3620 1057 3684 tcorpori
1074 3628 1162 3669 nostro
1180 3620 1325 3683 conditique
1344 3632 1375 3667 ac
1393 3619 1518 3667 librorum

461 3712 579 3756 euestra
596 3715 721 3771 potestate
780 3706 829 3768 14,
859 3713 870 3756 1
899 3707 979 3756 hostis
995 3707 999 3769 Ι
1015 3708 1127 3755 iudicare
1144 3714 1249 3770 possunt
1266 3713 1330 3755 teste
1349 3712 1388 3754 est
1408 3705 1479 3753 enim
1497 3712 1518 3751 et

460 3802 573 3842 nostrum
592 3794 647 3860 Mp.
666 3794 753 3860 (Crya.
773 3801 894 3860 possunt;
913 3801 951 3842 est
970 3803 1058 3842 tamen
1076 3803 1101 3842 et
1119 3792 1243 3857 nostrum)
1269 3794 1364 3857 3quod
1375 3806 1518 3854 numquam

459 3897 629 3948 iudicauimus
650 3898 724 3949 Groa.
741 3899 745 3961 Ι
760 3900 840 3948 hostis
876 3898 971 3961 XXV,
992 3899 1016 3959 l,
1042 3904 1052 3947 l
1083 3899 1223 3948 orationem
1242 3898 1382 3947 secuudum
1402 3894 1518 3944 uniuersi

461 3990 476 4033 2
503 3986 579 4034 curie
604 3993 765 4042 accesserunt
804 3985 862 4043 2‚1
889 3994 947 4034 tunt
964 4002 1038 4050 supra
1055 3986 1175 4049 scriptor
1212 3984 1325 4034 trodiis
1362 3983 1519 4031 amacedo·

461 4072 529 4120 niam
565 4072 590 4132 3,
612 4079 622 4121 l
644 4074 697 4134 egit
714 4073 823 4120 inserum
843 4088 894 4121 non
913 4074 988 4122 simul
1006 4073 1054 4122 uiri
1073 4074 1238 4136 copiasidqne
1256 4071 1350 4121 dixerit
1361 4070 1439 4135 Gryn.
1452 4068 1519 4131 (Non

461 4160 570 4208 inseram
589 4159 763 4219 simulacrum)
782 4167 805 4208 et
821 4158 877 4223 My.
888 4158 944 4212 Em.
961 4158 1014 4209 604
1032 4161 1095 4222 (veri
1109 4160 1226 4223 copiose3
1252 4156 1326 4223 eyn.
1340 4156 1390 4205 uiri
1411 4156 1518 4219 copiosi.

461 4244 618 4310 Eaffimut
634 4245 659 4293 in
677 4244 757 4294 codice
774 4262 822 4293 esee
835 4247 998 4296 simulacrum
1015 4247 1088 4310 uiti.)
1140 4246 1167 4300 4.
1188 4252 1199 4295 l
1221 4244 1298 4295 rodiis
1341 4248 1356 4293 8
1375 4244 1519 4306 legationes

421 4374 429 4383 .
461 4330 486 4390 5,
508 4337 519 4380 1
544 4339 642 4395 purtem
662 4330 717 4396 My.
740 4333 744 4393 Ι
765 4347 822 4381 cum
840 4334 999 4397 philocreten
1017 4334 1189 4382 renuntiarent
