3475 5084
905 543 977 586 xxtt

412 725 478 779 mern
506 725 630 780 civitatis.
689 723 792 795 tuque
823 726 898 782 buna
929 727 1022 800 ipsam
1057 724 1266 784 contrariorum
1302 724 1471 782 relationem

413 815 533 879 captans
557 805 655 863 Livius
677 805 764 880 paulo
782 807 882 864 durius
904 808 1016 883 scripsit
1045 810 1100 866 hae
1126 808 1282 866 sententia:
1314 808 1405 864 verbe
1427 817 1471 864 tu-

413 889 536 947 midiora
556 888 644 963 legati
666 889 778 945 surium
801 888 988 948 offensionem
1011 902 1039 947 ct
1061 892 1157 949 odium
1182 910 1307 960 movere,
1329 896 1389 948 uou'
1406 909 1472 965 per·

413 972 514 1030 niciem
536 971 645 1029 civitati
668 970 773 1029 afferre
793 974 961 1032 debuerunt.
1015 975 1094 1032 Nam
1117 976 1224 1048 offensio
1246 974 1331 1031 etiam
1354 973 1472 1031 habitus

414 1056 475 1112 eins
496 1055 609 1123 dicitur,
630 1054 680 1129 qni
696 1053 822 1113 offensus
844 1068 896 1114 est.
940 1059 1081 1116 Extremo
1110 1057 1205 1132 capite
1227 1077 1263 1114 ex
1285 1057 1330 1114 his
1354 1057 1475 1114 Ronmm'

414 1140 536 1196 indecore
554 1147 671 1212 possunt
694 1148 769 1206 teste,
789 1140 926 1213 qnoniam
942 1142 1073 1215 sequitur
1085 1151 1189 1198 vestroe
1204 1142 1302 1210 hostes,
1325 1159 1473 1214 emergere

412 1213 526 1280 videtur
549 1223 678 1296 potestis,
712 1241 765 1297 pro
800 1242 857 1297 qno
887 1225 1010 1299 primum
1040 1224 1175 1282 librarius
1200 1232 1316 1299 possunt
1348 1223 1471 1298 scripsit.

413 1305 497 1380 (Cap.
521 1307 576 1375 25,
601 1311 617 1361 5
648 1316 761 1362 secutus
791 1325 853 1364 snm
883 1306 1026 1366 Gronovii
1055 1308 1249 1365 coniecturam
1279 1307 1473 1380 indiciumque

413 1389 520 1447 codicis
542 1390 679 1463 (porum).
732 1389 807 1446 Pero
828 1392 978 1464 lepaiorum
1003 1391 1124 1448 substitit
1145 1391 1297 1448 Livianum
1320 1401 1376 1457 est;
1401 1397 1481 1464 pars*

411 1474 539 1535 substitit.
561 1491 622 1546 que
642 1474 722 1529 sciret
743 1481 769 1530 ct
789 1492 854 1530 enoc
876 1477 1002 1531 certiores
1015 1477 1125 1547 fuceret
1145 1492 1202 1530 nou
1224 1473 1401 1543 Livianum.)

462 1543 469 1565 ⁸
495 1553 567 1630 Cap.
591 1558 640 1623 28.
665 1559 700 1613 10
729 1555 759 1612 in
789 1557 888 1615 codice
912 1557 953 1615 sic
978 1557 1114 1615 scribitur
1141 1559 1291 1631 referrique
1311 1557 1417 1628 tepulae
1448 1566 1475 1614 et
1568 1619 1569 1630 ¹

412 1642 606 1715 reserriettectn
625 1642 696 1696 siout
708 1642 824 1712 fument
849 1643 936 1698 iussit.
975 1641 1022 1700 Ex
1044 1643 1144 1714 referri
1164 1640 1255 1698 altero
1277 1640 1341 1696 loco
1362 1639 1472 1714 Kreys-
1568 1643 1569 1694 1

412 1724 502 1800 sigius
529 1734 608 1779 recte
635 1722 709 1780 eruit
735 1724 823 1796 imici,
856 1725 911 1781 sed
938 1725 1032 1797 quod,
1065 1735 1096 1780 ut
1119 1723 1262 1798 Gryneus
1288 1721 1415 1792 feceret,
1449 1732 1474 1778 et

412 1807 530 1873 omisso,
552 1814 622 1862 mum
643 1806 750 1874 tenuit,
771 1826 831 1863 non
852 1817 930 1865 reete
951 1807 1060 1864 factum
1084 1817 1143 1875 est;
1175 1825 1269 1880 neque
1293 1805 1367 1862 enim
1390 1806 1473 1864 tectis

413 1891 548 1948 detractas
575 1890 678 1964 tegulre
705 1888 835 1958 fuerent,
866 1892 917 1947 sed
954 1891 1041 1949 muris
1074 1890 1192 1964 (nudare
1225 1890 1321 1962 tepolis
1351 1888 1473 1964 muroo);

413 1974 511 2047 itaque
537 1991 574 2028 ex
603 1981 699 2029 etteota
728 1974 838 2030 restitui
869 1975 988 2044 demota,
1020 1975 1075 2031 hoc
1104 1983 1164 2038 est.
1193 1983 1290 2047 partes
1325 1990 1472 2028 murorum

414 2057 541 2114 detectas
563 2064 590 2112 et
613 2055 715 2131 tegulis
737 2053 903 2130 nudatas.¹)
1306 2067 1309 2080 ’
1569 2105 1570 2128 ,

496 2137 569 2214 Cep.
591 2141 640 2207 30,
663 2143 679 2195 4
711 2139 818 2197 codicia
842 2141 1014 2216 scripturam
1044 2142 1082 2197 ab
1114 2139 1177 2197 eliis
1211 2157 1269 2195 non
1305 2139 1378 2196 bene
1409 2157 1474 2196 cor·
1569 2129 1570 2198 i

414 2233 522 2279 rectem
555 2241 634 2290 esse,
679 2232 756 2280 recte
790 2223 820 2279 in
855 2224 996 2281 Emendd.
1030 2243 1058 2298 p.
1082 2227 1135 2280 611
1178 2221 1337 2296 disputavi,
1377 2239 1474 2278 emen·
1569 2217 1570 2242 ³

414 2305 501 2362 dandi
523 2306 572 2361 via
600 2307 663 2380 ipse
695 2297 846 2373 aberravi,
879 2307 932 2363 etsi
963 2306 1108 2375 intellexi,
1135 2301 1203 2364 an'te
1230 2306 1280 2362 atii
1305 2306 1475 2380 insulamque
1569 2315 1570 2378 j

413 2389 546 2444 Enboeom
581 2389 682 2445 deesse
713 2389 838 2464 aliquid,
875 2391 953 2464 quod
992 2409 1056 2446 cnm
1093 2391 1207 2448 Enboea
1243 2388 1473 2462 coniungeretur.
1569 2413 1570 2454 ;

414 2471 472 2530 Scd
494 2481 523 2528 et
543 2474 709 2530 Acanthum
737 2473 799 2530 sine
825 2473 989 2531 testimonio
1017 2475 1121 2532 idoneo
1149 2473 1216 2530 huic
1237 2483 1371 2546 portuum
1395 2489 1473 2528 men·
1569 2479 1570 2496 ³

413 2556 483 2612 tioni
504 2556 663 2629 interposui
684 2563 713 2612 et
734 2575 798 2613 cnm
818 2557 1013 2631 inaequalitate
1034 2557 1215 2632 ingratatad
1239 2554 1360 2612 Toronen
1382 2587 1418 2598 -
1433 2554 1475 2612 ud

414 2648 527 2696 montem
552 2639 645 2696 Athon
671 2649 697 2695 et
725 2639 893 2714 Acanthum)
928 2649 957 2696 et
984 2642 1020 2697 ad
1047 2641 1181 2698 lacunam
1209 2638 1318 2696 frustra
1347 2635 1475 2711 confugi,

415 2741 503 2796 quum
524 2722 590 2797 ipse
610 2720 660 2778 ille
680 2722 862 2796 inequalitas
884 2725 1039 2780 admonere
1051 2723 1199 2798 potuisset,
1221 2723 1274 2778 sub
1286 2721 1342 2777 illis
1363 2720 1474 2790 litteris,

414 2824 451 2862 ex
473 2805 576 2878 qtribus
598 2814 624 2861 et
642 2805 799 2862 Acanthum
821 2805 914 2875 effeci,
934 2807 964 2863 id
985 2806 1084 2874 latere,
1109 2806 1186 2880 qnod
1209 2806 1382 2880 querebam.
1425 2805 1474 2864 Ex

412 2888 591 2945 athoeneoeuo
616 2890 650 2945 fit
670 2888 745 2946 Albo
767 2891 795 2945 in
811 2891 902 2963 sano,-
929 2889 1007 2964 qrrod
1030 2889 1110 2947 deest
1130 2889 1197 2946 huic
1218 2888 1301 2955 voci,
1320 2891 1413 2954 nium,
1436 2907 1474 2946 ex
1570 2884 1571 2906 ¹

414 2990 449 3028 eo
472 2972 616 3042 librarius,
638 2984 724 3046 capto
746 2971 828 3029 initio
850 2992 887 3030 ex
907 2973 1020 3050 syllaba
1032 2991 1066 3029 no
1084 2981 1112 3029 et
1134 2974 1189 3029 hac
1211 2971 1354 3036 adhibita,
1379 2969 1475 3028 effecit

414 3063 512 3111 nocant
535 3056 612 3112 hunc.
668 3056 703 3112 Id
732 3075 768 3112 ne
797 3057 843 3112 cni
872 3057 1038 3114 incredibile
1066 3057 1213 3124 videatur,
1248 3053 1357 3111 attendi
1386 3054 1473 3111 velim

414 3137 533 3212 (praeter
556 3157 607 3206 ee,
636 3155 700 3212 ques
720 3156 810 3213 supra
834 3140 917 3214 posui
939 3159 967 3214 p.
990 3139 1052 3196 VII
1071 3141 1144 3210 not.)
1166 3139 1289 3214 primum
1311 3155 1335 3194 c.
1360 3139 1408 3199 34.
1437 3141 1472 3193 ltl

412 3241 449 3278 ex
463 3221 629 3294 finiendum
656 3220 763 3278 factum
786 3238 849 3279 esse
863 3224 948 3296 finem
970 3222 1050 3292 dum,
1073 3222 1192 3291 deinde,
1218 3221 1297 3296 quod
1317 3219 1474 3278 notabilius

416 3313 460 3360 est
490 3313 520 3361 et
549 3303 634 3360 huius
660 3303 716 3361 loci
746 3305 836 3361 errori
857 3306 964 3377 simile,
1002 3325 1026 3363 c.
1050 3307 1100 3376 39,
1129 3307 1163 3362 13
1186 3324 1222 3363 ax
1245 3313 1355 3360 auctore
1383 3305 1476 3359 nereio

437 3553 463 3614 ¹)
481 3553 580 3602 Eodem
599 3551 680 3615 cepitc
695 3551 735 3612 §2
751 3567 798 3600 am
816 3552 876 3600 inter
890 3551 975 3600 meniu
988 3551 1069 3615 (quod
1088 3553 1198 3601 debebat
1215 3565 1269 3602 esse
1287 3551 1353 3601 intro
1373 3552 1472 3615 nzoenia)

482 3623 506 3669 in
523 3622 646 3670 immanem
664 3619 810 3670 altrmdinem
828 3620 895 3670 edita
914 3621 976 3669 nihil
991 3621 1069 3670 habet
1088 3622 1251 3671 memorabile
1271 3622 1334 3683 (nisi
1348 3623 1415 3683 qnod
1429 3637 1474 3672 ex·
1570 3619 1571 3628 ¹

482 3700 619 3753 aggeretur
643 3691 751 3740 altitudo
776 3693 926 3753 adiectivo).
974 3690 1032 3740 Una
1059 3694 1090 3740 ad
1121 3707 1173 3741 rem
1202 3691 1310 3754 pertinet
1337 3692 1473 3741 admiratio

482 3762 547 3810 arcis
565 3761 649 3809 subito
668 3775 701 3809 ex
718 3761 824 3825 planitie
843 3762 956 3824 undique
975 3763 1137 3810 circumiecta
1154 3775 1303 3822 exsurgens.
1341 3761 1391 3810 Hic
1410 3776 1474 3824 quo-

481 3845 530 3892 que
549 3825 706 3894 praestitisset
723 3832 872 3896 simpliciter
890 3846 978 3880 verum
996 3833 1112 3895 accipere
1123 3845 1216 3879 amec
1235 3832 1329 3880 codicis
1349 3831 1475 3894 scripture

482 3899 541 3948 inter
558 3901 637 3948 omma
655 3909 763 3950 erntnm.
802 3902 863 3950 Dixi
883 3915 963 3964 nuper
982 3902 1056 3958 nlibt,
1081 3902 1149 3965 quod
1173 3903 1240 3963 epnd
1259 3900 1427 3950 Plutarchum
1447 3904 1473 3950 in

481 3971 532 4018 vite
548 3971 621 4018 Arati
641 3976 707 4020 etc
726 3972 929 4020 Acrocorinthos
948 3971 1090 4033 appellatur
1113 3965 1221 4037 ὑψηλὸν
1246 3964 1311 4034 ὄρος
1336 3965 1365 4022 ἐκ
1390 3969 1474 4037 μέσης

434 4075 437 4078 -
481 4035 667 4103 decerpseris
684 4041 733 4106 τῆς
746 4036 894 4100 Ἑλλάδος,
922 4041 1083 4089 scribendum
1103 4055 1158 4090 esse
1177 4036 1206 4092 ἐκ
1226 4037 1309 4106 μέσης
1328 4035 1473 4104 ἀναπεφυ-

482 4104 530 4170 nbc
553 4110 602 4175 τῆς
626 4107 768 4169 πεδιάδος,
824 4109 921 4158 Eodem
955 4111 1037 4174 capite
1071 4111 1086 4172 ξ
1113 4115 1128 4158 9
1153 4113 1220 4174 quod
1245 4125 1326 4175 nuper
1351 4112 1472 4174 scriptum

481 4189 519 4228 est
537 4180 605 4228 nimis
621 4178 704 4229 solutis
729 4179 830 4228 vinculis
855 4178 981 4237 custodie,
1010 4195 1093 4243 neque
1116 4180 1212 4230 vinculo
1236 4180 1349 4230 custodior
1370 4183 1473 4245 probari

480 4259 589 4313 possunt
605 4264 688 4312 neque
706 4248 803 4299 vinculo
820 4249 889 4297 nimia
907 4247 994 4298 solato.
1022 4249 1106 4299 Nimis
1126 4251 1213 4299 laxem
1231 4257 1276 4300 ant
1293 4252 1368 4300 nimis
1387 4252 1472 4312 negli-

480 4328 580 4382 gentem
599 4321 742 4369 custodiam
760 4335 813 4368 non
829 4318 1050 4382 reprehenderem.
