3475 5084
513 531 591 580 aruer
610 530 706 580 xnrv.
742 532 787 595 (n.
806 529 868 580 cur.
893 532 961 590 uos.)
1170 530 1229 587 205

222 715 388 772 Macedonia
408 716 485 773 intra
506 715 623 772 hiduum
646 717 751 773 dedita.
794 715 931 791 Pydnai,
960 715 1009 790 qui
1035 714 1159 791 proximi
1181 722 1271 782 eraut,
1295 716 1313 771 6

223 822 342 878 nondum
364 822 502 878 miserant
531 822 657 897 legatos3
688 822 839 880 multitudo
868 822 1014 879 incondita
1043 820 1165 896 plurium
1188 817 1272 875 simul

220 928 341 1002 gentium
369 930 525 1003 turbaque,
554 948 615 1003 que
642 948 679 985 ex
700 930 762 986 acie
782 928 854 1004 fuga
876 928 905 984 in
928 941 1015 983 unum
1041 924 1179 1001 conpulsa
1201 936 1272 993 erat,

222 1034 366 1091 consilium
390 1045 418 1089 et
439 1053 608 1091 consensum
631 1035 755 1091 civitatis
776 1034 956 1110 inpediebat3
985 1052 1036 1089 nec
1059 1034 1163 1089 clausae
1186 1030 1271 1086 modo
1317 1083 1319 1091 s

220 1116 397 1214 portae,⁸sed
418 1140 504 1196 etiam
527 1139 703 1195 inaedificata
725 1150 815 1195 erant.
864 1139 948 1196 Missi
970 1139 1070 1195 Midou
1093 1149 1121 1194 et
1141 1138 1271 1194 Pantau·
1295 1142 1310 1194 7

219 1248 284 1302 chus
305 1247 360 1302 sub
385 1264 484 1302 muros
506 1246 544 1301 ad
563 1245 745 1319 conloquium
771 1244 896 1315 Solonis,
919 1246 967 1319 qui
989 1242 1122 1321 prasidio
1140 1250 1271 1317 praeerat.

219 1352 272 1408 Per
292 1371 358 1407 eum
382 1351 520 1408 emittitur
546 1350 677 1407 militaris
698 1352 797 1420 turba3
827 1352 965 1428 oppidum
987 1350 1114 1408 deditum
1137 1346 1272 1403 milit-ibus

218 1458 298 1514 datur
314 1457 514 1533 diripiendum.
556 1458 693 1549 Perseus,
711 1476 769 1513 una
785 1467 894 1515 tantum
910 1476 961 1533 spe
982 1457 1157 1514 Bisaltarum
1174 1451 1272 1509 auxilii
1296 1459 1313 1515 8

218 1574 371 1638 temptata,
391 1564 429 1620 ad
452 1580 525 1637 quos
546 1563 738 1637 nequicquam
760 1564 878 1621 miserat
898 1564 1024 1639 legatos,
1052 1563 1081 1619 in
1111 1559 1272 1618 contionem

220 1671 367 1744 processit,
389 1669 555 1745 Philippum
578 1686 674 1725 secum
695 1669 784 1725 lilium
806 1670 926 1738 habeus,
948 1680 979 1725 ut
1001 1681 1029 1726 et
1050 1670 1129 1744 ipsos
1149 1664 1273 1740 Amphi·
1295 1668 1312 1722 9

217 1776 359 1851 politanus
388 1789 417 1832 et
449 1776 575 1850 equitum
605 1774 804 1849 peditumque,
843 1775 892 1849 qui
919 1786 969 1831 aut
998 1792 1028 1830 se
1054 1772 1196 1850 persecuti
1224 1780 1273 1827 aut

217 1881 281 1957 loga
303 1882 406 1939 eodem
422 1881 509 1938 delati
531 1893 621 1949 eraut,
643 1880 824 1937 adhortando
845 1881 956 1938 animos
978 1882 1169 1937 confirmaret.
1214 1876 1272 1936 Sed
1298 1880 1333 1932 lt)

217 1987 387 2061 aliquotiens
408 1988 503 2045 dicere
523 1987 705 2063 incipientem
726 2006 790 2043 cum
812 1986 938 2044 lacrimae
959 1986 1181 2061 praepedissent,
1206 1984 1273 2058 quia

217 2092 274 2168 ipse
300 2095 415 2150 hiscere
441 2093 565 2168 nequiit,
594 2093 732 2152 Euandro
755 2090 885 2150 Cretensi
915 2093 1015 2162 editis,
1044 2110 1108 2166 quae
1138 2091 1185 2167 ogi
1208 2109 1272 2147 cum
1346 2080 1348 2085 ’

217 2200 395 2256 multitudine
416 2200 518 2270 vellet,
548 2201 584 2256 de
612 2200 719 2275 templo
742 2200 896 2256 descendit.
939 2198 1110 2267 Multitudo,
1142 2198 1215 2254 sicut
1236 2197 1273 2253 ad
1299 2200 1331 2252 ll

215 2318 399 2380 conspectum
422 2306 498 2381 regis
512 2308 667 2380 fletumque
681 2319 740 2362 tam
759 2305 951 2362 miserabilem
968 2315 995 2360 et
1017 2304 1080 2379 ipsa
1095 2304 1274 2378 ingemuerat

218 2410 486 2487 lacrimaveratquc,
506 2412 549 2469 ita
570 2412 701 2468 Euandri
725 2412 885 2471 orationem
908 2410 1129 2485 aspernabatur;
1159 2422 1187 2464 et
1209 2408 1273 2483 qui-

215 2516 280 2573 dum
302 2517 367 2573 ausi
384 2527 450 2574 sunt
466 2516 561 2574 media
578 2536 615 2574 ex
633 2518 765 2575 contione
786 2518 977 2575 succlamare:
1003 2513 1110 2584 „Abito
1130 2511 1206 2580 hinc,
1227 2530 1273 2580 ne,

218 2624 265 2696 qui
285 2623 374 2699 pauci
395 2642 590 2699 supersumus,
611 2635 731 2701 propter
751 2642 804 2680 vos
824 2627 1006 2699 pereamus.“
1029 2621 1143 2678 Horum
1165 2616 1274 2674 ferocia
1300 2620 1333 2676 12

214 2746 316 2785 rocem
332 2729 461 2787 Euandri
483 2729 594 2787 clausit.
637 2732 702 2788 Rex
722 2731 788 2787 inde
810 2731 925 2788 domurn
948 2748 979 2786 se
998 2725 1114 2801 recepit,
1138 2722 1273 2799 pecunia·

215 2852 269 2907 que
294 2846 322 2890 et
343 2854 414 2891 auro
445 2846 624 2910 argentoque
640 2836 670 2893 in
691 2837 818 2907 lembos,
851 2835 900 2911 qui
921 2835 950 2891 in
973 2833 1127 2909 Strymone
1148 2832 1273 2902 stabant,

212 2939 326 3009 delatis,
348 2952 376 2996 et
397 2940 459 3015 ipse
474 2941 511 2997 ad
525 2942 629 3001 flumen
647 2942 801 2999 descendit.
844 2944 984 3010 Thraces,
1004 2938 1127 2995 navibus
1149 2955 1179 2994 se
1194 2955 1272 2994 com·
1300 2936 1333 2989 13

214 3046 327 3101 mittere
347 3064 406 3102 non
429 3046 501 3118 ausi,
532 3047 633 3104 domos
648 3046 751 3122 dilapsi
773 3059 801 3103 et
824 3047 883 3104 alia
898 3044 1027 3101 militaris
1041 3043 1154 3119 generis
1174 3043 1272 3109 turba3

212 3148 366 3206 Cretenses
388 3169 469 3226 spem
491 3153 618 3228 pecuniae
639 3152 744 3220 secuti;
773 3161 801 3208 et
824 3150 960 3225 quoniam
982 3150 1012 3205 in
1033 3148 1186 3205 dividendo
1208 3147 1272 3222 plus

213 3254 406 3312 offensionum
438 3276 526 3333 quam
555 3260 656 3333 gratiae
689 3268 766 3327 erat,
794 3257 821 3314 L
844 3256 954 3311 talenta
981 3254 1015 3311 iis
1036 3253 1132 3330 posita
1154 3264 1221 3310 sunt
1243 3253 1273 3308 in

213 3361 282 3436 ripa
303 3361 472 3437 diripienda.
514 3365 563 3421 Ab
586 3366 641 3422 hac
663 3364 821 3439 direptione
848 3380 913 3419 curu
937 3380 989 3436 per
1009 3359 1160 3416 tumultum
1183 3376 1272 3414 naves
1299 3360 1334 3415 ll

212 3630 237 3689 6,
259 3638 274 3679 2
294 3629 451 3695 incogl....
476 3628 521 3693 (Si
543 3640 603 3679 recte
621 3629 731 3695 intelllpo,
750 3637 862 3694 quattuor
876 3636 1000 3693 postremas
1018 3624 1100 3675 littero
1125 3622 1209 3673 dosunt
1231 3630 1275 3671 out
1318 3590 1321 3595 Δ

213 3735 263 3801 leyi
278 3753 325 3785 nou
339 3735 459 3800 possunt)
497 3736 662 3800 uturbaeque
680 3750 713 3784 ex
747 3734 933 3783 oinadificato
968 3730 992 3794 7,
1014 3736 1024 3779 l
1045 3714 1206 3795 pauntaucus
1256 3733 1271 3775 2

214 3826 334 3889 prasidio
345 3833 400 3872 erat
412 3821 487 3874 Gron.
506 3829 647 3887 aperscum
658 3822 792 3888 emittitur!
803 3824 926 3872 dadittum
945 3820 970 3881 8,
985 3826 995 3869 l
1009 3819 1063 3867 uisu
1072 3817 1181 3865 altorum
1193 3814 1272 3863 auxili

218 3910 331 3977 2Gryn.
349 3911 439 3961 tentati
458 3909 506 3971 (H.
520 3911 648 3975 temptati)
684 3910 733 3971 9,1
750 3911 954 3974 opilippolimnos
996 3913 1068 3956 ssaut
1081 3918 1180 3968 semper
1193 3902 1272 3959 secuti

216 3997 407 4063 M9,Eur..590
450 3996 723 4063 ulugaelconfirmare
758 3997 827 4058 10,ss
846 3994 1024 4059 aliiquotieusl
1041 3992 1220 4058 pependissent
1257 3994 1272 4035 3

216 4088 272 4149 ipse
300 4088 365 4136 scire
396 4084 487 4151 (Gryn.
514 4087 609 4149 dicere)
637 4087 731 4148 nequid
751 4084 806 4149 My.
825 4082 881 4132 Em.
901 4080 952 4131 591
1009 4080 1050 4141 11,
1078 4087 1093 4129 2
1121 4079 1175 4141 ipso
1201 4078 1272 4137 ingo·

214 4182 307 4221 nuerat
341 4172 383 4232 12,
403 4178 418 4221 2
438 4187 483 4221 rex
502 4173 529 4221 in
546 4175 648 4223 domum
670 4172 744 4222 Gran.
781 4178 946 4221 astrumono
981 4169 1053 4229 13,1
1075 4177 1158 4216 traces
1193 4163 1273 4211 Ηυ-

213 4260 279 4323 lapsi
326 4266 342 4308 2
370 4260 468 4309 alite..
490 4261 571 4309 turboe
589 4260 644 4326 My.
662 4259 718 4309 Em.
737 4257 789 4310 591
810 4264 862 4307 13
887 4256 1007 4306 cretensis
1061 4260 1076 4303 4
1104 4254 1125 4301 ir
1181 4250 1228 4311 14,
1258 4257 1268 4299 l

209 4346 245 4395 ob
263 4347 314 4398 hac
630 4347 631 4352 ’
