3475 5084
464 537 503 590 46
733 531 811 580 Liber
828 528 912 580 XLII.
951 529 996 595 (A.
1015 545 1041 580 u.
1061 543 1083 580 o.
1104 529 1176 592 tel.)

421 715 498 774 ferre
522 715 560 772 ed
581 722 713 772 senatum
732 713 898 785 debuisset,
924 714 1066 771 adversus
1088 731 1121 770 ss
1139 732 1193 789 pro
1220 711 1353 770 hofflbus
1374 717 1494 768 senatus

422 820 585 878 consultum
607 817 731 890 lecisset,
754 838 813 892 quo
834 819 987 877 victoriam
1010 837 1093 876 susm
1116 819 1154 875 sd
1174 819 1299 893 Ligures
1320 815 1496 874 transferret

384 932 400 982 q
423 925 551 998 dedique
571 924 607 980 iis
627 943 719 998 prope
741 923 888 981 consulem
916 932 1024 998 praetor
1049 924 1171 982 iuberet.
1234 924 1340 996 Itaque
1371 920 1493 978 multssn

424 1030 451 1086 ei
471 1047 504 1086 se
525 1029 633 1095 dicere3
655 1048 673 1084 e
694 1029 826 1103 patribus
847 1028 1006 1103 postulare,
1039 1039 1070 1084 ut
1091 1026 1390 1084 senatusconsultum
1412 1025 1495 1082 inse

385 1134 401 1188 5
424 1134 533 1192 fuctum
557 1133 620 1190 tolli
642 1133 774 1190 iuberent
795 1133 1109 1208 supplicationemque,
1139 1151 1226 1206 quem
1250 1133 1370 1189 absente
1396 1148 1430 1188 se
1455 1149 1496 1186 ex

423 1238 526 1295 litteris
547 1238 585 1295 de
608 1239 681 1294 bens
712 1247 797 1311 geste
822 1257 855 1294 re
879 1237 996 1312 publice
1028 1237 1124 1294 missis
1157 1237 1312 1294 decernere
1333 1235 1497 1304 debuerint,

425 1352 567 1418 praesente
587 1359 619 1399 se
640 1343 758 1398 honoris
778 1342 900 1400 deorum
924 1343 1048 1416 primurn
1071 1359 1175 1412 cause,
1198 1340 1302 1397 deinde
1322 1349 1351 1396 et
1372 1339 1419 1396 sui
1441 1339 1496 1396 sli-

385 1457 486 1522 tquo
519 1458 616 1504 temen
650 1457 782 1521 respectu
816 1446 1012 1506 decernerent.
1070 1447 1171 1504 Nihilo
1203 1444 1371 1516 lenioribus,
1406 1463 1494 1518 quam

425 1554 549 1622 absens,
580 1560 746 1608 senatorum
778 1550 891 1624 aliquot
912 1551 1092 1608 orationibus
1115 1550 1280 1625 iucrspitus,
1312 1558 1417 1606 neutra
1438 1549 1495 1606 im·

387 1665 401 1715 7
427 1666 542 1732 petreia
575 1675 616 1725 re,
648 1655 677 1710 iu
712 1655 891 1730 provinciam
925 1656 1018 1712 rediit.
1073 1654 1159 1713 Alter
1187 1655 1288 1712 consul
1315 1654 1497 1724 Postumius,

425 1770 599 1834 consumpta
623 1769 728 1816 ‘estete
755 1760 783 1816 in
812 1760 1054 1835 recognoscendis
1083 1759 1178 1834 egris,
1209 1778 1247 1815 ne
1279 1758 1343 1815 visu
1376 1759 1495 1832 quidem

387 1867 403 1922 8
426 1865 577 1941 provincis
599 1882 667 1934 sue,
690 1864 872 1921 comitiorum
896 1883 985 1922 cause
1006 1867 1131 1924 Romam
1154 1863 1248 1920 rediit.
1293 1861 1439 1921 Consules
1462 1861 1497 1920 C.

425 1969 571 2044 Popilium
602 1969 765 2039 Laenmem,
797 1970 833 2026 P.
861 1969 974 2026 AElium
1004 1969 1142 2044 Ligurem
1175 1967 1295 2028 creavit.
1348 1969 1497 2026 Prsetores

425 2074 530 2131 exinde
557 2072 627 2130 facti
649 2072 683 2130 Ο.
708 2073 835 2130 Licinius
857 2072 998 2145 Crassus,
1020 2074 1063 2130 M.
1084 2074 1186 2131 Iunius
1210 2073 1338 2143 Pennus,
1361 2072 1412 2147 Sp.
1435 2074 1497 2130 Lu-

426 2178 540 2249 cretius,
565 2177 617 2252 Sp.
640 2176 770 2249 Cluvius,
792 2176 846 2235 Cn.
869 2178 1004 2249 Sicinius,
1028 2178 1059 2238 0.
1083 2180 1229 2236 Memmius
1249 2178 1363 2234 itemm.

345 2278 384 2347 ll)
510 2284 557 2340 Eo
579 2301 656 2338 enno
677 2282 798 2339 lustrum
821 2283 967 2340 conditum
990 2275 1043 2340 est.
1095 2281 1239 2340 Censores
1262 2292 1344 2339 erunt
1368 2282 1404 2354 Q.
1425 2281 1498 2338 Ful-

427 2389 491 2446 vius
522 2387 657 2456 diacono,
699 2387 738 2448 A.
766 2387 924 2446 Postumius
954 2388 1088 2447 Albinus.
1154 2386 1324 2444 Postumius
1356 2385 1496 2444 condidit.

386 2492 403 2547 2
427 2492 522 2550 Cense
549 2503 618 2550 sunt
649 2491 755 2548 civium
779 2493 979 2550 Romanorum
1008 2493 1106 2567 capito
1129 2489 1336 2550 CCLXVIIII
1364 2489 1446 2546 milis
1469 2501 1498 2546 et

387 2599 403 2650 3
426 2598 497 2667 XV,
520 2598 614 2653 minor
635 2596 785 2669 sIIqunnto
808 2615 953 2667 numerus,
976 2598 1045 2670 quia
1068 2599 1103 2655 L.
1126 2597 1295 2654 Postumius
1315 2595 1418 2652 oonsul
1441 2614 1497 2670 pro

365 2745 368 2750 -
426 2702 560 2759 contione
593 2700 740 2770 edixerat,
774 2700 825 2774 qui
856 2701 966 2758 socium
996 2701 1094 2758 Latini
1123 2701 1248 2758 nominis
1273 2719 1310 2758 ex
1337 2699 1433 2756 edicto
1464 2698 1498 2757 C.

427 2804 533 2862 Claudi
556 2803 682 2861 consulis
711 2805 807 2864 redire
834 2805 863 2861 in
892 2805 1023 2862 civitates
1052 2823 1121 2862 suus
1143 2805 1325 2876 debuissent,
1359 2823 1397 2861 ne
1431 2806 1499 2878 quis

387 2914 403 2964 4
428 2928 527 2966 eorum
553 2911 664 2979 Rome,
686 2918 716 2964 et
736 2928 837 2966 omnes
858 2910 887 2966 in
910 2910 970 2968 suis
992 2910 1157 2968 ciuitatibus
1179 2917 1373 2968 censerentur.
1418 2907 1498 2966 Con-

428 3032 494 3072 cors
518 3023 546 3081 et
567 3033 584 3069 e
605 3013 772 3088 republica
793 3032 915 3072 censura
935 3013 1000 3074 fuit.
1048 3013 1173 3085 Omnes,
1204 3032 1279 3086 quos
1308 3023 1411 3070 senatu
1433 3033 1498 3071 mo·

426 3128 531 3176 verunt
553 3118 716 3192 quibusque
743 3138 835 3193 equos
857 3120 1041 3190 ademerunt,
1077 3119 1196 3176 serarius
1216 3117 1348 3176 fecerunt
1369 3126 1399 3174 et
1419 3120 1498 3178 tribu

389 3227 596 3292 imoverunt3
627 3242 722 3296 neque
748 3225 787 3280 ab
808 3224 901 3282 altero
922 3227 1055 3283 notatum
1078 3224 1151 3280 ulter
1171 3224 1319 3298 probavit.
1372 3223 1498 3282 Fulvius

428 3328 518 3384 aedem
541 3329 679 3384 Fortunae
700 3329 861 3402 Equestris,
884 3347 971 3403 quom
994 3327 1150 3403 proconsul
1172 3327 1201 3383 in
1224 3326 1388 3401 Hispanis,
1412 3327 1499 3383 dimi·

428 3450 498 3489 cens
519 3451 584 3489 oum
607 3431 819 3490 Celtiberorum
840 3434 1020 3509 legionibus,
1056 3442 1193 3502 voverat,
1225 3431 1308 3488 annis
1337 3450 1390 3488 sex
1420 3441 1499 3506 post,

430 3670 445 3712 3
456 3665 576 3712 debuisse
584 3667 588 3730 l
597 3665 713 3745 histibus,
721 3679 797 3726 supro
805 3678 851 3711 scr.
859 3677 875 3710 o
890 3667 904 3710 5
916 3663 1015 3711 luberet
1024 3647 1128 3725 (liteque
1136 3663 1218 3710 mults
1229 3661 1254 3722 5,
1266 3668 1275 3710 l
1286 3663 1498 3726 suplicetionem-

430 3783 479 3831 que
492 3768 624 3832 labsentes
636 3783 668 3815 ex
674 3766 781 3815 Pitloeus
800 3771 815 3812 3
828 3774 966 3830 praesentes
980 3765 1090 3814 honores
1098 3765 1152 3829 My.
1162 3766 1278 3828 (honoris
1287 3765 1361 3830 Grpn.
1370 3774 1499 3829 praesente

428 3853 626 3913 bonorisPitlr.)
664 3852 690 3913 6,
710 3857 725 3900 2
745 3851 850 3912 aliquod
887 3851 982 3898 3redit
998 3849 1074 3900 Gron.
1113 3850 1137 3909 7,
1155 3857 1264 3900 esstote
1283 3853 1499 3914 incognoscendis

431 3960 513 4022 {neus
524 3955 626 4017 quidem
661 3952 999 4016 8,21enatem1om51ium
1028 3952 1240 4019 3Grpn.Posnus
1268 3955 1435 4018 4p.oluuius
1455 3938 1500 4004 en-

429 4039 657 4088 sielniussicterum
708 4040 742 4098 X,
761 4040 787 4098 1,
815 4045 824 4087 l
852 4055 878 4102 q.
898 4039 966 4088 Iulus
984 4040 1087 4088 albinus
1110 4042 1253 4103 postumius
1271 4041 1386 4088 condidit
1406 4039 1498 4105 (Gr-yn

429 4127 460 4176 L.
480 4124 642 4185 Postumius-3
663 4141 726 4174 corr.
747 4123 851 4194 SiposQ
897 4125 925 4183 2,
947 4131 958 4174 1
978 4139 1100 4177 ccnxuun
1119 4136 1144 4176 ct
1164 4141 1200 4176 xu
1247 4127 1272 4186 3,
1291 4132 1308 4174 4
1327 4126 1398 4176 iusus
1416 4129 1420 4189 Ι
1436 4141 1500 4180 cou-

428 4218 545 4263 serentur
600 4210 625 4270 4,
650 4217 791 4275 tetserep.
819 4212 824 4275 Ι
849 4213 933 4261 omnis
975 4212 1226 4276 aquibusquequos
1250 4214 1384 4266 demetunt
1432 4211 1501 4273 ΞΗ

430 4314 563 4375 sequestris
606 4320 621 4362 ³
646 4291 792 4377 uouuerstl
809 4331 890 4366 annos
910 4315 1032 4375 Lentulus,
1052 4315 1107 4380 My.
1126 4314 1182 4364 Em.
1202 4314 1263 4364 513.
1281 4317 1426 4380 {posquam
