3475 5084
560 573 639 623 Liber
656 567 739 624 xnn.
778 574 825 638 (A.
838 572 908 625 Chr.
931 574 1003 636 171.)
1228 582 1265 638 83

239 767 271 815 et
293 758 325 815 in
346 758 457 834 regiam
476 778 570 817 meam
594 769 723 817 armatus
746 760 945 835 pervenisset?
985 762 1029 819 At
1051 761 1125 818 enim
1151 763 1226 821 bello
1250 766 1312 839 qui·

239 864 308 920 dem
332 864 410 921 iusto
433 882 496 922 sum
520 876 698 940 persecutus,
724 867 774 922 sed
804 866 880 923 vinci
900 885 959 922 non
982 867 1111 940 oportuit
1132 885 1196 924 eum
1218 886 1313 943 neque

239 987 287 1037 ea,
311 988 378 1043 qnae
400 970 484 1027 vietis
506 972 649 1041 accidunt,
671 970 746 1045 pati;
776 990 899 1045 quornm
930 990 1028 1029 casum
1051 990 1115 1028 cnm
1139 990 1193 1046 ego
1217 974 1312 1031 subie-

239 1074 307 1142 rim,
332 1076 383 1149 qui
405 1093 468 1132 sum
493 1076 581 1132 armis
602 1076 762 1146 lacessitus,
785 1076 852 1148 quid
871 1086 966 1150 potest
983 1076 1065 1150 queri
1087 1076 1141 1133 sibi
1164 1078 1312 1149 accidisse,

239 1180 293 1253 qui
316 1199 408 1237 causa
429 1179 495 1237 belli
517 1179 593 1237 fuit?
635 1181 705 1237 Non
726 1200 790 1238 sum
814 1181 914 1238 eodem
939 1181 1025 1237 modo
1048 1179 1228 1253 defensurus,
1249 1185 1311 1241 Ro·
1336 1175 1372 1231 ¹3

238 1285 341 1355 mani,
364 1285 442 1360 quod
459 1286 599 1360 Dolopas
621 1288 709 1343 armis
731 1286 922 1356 coercuerim3
938 1286 1030 1360 quia,
1053 1287 1105 1343 etsi
1127 1306 1185 1343 non
1208 1288 1311 1346 merito

239 1408 362 1460 eorum,
390 1392 453 1448 iure
481 1389 537 1447 feci
565 1411 648 1462 meo,
678 1412 742 1449 cum
765 1392 822 1449 mei
843 1392 940 1467 regni,
971 1408 1042 1449 meae
1063 1392 1184 1449 dicionis
1207 1400 1311 1465 essent,

237 1506 344 1551 vestro
373 1494 489 1551 decreto
515 1496 592 1571 patri
615 1496 753 1554 adtributi
774 1517 849 1555 meo,
894 1498 974 1567 Neo,
1007 1497 1032 1554 si
1054 1516 1142 1553 causa
1163 1498 1311 1555 reddenda
1337 1492 1371 1547 ¹4

238 1601 289 1671 sit,
314 1620 374 1677 uon
397 1602 480 1658 vobis
502 1620 555 1659 neo
573 1601 730 1673 foederatis,
752 1603 803 1659 sed
822 1602 872 1676 iis,
896 1602 945 1677 qui
966 1620 999 1658 ne
1019 1602 1049 1659 in
1071 1620 1171 1659 servos
1194 1604 1309 1677 quidem

238 1723 324 1763 saeva
347 1706 443 1781 adque
462 1686 715 1782 iniusta'imperia
741 1709 882 1783 probant,
913 1708 978 1783 plus
1000 1726 1083 1781 aequo
1107 1716 1135 1764 et
1156 1708 1234 1765 bono
1257 1726 1310 1766 sae·

237 1811 322 1868 visse
346 1811 448 1867 ineos
473 1813 565 1869 videri
588 1832 715 1888 possum.
752 1812 867 1886 Quippe
887 1814 1120 1887 Euphranorem,
1142 1812 1309 1888 praefectum

239 1936 259 1973 a
278 1936 327 1973 me
351 1915 519 1990 inpositum,
537 1918 579 1974 ita
591 1918 764 1987 occiderunt,
780 1925 812 1973 ut
827 1936 906 1973 mors
925 1936 1075 1992 poenarum
1090 1918 1150 1975 eius
1164 1899 1310 1975 levissima

237 2022 341 2080 fuerit.
374 2025 426 2091 At,
441 2041 505 2079 eum
521 2023 724 2097 processissem
748 2022 814 2078 inde
837 2022 875 2078 ad
896 2022 1031 2080 visendas
1046 2024 1180 2079 Larisam
1204 2033 1231 2080 et
1247 2026 1312 2082 An·
1352 2010 1395 2081 42
1464 2102 1471 2115 .

238 2137 346 2183 tronas
372 2134 401 2182 et
421 2120 553 2196 Pteleon,
575 2128 643 2200 quia
663 2129 693 2184 in
714 2127 878 2202 propinquo
901 2146 985 2197 eram,
1008 2128 1190 2185 sacrificandi
1212 2146 1310 2199 eausa,

238 2242 273 2289 ut
295 2231 388 2288 multo
411 2240 478 2287 ante
502 2230 600 2287 debita
625 2241 696 2287 rota
717 2229 928 2305 persolverem,
949 2232 1082 2309 Delphos
1105 2233 1228 2290 escendi.
1271 2233 1311 2290 Et
1333 2226 1350 2282 2

237 2338 302 2404 his,
335 2335 469 2393 oriminis
491 2334 616 2408 augendi
638 2352 741 2405 causa,
770 2354 835 2391 cum
865 2338 993 2393 exercitu
1017 2357 1063 2394 me
1084 2338 1156 2407 isse,
1178 2336 1310 2394 adicitur.

241 2441 378 2511 Scilicet,
407 2428 455 2509 ut,
483 2440 561 2513 quod
588 2458 663 2496 nuno
684 2459 738 2496 vos
762 2440 860 2498 iacere
883 2458 997 2514 queror,
1019 2443 1105 2498 urbes
1127 2459 1310 2516 occuparem,

240 2544 361 2600 arcibus
383 2543 560 2617 imponerem
579 2544 723 2617 praesidia.
766 2546 882 2603 Vocate
901 2546 929 2602 in
952 2544 1102 2602 concilium
1126 2544 1248 2603 Graeciae
1270 2548 1309 2603 oi-
1333 2546 1350 2602 ³

237 2650 363 2719 vitates,
391 2668 445 2723 per
467 2667 539 2722 quas
560 2648 616 2705 iter
636 2650 709 2719 leci3
733 2660 872 2724 queratur
892 2667 966 2705 unus
992 2649 1112 2723 quilibet
1134 2649 1230 2711 militis
1253 2646 1310 2709 mei

236 2754 394 2822 iniuriam;
416 2772 473 2809 non
495 2754 646 2823 recusabo,
669 2756 748 2828 quin,
770 2756 904 2813 simulato
928 2754 1080 2824 sacrificio,
1103 2755 1182 2812 aliud
1203 2757 1310 2831 petisse

237 2860 353 2916 videar.
397 2858 507 2915 AEtolis
530 2867 558 2914 et
579 2859 728 2933 Byzantiis
750 2859 891 2935 presidia
907 2858 1046 2929 misimus,
1069 2868 1181 2917 etcum
1198 2862 1309 2920 Boeotis
1333 2864 1350 2916 4
1401 2864 1404 2873 “

239 2959 546 3021 amicitiam'fecimus.
584 2964 665 3033 Haec,
688 2963 910 3037 qualiacumque
932 2973 1007 3035 sunt,
1028 2984 1081 3039 per
1101 2965 1213 3041 legatos
1230 2986 1309 3025 meos

237 3088 300 3126 non
332 3069 425 3126 solum
448 3068 585 3139 indicata,
609 3070 660 3126 sed
689 3069 776 3125 etiam
807 3078 947 3126 excusata
969 3080 1036 3125 sunt
1057 3088 1134 3143 saepe
1155 3071 1185 3127 in
1206 3084 1308 3130 senatu

237 3183 351 3245 vestro,
374 3172 424 3231 ubi
445 3173 559 3249 aliquos
575 3193 630 3248 ego
648 3175 857 3250 disceptatores
875 3191 933 3230 non
956 3182 1015 3229 tam
1038 3192 1248 3248 aequosquam
1270 3184 1309 3249 te,

238 3448 309 3496 Μὰ
329 3448 397 3495 enim
433 3447 536 3495 aiusto
555 3445 759 3509 sumpsereeuius
778 3445 824 3494 sed
839 3447 844 3508 Ι
859 3458 944 3509 nsque
961 3446 1038 3509 liqna
1056 3443 1132 3493 uictis
1170 3448 1248 3511 oqui
1261 3451 1309 3499 sub

236 3535 318 3584 armis
335 3535 339 3594 Ι
356 3533 435 3595 quari
480 3532 527 3594 13,
547 3515 562 3581 :t
581 3532 699 3582 iusreleoi
717 3546 776 3580 meo
821 3531 863 3591 14,
885 3536 900 3578 2
919 3547 972 3581 non
990 3529 1066 3581 nouis
1089 3546 1137 3579 neo
1155 3530 1243 3583 foederi
1263 3537 1308 3585 sed

236 3622 270 3670 iis
286 3621 291 3682 1
307 3620 389 3683 quiin
403 3634 492 3669 seruos
533 3626 716 3683 4eupenornm
747 3623 895 3667 5ntmores
917 3614 1307 3685 'xn11‚1,1·ancumt10d.{

240 3705 320 3771 Grya.
339 3706 460 3755 Antrona
481 3706 520 3755 lu'o
537 3715 559 3754 et
575 3722 596 3755 c.
617 3704 664 3764 67,
683 3704 715 3764 93
742 3702 787 3753 sed
809 3702 859 3754 vid.
885 3702 967 3755 Strab.
993 3703 1048 3765 IX,
1068 3703 1131 3753 432,
1175 3711 1189 3753 2
1215 3714 1241 3754 et
1262 3720 1309 3770 py-

236 3794 314 3842 eleon
338 3791 463 3841 Turnebus
480 3794 539 3857 (cfr.
562 3791 606 3853 67,
626 3792 657 3855 9)
708 3796 794 3854 2aqq.
815 3805 866 3853 qua
890 3792 916 3839 in
938 3793 1082 3855 propinquo
1106 3791 1206 3855 delphis
1229 3794 1308 3843 sacri-

235 3877 351 3945 ficandai
371 3910 449 3945 cansa
467 3896 549 3945 multo
568 3932 627 3939 ..-
654 3894 827 3958 persoluerem
850 3895 960 3958 delphos
983 3893 1084 3943 essendi
1103 3892 1159 3960 My.
1178 3894 1234 3945 Em.
1254 3895 1309 3946 534

237 3981 331 4048 (Gryn.
359 3995 412 4043 qno
436 3981 463 4029 in
487 3983 631 4046 propinquo
655 3982 738 4029 multo
762 4007 792 4015 -
811 3981 993 4043 persolverem,
1012 3976 1128 4044 Delphos
1147 3982 1309 4031 sacrificandi

237 4068 450 4129 oansaasoendi)
480 4068 506 4127 2,
528 4074 538 4117 l
563 4066 638 4133 Gryu.
652 4068 687 4116 Et
698 4068 742 4116 hio
773 4074 860 4115 acum
874 4067 1307 4133 exercitumesseadiciturKreyss.

237 4154 329 4221 (Grpe.
345 4169 367 4204 o.
388 4168 472 4205 exere,
485 4153 629 4217 metuisse)
663 4158 678 4201 3
698 4168 760 4203 num
777 4169 826 4203 nos
841 4157 845 4218 Ι
861 4168 963 4219 quaeror
977 4154 981 4218 Ι
998 4167 1124 4215 occupare
1144 4160 1160 4201 4
1179 4168 1310 4217 opponere

234 4241 361 4307 prasidio
413 4241 439 4301 3,
459 4248 474 4291 2
494 4250 623 4305 quaretur
658 4240 828 4289 asimnlatos
868 4238 895 4300 4,
918 4246 928 4289 l
948 4240 1064 4303 byzantis
1080 4240 1087 4304 Ι
1101 4239 1185 4289 boetis

1077 4348 1107 4398 θ’
