3475 5084
559 537 639 586 Liber
656 536 741 586 XLII.
779 537 825 595 (A.
848 537 907 587 cur.
932 539 1003 598 trs.)
1237 544 1273 598 59

245 720 369 777 vitutem
391 721 534 789 venisset,
562 733 594 778 ut
620 722 734 780 iuratus
754 733 872 780 senatus
894 724 1075 792 decerneret,
1098 723 1147 797 qui
1169 741 1232 780 eam
1254 743 1315 780 rem

246 837 392 898 quaereret
423 826 734 902 animadverteretque.
789 830 837 885 Ex
864 829 1037 885 auctoritate
1067 827 1170 885 deinde
1200 840 1316 885 senatus

246 948 311 986 eam
352 931 536 1004 rogationem
573 934 803 1008 promulgarunt.
858 933 1034 1006 Priusquam
1068 934 1356 1006 proficiscerentur6

246 1035 399 1105 eonsules,
424 1035 457 1092 Ο.
480 1035 619 1105 Cicereio,
640 1043 757 1112 proetort'
775 1039 881 1113 prioris
909 1038 986 1106 anni,
1016 1037 1053 1094 ad
1076 1039 1166 1094 adem
1190 1039 1317 1096 Bettonae

245 1153 368 1197 senatus
391 1141 477 1198 datus
499 1154 551 1202 est.
585 1145 625 1211 Is,
647 1144 797 1218 expositis,
819 1162 893 1218 qaas
915 1144 943 1200 in
962 1142 1083 1201 Corsica
1103 1163 1149 1202 res
1171 1144 1316 1218 gessisset,
1341 1150 1356 1200 7

245 1246 457 1320 postulatoque
478 1247 586 1305 frustra
607 1249 763 1323 triumpho,
785 1249 814 1304 in
837 1259 935 1305 moute
957 1247 1084 1315 Albano,
1107 1249 1184 1322 quod
1206 1250 1263 1306 iam
1287 1250 1316 1306 iu

246 1368 359 1406 morem
382 1364 503 1409 venerat
524 1364 556 1409 ut
577 1353 639 1410 eine
661 1354 777 1428 publica
800 1334 974 1410 atteteritate
997 1356 1087 1422 tieret,
1118 1353 1316 1428 triumphavit.

245 1455 446 1526 Rogationem
477 1458 620 1515 Marciam
650 1459 686 1514 de
716 1459 871 1533 Liguribus
903 1477 1009 1534 magno
1045 1475 1185 1516 consensu
1219 1457 1317 1531 plebes
1341 1462 1358 1517 8

246 1560 333 1616 scivit
356 1561 508 1636 iussitque.
551 1563 598 1619 Ex
621 1583 656 1619 eo
678 1563 828 1638 plebiscito
851 1564 1025 1622 otiantur
1048 1579 1155 1637 praetor
1176 1561 1319 1619 consuluit

246 1676 402 1737 sanatum,
435 1686 522 1742 quern
553 1687 681 1742 quarere
708 1687 744 1724 ea
772 1669 925 1743 rogatione
952 1669 1046 1728 vellet.
1096 1668 1201 1724 Patres
1223 1667 1317 1741 ipsum

246 1789 315 1827 eum
342 1790 473 1844 qnaerere
495 1773 648 1835 iusserunt.

336 1877 415 1932 Turn
436 1877 551 1933 demum
574 1877 706 1934 consules
727 1878 756 1935 in
779 1879 957 1953 provinciam
979 1877 1101 1952 profecti
1120 1886 1187 1934 sunt
1208 1877 1317 1934 exerui·
1361 1867 1402 1938 22

245 1989 373 2054 tumque
396 2000 414 2036 a
437 1982 477 2037 M.
500 1981 617 2056 Popilio
640 1997 823 2058 acceperunt.
876 1985 981 2057 Neque
1003 1994 1099 2038 tamen
1122 1982 1162 2037 M.
1187 1983 1318 2056 Popilius
1341 1981 1358 2036 2

245 2085 360 2142 reverti
385 2087 509 2142 Romam
539 2087 680 2156 audebat,
709 2106 746 2145 ne
774 2107 892 2144 causam
922 2088 1030 2143 diceret
1060 2086 1183 2145 adverso
1208 2098 1319 2157 senatu,

246 2189 403 2247 infestiore
418 2189 536 2265 populo,
559 2201 630 2264 aput
645 2204 807 2265 pretorem,
829 2194 878 2267 qui
898 2195 934 2249 de
951 2192 1108 2265 quastione
1126 2193 1155 2248 in
1172 2210 1202 2248 se
1224 2193 1320 2267 posita

247 2305 386 2352 senatum
415 2295 613 2352 consuluisset.
670 2295 748 2353 Huic
775 2297 974 2355 detrectationi
1004 2297 1065 2353 eius
1095 2297 1202 2352 tribuni
1228 2297 1319 2372 plebis
1343 2297 1359 2351 3

249 2399 373 2456 alterius
394 2399 555 2472 rogationis
577 2399 792 2457 denuntiatione
814 2410 1018 2468 oocttrretunt,
1048 2410 1095 2468 ut,
1127 2402 1151 2457 si
1173 2419 1231 2456 non
1254 2413 1321 2457 ante

249 2505 319 2561 idus
349 2506 532 2561 Novembres
561 2505 591 2560 iu
621 2506 720 2560 urbem
746 2507 871 2561 Romam
900 2504 1061 2574 introisset,
1088 2503 1123 2559 de
1146 2506 1264 2561 absente
1285 2523 1319 2562 eo

250 2607 286 2667 C.
311 2609 441 2665 Licinius
469 2620 609 2666 statueret
639 2629 674 2665 ac
700 2609 851 2667 iudicaret.
898 2611 964 2666 Hoc
986 2620 1094 2664 tractus
1119 2607 1232 2664 vinculo
1255 2627 1319 2665 cum
1344 2607 1362 2660 4

249 2714 385 2782 redisset,
408 2713 516 2786 ingenti
537 2733 603 2770 cum
626 2715 737 2771 invidia
758 2715 786 2771 iu
809 2726 940 2771 senatum
964 2713 1051 2772 venit.
1093 2713 1138 2769 Ibi
1160 2731 1224 2769 cum
1244 2713 1320 2769 lace·
1345 2711 1361 2764 5

249 2831 336 2877 ratus
354 2818 456 2892 iurgiis
471 2821 624 2876 multorum
647 2831 733 2889 esset,
755 2818 1051 2876 senatusconsultum
1073 2817 1182 2874 factum
1204 2828 1257 2888 est,
1282 2827 1321 2888 ut,

250 2925 302 3000 qni
330 2925 470 2997 Ligurum
498 2938 564 3000 post
592 2926 626 2998 Q.
650 2925 800 2995 Fulvium,
834 2927 868 2982 L.
892 2925 1032 2981 Manlium
1064 2922 1196 2981 consules
1223 2925 1321 2978 hostes

250 3051 313 3088 non
335 3029 469 3098 fuissent,
490 3040 522 3084 ut
544 3046 593 3083 eos
609 3029 643 3086 O.
661 3029 796 3096 Licinius,
818 3027 871 3084 Cn.
888 3027 1011 3086 Sicinius
1027 3041 1165 3103 praetores
1185 3029 1214 3084 in
1236 3028 1321 3084 liber·

251 3147 343 3193 tatem
368 3134 561 3190 restituendos
582 3147 726 3203 curarent,
748 3151 908 3208 agrumque
931 3134 965 3189 iis
988 3145 1066 3189 trans
1087 3135 1198 3188 Padum
1222 3132 1322 3188 consul

253 3241 287 3300 C.
302 3240 437 3315 Popilius
452 3240 542 3295 daret.
585 3238 680 3295 Multa
701 3238 779 3294 milia
804 3239 951 3294 hominurn
978 3238 1033 3294 hoc
1055 3237 1319 3294 senatusconsulto
1343 3230 1359 3284 6

251 3347 389 3405 restituta
412 3346 441 3400 in
468 3345 645 3412 libertatem,
676 3346 909 3418 transductisque
930 3343 1043 3400 Padum
1067 3361 1137 3417 ager
1159 3352 1201 3398 est
1224 3342 1320 3415 adsig-

251 3466 351 3510 natus.
402 3451 444 3510 Μ.
467 3450 599 3523 Popilius
628 3450 781 3523 rogatione
811 3448 925 3506 Marcia
952 3449 996 3505 bis
1024 3457 1094 3522 aput
1122 3446 1155 3503 Ο.
1178 3447 1321 3504 Licinium
1345 3439 1360 3492 7

253 3573 375 3612 oausam
399 3555 484 3623 dixit3
507 3555 591 3611 tertio
613 3569 728 3630 praetor,
750 3555 846 3629 gratia
871 3553 996 3610 consulis
1013 3552 1139 3608 absentis
1156 3562 1184 3608 et
1199 3551 1322 3624 Popiliae

255 3773 487 3837 dpromulgarent
516 3769 540 3826 6,
560 3774 575 3816 2
596 3783 617 3816 c.
637 3769 744 3817 cicereio
763 3769 855 3831 prioris
890 3770 998 3816 adstas
1017 3768 1081 3816 extis
1101 3765 1222 3828 expositis
1263 3763 1321 3822 7‚2

253 3858 443 3920 itustritttnpho
480 3854 660 3904 Striumsauit
702 3855 752 3911 8,1
776 3854 1063 3918 plebisscinitatiiussiti
1078 3867 1126 3916 que
1164 3851 1323 3900 20.lioinins

253 3960 434 4027 proconsuluit
465 3963 525 4012 Stet
533 3957 560 4020 4)
573 3972 678 4021 querere
693 3959 698 4016 Ι
714 3956 1028 4018 exrogatiouoDrokenb.
1048 3958 1203 4004 4inesetant
1235 3953 1322 4013 XXII,

255 4048 280 4106 1,
300 4053 316 4096 2
335 4054 460 4109 ceperunt
480 4042 556 4094 Gron.
590 4043 643 4098 22
661 4045 768 4092 rcuserti
804 4046 951 4108 apositam
971 4042 1052 4092 Drot.
1071 4040 1174 4090 malebat
1192 4040 1323 4103 proposita

254 4151 280 4207 3,
301 4156 312 4199 t
334 4148 488 4197 detractioni
525 4153 540 4195 2
560 4147 687 4208 rogationi
705 4120 748 4204 .'5‚
769 4152 784 4194 3
803 4155 938 4210 postquam
957 4147 1062 4194 fluuium
1101 4150 1115 4193 5
1136 4156 1277 4205 agrumque
1299 4142 1322 4190 is

255 4235 306 4293 6,2
325 4234 590 4297 egeretadeignatas
620 4232 644 4290 7,
667 4237 676 4280 l
704 4234 864 4296 rogationem
875 4248 909 4281 m.
921 4234 1040 4282 arrianis
1070 4230 1211 4294 2popillio
1220 4227 1323 4276 familia

255 4322 383 4386 praecibus
401 4320 592 4368 uictulaadibns
609 4319 699 4368 martis
