3475 5084
495 496 553 551 224
753 492 831 541 Liber
849 492 934 542 XLV.
986 493 1030 553 (Α.
1051 508 1075 541 u.
1096 506 1117 541 c.
1138 493 1210 554 586.)

453 678 539 748 misit,
560 677 596 751 Q.
611 678 735 736 Fabium
757 680 927 750 Buteonem,
949 681 984 740 P.
1001 678 1165 737 Cornelium
1181 678 1358 749 Blasionem,
1376 680 1412 736 T.
1425 677 1497 737 Sem·

453 783 586 859 pronium
607 785 750 855 Muscam,
771 786 807 843 L.
828 786 962 843 Naevium
985 786 1118 854 Balbum,
1140 784 1174 845 C.
1200 784 1356 860 Apuleium
1378 782 1498 842 Saturni·

304 909 308 916 ⁴
395 888 430 943 tt
453 908 532 949 uum.
575 891 615 947 Et
640 891 684 948 ab=
699 892 829 950 Eumene
850 902 879 949 et
903 892 940 949 ab
962 891 1064 949 Attalo
1090 902 1117 949 ot
1146 892 1184 948 ab
1209 891 1351 949 Atheuaeo
1371 887 1500 946 fratribus

454 996 614 1054 communis
636 997 743 1072 legatio
762 998 799 1054 de
821 998 944 1055 victoria
964 997 1140 1073 gratulatum
1161 995 1246 1057 veuit.
1291 996 1331 1053 Et
1351 996 1502 1069 Masgaba,

453 1102 531 1177 regis
550 1102 713 1159 Masinissae
726 1103 795 1173 filio,
817 1103 947 1161 Puteolis
961 1122 1035 1159 nave
1050 1120 1166 1178 egresso
1181 1113 1287 1177 praesto
1309 1101 1372 1173 fuit,
1394 1102 1503 1157 obviarn

454 1206 558 1264 missus
590 1226 654 1265 cum
682 1210 820 1283 pecunia,
850 1210 885 1267 L.
906 1208 1033 1266 Manlius
1055 1217 1197 1284 quaestor,
1228 1208 1278 1283 qui
1299 1210 1425 1266 Romam
1446 1226 1503 1264 enm

396 1313 432 1367 13
454 1312 571 1387 publico
591 1324 706 1389 sumptu
727 1315 904 1390 perduceret.
943 1314 1118 1372 Advenienti
1134 1314 1280 1389 extemplo
1295 1324 1414 1371 senatus
1429 1314 1504 1369 datus

454 1428 506 1479 est.
550 1419 580 1476 Is
606 1420 773 1476 adulescens
793 1420 836 1477 ite
856 1421 968 1495 locutus
990 1430 1042 1490 est,
1064 1430 1104 1491 ut,
1124 1410 1192 1494 quea=
1208 1420 1295 1477 rebus
1316 1429 1402 1493 grate
1424 1428 1504 1487 erant,

454 1524 583 1599 gratiora
604 1524 701 1581 verbis
722 1525 840 1583 faceret.
883 1524 1138 1596 Commemoravit,
1164 1534 1234 1600 quot
1255 1524 1367 1600 pedites
1390 1510 1505 1600 equites·

455 1648 521 1705 que,
543 1640 614 1705 quqt
634 1630 811 1705 elephantos,
834 1641 973 1706 quantum
998 1631 1134 1689 frumenti
1160 1650 1195 1688 eo
1220 1631 1412 1705 quadriennio
1434 1640 1505 1707 pater

397 1738 431 1791 14
454 1756 523 1794 suus
543 1738 573 1793 in
594 1736 796 1795 Macedoniam
818 1738 950 1795 misisset.
981 1739 1065 1795 Duas
1079 1756 1125 1794 res
1142 1737 1169 1794 ei
1182 1737 1281 1794 rubori
1296 1735 1397 1806 fuisse,
1419 1754 1505 1805 unam,

455 1844 533 1918 quod
554 1853 691 1918 rogasset
713 1862 778 1900 eum
799 1862 852 1918 per
876 1844 988 1919 legatos
1009 1854 1142 1914 senatus,
1166 1862 1229 1917 quse
1253 1843 1291 1899 ad
1313 1842 1423 1900 bellum
1444 1858 1506 1916 opus

456 1958 559 2019 esseut,
581 1958 610 2005 et
631 1967 688 2004 nou
702 1948 882 2024 imperasset,
904 1950 1035 2020 alteram,
1057 1949 1136 2023 quod
1157 1948 1308 2024 pecuniam
1331 1948 1358 2004 ei
1379 1967 1437 2023 pro
1457 1948 1505 2004 iru-

398 2056 433 2108 15
456 2062 553 2109 mento
575 2054 707 2111 misisset.
759 2043 944 2114 Masinissam
969 2055 1147 2125 meminisse,
1173 2070 1343 2127 teregnum
1367 2072 1387 2109 a
1408 2051 1505 2129 popolo

455 2158 590 2217 Romano
612 2169 726 2235 partum
749 2172 924 2237 auctumque
945 2171 973 2219 et
987 2161 1204 2236 multiplicatum
1220 2161 1343 2229 habere;
1366 2178 1424 2216 usu
1438 2156 1506 2232 regni

455 2273 620 2321 contentum
641 2266 730 2337 scire,
761 2267 918 2325 dominium
941 2268 1034 2325 etius
1058 2286 1172 2338 eorum,
1200 2266 1250 2341 qui
1274 2266 1425 2336 dederint,
1446 2282 1506 2322 esse.

399 2373 434 2427 16
456 2368 577 2427 Sumere
608 2372 707 2446 itaque
729 2391 779 2429 eos
803 2373 839 2429 de
865 2392 907 2445 se,
936 2394 993 2431 non
1014 2392 1135 2449 rogare,
1168 2390 1280 2447 aequom
1309 2390 1389 2443 esse,
1426 2388 1507 2444 neque

457 2494 552 2533 emere
580 2496 616 2533 ea
643 2495 680 2533 ex
708 2478 849 2536 fructibus
863 2541 865 2545 ,
881 2480 944 2555 agri
973 2481 1010 2537 ab
1040 2480 1162 2550 sedati,
1185 2498 1249 2552 quae
1270 2477 1311 2535 ibi
1332 2476 1506 2553 proveniant.

456 2580 493 2637 Id
513 2581 674 2639 Mueiuissae
695 2585 766 2641 satis
788 2603 851 2642 esse
873 2594 901 2642 et
922 2585 1002 2657 fore,
1031 2586 1108 2660 quod
1130 2586 1239 2661 populo
1260 2586 1400 2642 Romano
1423 2600 1506 2657 snper

398 2687 433 2740 17
457 2697 541 2743 esset.
585 2686 658 2745 Cum
679 2689 715 2746 iis
737 2692 881 2749 mandatis
903 2711 920 2748 a
942 2701 1025 2768 petre
1039 2690 1199 2768 profectum
1222 2700 1325 2766 postea
1348 2695 1510 2745 consecutos
1547 2712 1548 2717 ¹

458 2792 584 2865 equites,
615 2795 664 2868 qui
685 2795 827 2854 devictum
852 2798 1054 2873 Macedonium
1078 2796 1259 2867 nuntiarent,
1280 2793 1510 2869 gratulatumque

458 2898 570 2953 senatui
597 2898 728 2957 iuberent
753 2901 898 2974 indicare,
930 2913 1018 2961 tantm
1044 2923 1108 2962 eam
1134 2920 1196 2959 rem
1225 2900 1331 2958 letitie
1358 2900 1441 2975 patri
1468 2914 1510 2954 suo

458 3022 536 3076 esse,
569 3015 601 3062 ut
622 3008 746 3064 Romam
782 3009 881 3067 venire
916 3010 986 3066 velit
1019 3010 1141 3083 Iovique
1177 3008 1285 3083 optimc
1321 3005 1456 3061 maximo
1490 3002 1511 3057 in

460 3108 606 3187 Capitolio
627 3112 791 3172 sacrificare
813 3125 841 3172 et
862 3124 961 3191 grates
983 3133 1084 3190 ager03
1105 3115 1145 3185 id,
1166 3113 1221 3171 nisi
1242 3112 1396 3170 molestum
1421 3111 1468 3182 sit,
1488 3116 1512 3164 ut

459 3216 485 3272 ei
504 3218 697 3292 permittatur,
721 3220 758 3277 ab
780 3230 882 3278 senatu
906 3229 1011 3297 petere.
1052 3268 1054 3273 ,

378 3316 419 3388 14
540 3324 722 3399 Responsum
751 3328 851 3402 regulo
874 3337 933 3397 est,
968 3325 1065 3384 facere
1090 3335 1202 3401 petrem
1229 3324 1290 3381 eius
1320 3324 1513 3389 Masinissam,

460 3427 539 3502 quod
557 3428 651 3486 virum
672 3440 788 3506 gratum
803 3434 970 3507 bonumque
983 3430 1080 3490 facere
1094 3432 1204 3502 deceat,
1227 3438 1259 3487 ut
1279 3430 1407 3505 pretinm
1430 3432 1513 3487 hono·

459 3693 513 3737 ot.
532 3690 702 3751 sempronium
721 3704 810 3739 uacum
829 3672 884 3752 (li.
905 3686 1003 3753 Siqua.)
1036 3688 1077 3746 12,
1094 3694 1105 3736 1
1123 3688 1156 3737 ab
1169 3696 1258 3737 ateneo
1294 3692 1310 3735 3
1333 3685 1412 3753 Grya.
1433 3698 1513 3736 navem

460 3776 629 3838 4pecnuium
666 3777 842 3841 operuiceret
877 3776 953 3836 13,2
980 3775 1063 3827 Weiss.
1083 3775 1123 3823 Ibi
1142 3776 1210 3825 adul.
1250 3775 1354 3837 equod
1372 3776 1473 3839 pedites
1501 3777 1512 3817 4

461 3864 529 3924 quod
548 3864 696 3927 elephantos
733 3869 747 3913 5
768 3865 835 3914 misit
853 3866 897 3913 sed
916 3849 979 3913 duas
996 3862 1051 3928 My.
1065 3862 1121 3911 Em.
1135 3860 1190 3911 597
1209 3860 1297 3926 (Gron.
1318 3862 1439 3911 misisset.
1460 3856 1511 3919 Sed)

461 3948 504 4009 14,
525 3956 536 3998 l
556 3952 657 4001 ruboris
702 3958 802 4002 3easet
817 3954 821 4014 Ι
835 3954 978 4015 inperesset
1030 3951 1174 3999 tmisisset
1192 3958 1218 3998 et
1270 3946 1312 4008 15,
1334 3954 1346 3997 1
1373 3949 1511 3997 meminisse

461 4051 570 4100 regnum
587 4038 670 4088 Drak.
715 4038 757 4099 16,
778 4045 789 4088 1
818 4046 947 4090 sumerent
971 4039 975 4100 Ι
999 4039 1100 4087 eosdem
1128 4052 1155 4087 se
1182 4052 1234 4085 uon
1261 4050 1353 4099 rogare
1381 4034 1438 4101 My.
1464 4033 1509 4085 Est

463 4122 519 4173 597
545 4126 632 4189 (Gryn.
662 4127 775 4187 eosdem,
801 4142 853 4176 non
880 4140 907 4177 ae
934 4126 968 4188 r.)
993 4126 997 4186 Ι
1020 4138 1094 4189 aeqno
1122 4139 1177 4175 esse
1229 4130 1244 4174 2
1273 4124 1309 4173 ibi
1335 4124 1511 4188 prouenianuu

462 4211 563 4261 alume
582 4214 650 4274 quod
686 4212 729 4273 17,
748 4219 763 4263 3
782 4214 899 4263 iuberent
916 4224 942 4263 et
957 4215 1196 4264 indicarenttaceam
1215 4227 1267 4262 rem
1309 4219 1325 4261 4
1344 4212 1461 4273 ioniique
1478 4222 1509 4259 on

463 4297 489 4345 in
538 4298 612 4359 XIV,
629 4297 654 4358 1,
674 4306 689 4348 2
706 4302 822 4365 pretium
