3475 5084
519 519 597 569 Liber
614 519 711 570 XLIV.
748 522 792 578 (A.
812 520 873 571 chr.
896 526 965 581 tos.)
1175 522 1228 577 181

222 705 288 774 dein,
308 720 373 761 enm
394 703 434 761 ad
454 703 541 761 finem
562 702 744 761 Macedoniae
763 716 883 762 venmm
905 716 997 776 esset,
1024 704 1214 763 subsisterent
1233 704 1275 761 ibi
1301 705 1336 758 to

223 828 252 868 ac
268 808 384 866 nuutios
405 809 444 866 ab
468 825 500 865 se
520 807 728 883 opperirentur.
760 809 894 882 Gentius,
916 812 1023 887 exigua
1044 818 1127 885 parte
1148 808 1277 883 pecuniae
1303 810 1336 863 ll

222 925 344 989 accepta,
366 930 433 971 cum
449 913 571 970 adsidue
591 932 610 969 a
632 915 804 973 Pantaucho
825 917 864 973 ad
878 916 1064 974 lacessendos
1078 914 1176 971 hostili
1197 912 1276 971 lacto

221 1022 362 1078 Romanos
383 1017 589 1089 stimularetur,
612 1019 654 1079 M.
676 1021 860 1095 Perpennam
886 1032 915 1078 et
937 1022 972 1081 L.
995 996 1131 1079 Petilium
1153 1019 1276 1094 legatos,

222 1126 264 1200 qui
289 1136 351 1181 tum
381 1122 460 1181 forte
480 1123 518 1180 ad
539 1141 605 1181 eum
628 1134 776 1197 venerant,
800 1128 830 1183 in
852 1126 1014 1184 custodiam
1037 1124 1167 1184 coniecit
1211 1124 1278 1182 Hoc
1303 1116 1339 1172 12

222 1229 329 1298 audito,
356 1228 498 1298 Perseus,
528 1230 709 1287 contraxisse
735 1250 799 1289 eum
827 1232 1007 1293 necessitatis
1040 1233 1109 1289 sotis
1136 1239 1218 1287 ratus
1244 1246 1279 1287 ac

221 1335 388 1393 bellaturum
406 1333 507 1407 utique
525 1351 589 1391 cum
601 1334 753 1406 Romanis,
775 1338 813 1395 ad
830 1337 1038 1407 revocandum,
1060 1335 1110 1410 qui
1126 1334 1278 1409 pecuniam

221 1440 362 1516 portabat,
379 1437 467 1505 misit,
480 1438 560 1496 velut
575 1440 647 1497 nihil
661 1442 740 1499 aliud
756 1462 856 1518 agens,
876 1461 964 1517 quam
976 1452 1017 1513 ut,
1029 1449 1140 1519 quauta
1151 1438 1281 1496 maxime

221 1526 325 1622 posset,
343 1544 446 1619 praeda
468 1562 505 1601 ex
533 1562 565 1602 se
586 1546 664 1603 victo
685 1548 827 1605 Romanis
847 1558 1053 1605 reservaretur.
1097 1546 1137 1603 Et
1158 1546 1196 1601 ab
1219 1533 1279 1600 Eu·
1305 1536 1340 1591 13

223 1669 296 1707 mene
317 1649 498 1723 Herophon,
525 1650 647 1725 ignotis,
678 1670 744 1727 quae
764 1653 876 1710 occulte
896 1664 964 1710 acte
985 1662 1081 1722 erant,
1107 1650 1190 1709 redit.
1233 1648 1281 1705 De
1306 1704 1315 1715 ,

223 1754 337 1829 captivis
360 1763 459 1811 actum
481 1774 545 1812 esse
569 1764 597 1812 et
618 1757 674 1831 ipsi
692 1758 902 1833 evolgaverant
923 1768 951 1815 et
961 1758 1107 1815 Eumenes
1123 1755 1281 1823 consulem,

223 1859 341 1916 viteudte
362 1859 536 1933 suspicionis
557 1878 656 1932 causa,
677 1862 829 1919 certiorem
853 1850 933 1920 feeit

296 1966 436 2033 Perseus,
456 1975 525 2040 post
544 1966 668 2022 reditum
690 1968 729 2023 ab
750 1966 881 2024 Eumene
902 1968 1102 2044 Herophontis
1118 1965 1282 2043 spe,deiec·
1325 1948 1366 2019 28
1450 1948 1454 1955 ⁴

224 2080 272 2139 tus,
290 2072 474 2127 Antenorem
496 2079 525 2127 et
540 2067 705 2147 Callippum
726 2070 879 2147 praefectos
901 2072 1002 2131 classis
1023 2092 1089 2130 cum
1107 2072 1166 2129 XL
1180 2070 1284 2127 lembis

225 2176 349 2246 (adiectae
378 2175 417 2231 ad
444 2176 522 2232 huuc
550 2193 702 2233 nnmerum
734 2176 861 2250 quinque
882 2178 987 2253 pristes
1011 2179 1108 2251 erant)
1132 2178 1284 2235 Tenedum

224 2282 312 2351 mittit,
333 2293 367 2339 ut
388 2280 456 2337 iude
470 2297 589 2355 sparsas
604 2298 657 2355 per
674 2276 819 2355 Cycladas
836 2281 946 2339 insulas
962 2300 1062 2351 naves,
1077 2283 1282 2341 Macedoniam
1306 2272 1322 2327 2

225 2405 280 2445 tum
302 2386 451 2445 frumento
474 2394 613 2459 petentes,
633 2392 804 2441 tutarentur.
836 2383 1027 2444 Cassandrea
1044 2388 1173 2445 deducta
1195 2404 1285 2444 naves
1308 2378 1325 2431 3

226 2493 375 2568 inportus
396 2491 538 2567 primum,
567 2489 617 2564 qui
638 2492 693 2547 sub
715 2491 797 2547 Atho
818 2501 917 2549 monte
939 2502 1024 2562 sunt,
1045 2493 1112 2550 iude
1134 2490 1286 2549 Tenedum

227 2596 334 2669 placido
358 2596 435 2653 mari
455 2587 520 2653 cum
534 2595 723 2664 traiecissem,
737 2606 848 2651 stantes
871 2596 1005 2672 inportu
1022 2596 1153 2655 Rhodias
1169 2603 1287 2669 apertas

227 2720 309 2759 naves
320 2702 558 2776 Eudamumque,
579 2698 747 2776 prefectum
768 2718 879 2770 earum,
900 2701 1056 2759 inviolatos
1081 2702 1177 2776 adque
1200 2700 1286 2757 etiam

227 2808 345 2881 henigne
367 2805 530 2881 appellatos
545 2805 724 2866 dimiserunt.
756 2787 883 2881 Cognito
899 2806 1011 2875 deinde,
1032 2808 1062 2863 in
1083 2808 1174 2864 latere
1196 2805 1288 2862 altero
1311 2800 1328 2851 4

229 2911 437 2987 quinquaginta
457 2905 607 2967 onerarias
628 2928 762 2981 suarum,
791 2912 935 2968 stantibus
956 2913 986 2968 in
1009 2913 1084 2969 ostio
1105 2922 1207 2988 portus
1228 2911 1290 2968 En·

228 3018 312 3074 menis
333 3016 481 3084 rostratis,
502 3014 608 3089 quibus
622 3014 749 3072 Damius
770 3029 903 3090 praerat,
924 3017 1051 3075 inclusas
1073 3016 1288 3087 essepcircum·
1304 3010 1331 3062 '5

229 3131 323 3180 vectus
351 3138 477 3196 propere
505 3139 541 3178 ac
565 3120 716 3177 summotis
742 3130 853 3176 terrore
877 3121 1003 3178 hostium
1026 3122 1165 3191 navibus,
1187 3137 1290 3177 onera-

231 3289 267 3349 10,
288 3296 299 3338 1
320 3293 408 3338 esseut
454 3285 498 3343 11,
519 3290 530 3333 1
551 3284 655 3345 genitus
697 3284 839 3332 anundus
856 3286 996 3364 pantaucio
1015 3282 1099 3350 Siqua.
1138 3291 1292 3334 arnmano-

231 3387 548 3454 stimularetnrlpotilium
594 3388 729 3435 eueniret
751 3389 755 3449 Ι
776 3386 886 3436 coniecit
932 3387 974 3449 12,
994 3395 1009 3437 2
1028 3390 1293 3467 contraxisseumcne·

231 3498 351 3546 cessitatis
371 3504 442 3543 ratus
460 3490 517 3557 My.
528 3489 583 3540 Em.
597 3488 654 3539 580
672 3488 762 3555 (drys.
778 3505 837 3539 eum
849 3492 1017 3541 necessitates
1033 3492 1113 3554 ratus)
1129 3494 1134 3555 1
1150 3494 1183 3542 ad
1196 3493 1292 3542 bellum

233 3581 282 3647 My.
298 3581 348 3632 iud.
389 3575 575 3630 ascribendae
588 3574 668 3626 videri
681 3578 845 3640 revocandos,
863 3579 907 3641 qni
921 3580 1056 3642 pecuniam
1069 3580 1208 3643 portabant
1223 3580 1251 3643 (5
1264 3578 1293 3643 9)

232 3670 298 3718 uaso
314 3668 369 3718 loc.
392 3665 467 3717 Gran.
519 3671 535 3711 4
555 3673 676 3726 quantam
697 3664 702 3726 Ι
726 3663 814 3727 praeda
832 3678 866 3713 ex
884 3665 968 3713 edicto
987 3667 1057 3714 uicto
1077 3663 1177 3731 Krsyes.
1199 3663 1292 3730 (Grpe.

233 3785 262 3819 ex
277 3772 361 3833 vieto)
399 3769 441 3827 13,
461 3774 477 3817 a
495 3751 769 3831 hieroponimdignotis
787 3782 862 3830 quem
904 3767 1033 3829 XXVIII,
1051 3769 1102 3827 1,1
1132 3770 1294 3833 eropoutiepe

233 3857 342 3907 deiectus
391 3856 517 3919 tpristis
532 3855 537 3914 1
553 3854 691 3902 tenendum
752 3852 785 3912 2,
807 3859 818 3901 1
840 3868 935 3915 sparse
958 3852 1041 3904 Drok.
1067 3852 1178 3917 (Crever.
1199 3856 1295 3919 sparei3

234 3969 304 4020 muto,
322 3974 376 4023 pace
392 3957 449 4007 Era.
470 3956 526 4006 580
544 3974 566 4005 a.
593 3954 668 4018 desi.)
693 3956 814 4017 linsulae
837 3938 863 4005 m
883 3972 974 4005 nauem
1013 3964 1188 4007 ttutaremnr
1235 3958 1295 4017 912

235 4055 291 4094 suut
306 4045 478 4095 deteueudum
515 4049 530 4091 ³
556 4043 619 4092 satie
637 4043 663 4090 in
679 4040 684 4105 Ι
700 4042 803 4091 rhodios
841 4046 1155 4106 tusuesseudamumque
1189 4046 1193 4099 l
1227 4052 1295 4101 carc,

235 4148 306 4195 supra
321 4132 411 4196 mictu
428 4144 446 4177 u
458 4130 462 4196 Ι
473 4129 613 4196 inuiolatus
629 4126 704 4178 Groa.
724 4126 813 4192 (ΕΜ.
827 4129 978 4193 inviolatas)
1011 4130 1036 4190 4,
1052 4136 1067 4179 2
1088 4129 1156 4180 Nam
1175 4130 1297 4179 suorum?

238 4234 376 4298 {eumenes
423 4216 568 4284 adiamius
615 4231 673 4291 6,l
701 4229 755 4293 (De
773 4231 990 4283 circumvectus.‘.
1011 4234 1089 4282 mittit
1106 4250 1129 4282 v.
1149 4232 1205 4282 Em.
1226 4228 1296 4295 5803

242 4318 292 4369 Ure.
311 4319 423 4383 Cognito
440 4320 534 4369 deinde
553 4320 680 4376 Antenor,
699 4316 739 4379 in)
