3475 5084
551 510 630 560 une
646 509 730 560 xuu.
768 512 813 575 (ι.
835 510 895 561 our.
919 511 988 574 ur.)
1225 518 1264 574 os

230 695 346 765 omnio,
380 712 446 769 quse
465 692 591 768 populus
614 693 765 752 Romnum
791 694 978 769 imperasset,
1014 705 1212 771 praesteturcs.
1269 699 1310 756 Et

232 800 372 857 civitates
391 799 488 856 socies
510 797 622 867 edisse;
643 805 756 856 ceteros
776 798 849 856 setis
863 799 952 868 fides,
981 801 1112 858 Rhodios
1136 803 1309 860 ductueutes

232 914 266 962 et
285 904 407 962 inbutos
429 903 531 960 Persei
553 903 682 960 consiliis
702 903 857 964 invenisse.
914 903 1065 963 Venerent
1088 906 1196 964 Rhodii
1221 907 1310 983 legati
1332 912 1351 966 9

234 1010 275 1066 ed
296 1008 455 1084 purgsnds
475 1027 528 1076 ee,
560 1026 624 1081 quse
646 1007 734 1082 volgo
756 1008 860 1065 iecteri
888 1008 1063 1066 decivitate
1086 1009 1232 1082 sciebant3
1264 1031 1311 1070 ce·

234 1125 333 1172 terum
355 1122 489 1170 seuerum
521 1112 557 1168 iis
583 1130 643 1169 nou
659 1115 743 1186 prius
774 1113 848 1183 dod,
873 1132 957 1188 quom
977 1114 1043 1171 rsovi
1063 1114 1197 1172 consules
1219 1117 1311 1192 megi·

233 1227 364 1276 stratum
386 1217 515 1286 inissent,
537 1216 654 1292 placuit.

321 1322 398 1380 Belli
411 1330 585 1397 epperetum
594 1340 653 1379 non
664 1319 854 1379 diderendum
866 1333 1048 1381 censuerunt.
1071 1322 1105 1383 0.
1113 1323 1225 1382 Licinio
1238 1343 1312 1399 prce·
1354 1314 1396 1384 2⁷

235 1428 294 1486 tori
306 1427 457 1502 negotium
473 1428 567 1496 detur,
577 1436 610 1483 ut
625 1445 663 1483 ex
678 1427 824 1484 veteribus
841 1427 1096 1502 quinqueremibus
1112 1429 1142 1486 in
1159 1428 1313 1486 nevelibus

238 1535 346 1592 Rome
366 1532 532 1601 subductis,
554 1549 619 1606 quae
640 1540 759 1606 possent
781 1532 847 1589 usui
867 1549 946 1603 esse,
969 1533 1117 1601 reficeret,
1139 1541 1315 1608 pareretque

237 1655 334 1694 neves
346 1636 567 1712 quinquaginta.
603 1635 635 1695 Si
652 1636 721 1710 quid
739 1637 853 1694 sdcum
867 1655 1021 1694 numerum
1038 1636 1213 1711 explendum
1229 1637 1314 1696 dees·
1337 1636 1354 1692 2

236 1752 294 1813 set,
310 1740 345 1801 0.
356 1742 496 1798 Memmio
512 1741 630 1816 collegis
644 1741 675 1796 iu
686 1741 816 1799 Siciliam
832 1741 982 1810 scriberet,
1005 1751 1036 1798 ut
1057 1759 1117 1810 ees,
1140 1759 1204 1816 quse
1225 1741 1256 1798 in
1267 1741 1314 1801 Si·

238 1848 312 1904 cilia
334 1864 426 1903 neves
447 1856 560 1915 essent,
591 1847 723 1902 reficeret
752 1846 848 1920 edque
876 1846 1040 1920 expediret,
1072 1855 1104 1902 ut
1125 1845 1313 1904 Brundisium

239 1952 339 2027 primo
362 1968 480 2025 quoque
500 1960 632 2025 tempore
653 1950 729 2006 mitti
749 1960 879 2024 possent.
922 1949 1025 2009 Socios
1047 1950 1168 2008 noveles
1189 1950 1315 2008 libertini
1338 1949 1356 2005 3

238 2056 355 2114 ordinis
377 2055 407 2112 in
419 2054 520 2129 viginti
531 2065 559 2110 et
572 2054 700 2129 quinque
710 2072 801 2110 neves
814 2073 852 2111 cx
864 2055 976 2111 civibus
987 2053 1129 2112 Romanis
1141 2052 1175 2112 0.
1187 2054 1317 2114 Liciuius

240 2170 354 2237 praetor
368 2160 497 2217 scribere
507 2159 617 2226 iussus3
639 2159 669 2214 in
681 2159 809 2232 quinque
824 2168 853 2216 et
863 2157 966 2232 viginti
983 2176 1084 2232 penem
1095 2176 1248 2216 numerum
1262 2158 1317 2218 Cn.

243 2265 374 2324 Sicinius
404 2263 490 2320 sociis
519 2263 690 2337 imperaret-3
724 2263 801 2320 idem
829 2272 938 2337 pretor
968 2262 1097 2336 peditum
1121 2262 1201 2320 VIII
1228 2262 1317 2332 milio,

240 2368 350 2428 0000
371 2371 475 2442 equites
502 2368 540 2424 eb
566 2367 653 2424 sociis
677 2367 773 2424 Letini
801 2367 927 2423 nominis
948 2367 1086 2440 exigeret.
1134 2366 1222 2424 Hunc
1243 2367 1318 2424 mili-
1341 2367 1359 2420 t

243 2483 305 2531 tem
330 2473 381 2548 qui
404 2471 542 2530 Brundisi
564 2471 709 2546 occiperet
731 2471 827 2544 edque
847 2470 878 2526 iu
895 2469 1101 2528 Macedoniarn
1123 2469 1257 2541 mitteret,
1279 2473 1319 2528 A.

245 2577 360 2638 Atilius
381 2576 535 2647 Ser-renus,
558 2577 608 2650 qui
629 2577 727 2650 priore
748 2593 825 2631 enno
850 2572 1076 2648 praetorfueret,
1097 2573 1239 2650 deligitur.
1263 2573 1318 2633 Cn.
1343 2576 1360 2628 5

244 2683 377 2744 Sicinius
399 2690 507 2757 prsetor
527 2690 559 2738 ut
579 2680 737 2737 exercitum
762 2689 898 2754 peretum
922 2679 960 2735 ed
978 2678 1178 2737 treiiciendum
1190 2680 1321 2751 heberet,

245 2788 284 2846 0.
307 2787 427 2862 Popilio
453 2786 565 2844 consuli
590 2804 627 2842 ex
659 2784 833 2841 auctoritate
861 2791 980 2840 senatus
1002 2781 1036 2842 0.
1057 2782 1186 2842 Licinius
1214 2793 1323 2860 pretor

245 2893 369 2963 scribit,
402 2900 434 2948 ut
456 2899 485 2946 et
505 2890 648 2964 legionem
672 2888 848 2958 secundem,
881 2907 947 2963 que
973 2906 1110 2946 maxume
1131 2897 1272 2946 veteteno
1292 2890 1321 2946 iu

216 3012 221 3018 ’
248 2997 411 3074 Liguribus
434 3003 505 3065 met,
541 3003 571 3050 et
592 3013 608 3051 e
629 2992 717 3050 sociis
737 2992 836 3049 Letioi
869 2993 994 3050 nominis
1012 2993 1058 3050 1v
1081 2992 1162 3066 inilia
1182 2993 1324 3068 peditum,

249 3101 303 3162 00
330 3102 443 3175 equites
470 3098 566 3155 idibus
598 3096 766 3162 Februariis
797 3097 934 3154 Brundisi
962 3097 1064 3154 edesse
1088 3093 1211 3154 iuberet.
1257 3097 1365 3157 Hecb

249 3209 348 3266 clesse
379 3213 409 3261 et
438 3205 494 3260 hoc
523 3200 652 3258 exercito
681 3199 734 3259 οιι.
756 3200 882 3260 Sicinius
915 3200 1095 3276 provinciam
1118 3200 1323 3258 Macedonium
1425 3235 1427 3238 -

249 3312 395 3387 optinere,
421 3309 513 3366 donec
533 3324 685 3364 successor
705 3307 831 3378 veniret,
855 3306 960 3377 iussus,
982 3311 1143 3381 prorogato
1163 3305 1194 3361 in
1216 3321 1324 3362 sonum

253 3463 491 3478 ‚stm-

253 3517 355 3566 4fides
380 3515 463 3564 socios
483 3511 538 3576 My.
558 3510 614 3560 Em·
634 3508 698 3558 522.
726 3507 813 3573 (Grpe
833 3508 912 3567 tides,
944 3509 1013 3558 solos
1031 3507 1160 3566 Rhodios)
1175 3507 1180 3569 Ι
1196 3506 1327 3556 fluctuatis

252 3610 268 3652 5
289 3601 395 3652 consilis
443 3600 469 3659 9,
495 3604 506 3646 l
532 3596 588 3646 rodi
633 3601 648 3644 ³
673 3595 706 3644 iis
734 3609 785 3643 non
811 3596 837 3643 ui
864 3595 982 3643 consules
1012 3591 1077 3658 Me,
1111 3591 1203 3644 Valles
1231 3591 1326 3656 (Grpe.

252 3708 287 3755 iis
307 3705 471 3767 deri,quu1u
488 3700 550 3749 novi
568 3698 703 3758 consules)
750 3696 866 3756 XXVII,
895 3698 919 3756 l,
939 3703 954 3746 2
977 3680 1219 3761 quinqueremicbus
1239 3695 1328 3745 asub·

252 3793 315 3841 ditis
342 3790 368 3850 2,
380 3795 395 3837 2
406 3791 432 3837 iu
450 3787 557 3836 siciliam
574 3799 653 3833 nenos
666 3798 746 3834 essem
774 3783 800 3842 3,
813 3788 825 3831 l
839 3782 925 3832 liberti
945 3782 1038 3845 (Koch.
1058 3783 1163 3832 navales
1183 3797 1216 3832 ex
1230 3781 1330 3832 civibus

255 3876 381 3928 Romanis
398 3873 513 3924 libertini
523 3872 620 3921 ordinis
630 3897 660 3906 -
671 3883 751 3919 neres
759 3869 788 3918 0.
795 3868 919 3929 Licinius,
938 3867 991 3918 coll.
1000 3866 1194 3932 XL111,12,9)
1214 3873 1229 3916 2
1242 3867 1331 3916 licinio

257 3989 273 4030 4
293 3981 412 4046 peditum
432 3962 554 4027 vTucccc.
566 3989 596 4023 ec
606 3975 683 4024 sociis
694 3971 785 4038 (Grpe.
797 3972 890 4036 ssoc.)
909 3971 961 4032 4,2
981 3978 1116 4035 acceperet
1134 3977 1149 4020 ³
1169 3984 1277 4022 screnus
1306 3968 1332 4029 b,

257 4092 273 4134 2
292 4065 332 4149 pr.
352 4083 398 4146 qui
416 4089 445 4130 ut
462 4078 601 4129 exercitum
621 4074 738 4140 Kreysm
765 4074 841 4140 Gryn.
861 4091 907 4124 om.
928 4085 957 4123 ut
975 4071 1049 4134 (Noe
1067 4081 1128 4122 recte
1147 4069 1177 4120 de
1196 4070 1246 4121 Μ.
1267 4067 1334 4120 isdi-

257 4165 642 4229 castum.523)1pnrancum
680 4168 694 4210 5
715 4167 742 4210 et
759 4163 824 4210 socis
843 4160 899 4226 My.
912 4159 968 4210 Em.
982 4158 1038 4209 523
1058 4156 1151 4224 (Grpe.
1172 4163 1198 4207 et
1216 4156 1332 4222 serino(

261 4256 319 4322 uir
345 4271 461 4335 peditum
481 4278 530 4320 ‚ce
550 4267 649 4329 equites
669 4264 757 4313 cidit.
769 4263 820 4313 leb.
834 4261 838 4326 Ι
850 4264 941 4314 edesse
959 4264 1008 4311 hec
1027 4263 1113 4311 classe
1130 4259 1230 4309 luberet
1248 4265 1274 4309 et
1285 4257 1337 4309 boc

287 4369 363 4407 Livius
379 4376 407 4404 ex
421 4374 463 4402 rec.
478 4362 588 4409 muru.
621 4361 670 4400 Vll.
1107 4356 1121 4400 5
