3475 5084
526 530 604 579 Liber
620 531 704 581 XLV.
716 560 719 565 -
731 524 740 541 '
753 531 800 595 (Δ.
822 528 883 580 cnr.
906 532 977 595 167.)
1188 534 1248 591 253

675 654 684 687 l

221 730 282 769 cum
307 712 405 770 omnis
426 716 550 789 generis,
572 716 624 790 qui
642 716 782 782 ludicram
799 726 890 773 artem
906 715 1061 785 faciebant,
1081 734 1117 772 ex
1136 724 1197 773 toto
1218 718 1288 775 orbe

220 826 365 875 terrarum
396 820 549 877 multitudo
576 832 605 878 et
632 823 806 879 athletarum
835 831 864 878 et
891 821 1031 877 nobilium
1053 834 1194 896 equorum
1216 836 1287 880 eon-

219 923 306 993 venit,
340 933 371 980 et
400 925 561 1000 legationes
590 944 653 984 cum
684 927 808 983 victimis
838 937 867 983 et
896 926 1032 1001 quicquid
1063 926 1141 983 aliud
1167 927 1286 983 deorum

217 1029 429 1103 hominumque
458 1048 547 1088 causa
575 1033 637 1089 fieri
667 1035 780 1108 magnis
806 1032 881 1089 ludis
905 1033 935 1089 in
963 1030 1079 1090 Graecis
1108 1031 1190 1088 solet.
1240 1034 1287 1089 Ita
1313 1037 1348 1091 10

216 1132 325 1189 factum
352 1144 405 1202 est,
422 1146 456 1191 ut
476 1153 535 1193 non
557 1138 800 1213 magnificentiam
821 1146 950 1203 tantum,
974 1137 1030 1192 sed
1053 1136 1234 1211 prudentiam
1257 1138 1287 1194 in

217 1239 322 1295 dandis
348 1241 530 1315 spectaculis,
554 1244 591 1299 ad
613 1263 677 1317 quoe
698 1244 784 1300 rudes
805 1253 866 1299 tum
892 1241 1017 1300 Romani
1038 1251 1135 1311 erant,
1157 1243 1287 1299 admira·

216 1355 326 1405 rentur.
379 1346 483 1420 Epulas
512 1366 629 1422 quoque
658 1349 852 1425 legationibus
880 1358 991 1423 paratae
1022 1355 1051 1403 et
1080 1347 1227 1422 opulentia
1254 1357 1283 1405 et
1308 1353 1341 1408 ll

216 1437 284 1505 cura
308 1451 426 1512 eadem.
469 1452 566 1528 Vulgo
589 1454 695 1511 dictum
718 1454 808 1530 ipsius
830 1453 980 1521 ferebant,
1002 1462 1031 1508 et
1053 1451 1217 1509 convivium
1241 1454 1284 1509 in-

216 1562 329 1611 struere
352 1566 381 1611 et
402 1557 487 1613 ludos
509 1577 614 1633 parare
636 1560 762 1616 eiusdem
786 1576 858 1628 esse,
882 1559 930 1631 qui
953 1558 1068 1614 vincere
1092 1558 1167 1613 bello
1189 1558 1283 1615 sciret.

298 1662 392 1718 Edito
418 1663 530 1720 ludicro
565 1665 658 1721 omnis
682 1665 796 1739 generis
825 1663 992 1738 clupeisque
1023 1664 1163 1720 aereis‘in
1194 1682 1283 1721 naves
1326 1661 1366 1731 33

215 1763 367 1839 inpositis,
397 1779 494 1825 cetera
521 1770 615 1826 omnis
642 1770 756 1844 generis
778 1786 876 1837 arma,
908 1767 1056 1823 cumulata
1082 1770 1109 1822 in
1138 1768 1282 1842 ingentem
1306 1771 1324 1826 2

215 1887 379 1942 acervum,1
400 1884 536 1948 precatus
558 1874 698 1941 Martem,
726 1874 888 1930 Minervam
923 1874 1074 1945 Luamque
1106 1884 1227 1930 matrem
1255 1883 1284 1931 et

217 1988 327 2034 ceteros
352 1979 433 2051 deos,
455 1981 559 2053 quibus
582 1981 677 2055 spolia
697 1980 823 2036 hostium
846 1978 944 2034 dicere
961 1978 1006 2034 ius
1021 1977 1125 2051 fasque
1147 1988 1198 2049 est,
1220 1979 1283 2053 ipse

214 2079 378 2155 imperator
398 2084 465 2140 face
485 2085 602 2140 subdita
622 2086 785 2152 succendit3
810 2084 914 2140 deinde
936 2084 1153 2141 circumstantes
1175 2086 1283 2143 tribuni
1321 2102 1345 2121 v·

216 2186 337 2243 militum
362 2208 416 2262 pro
438 2206 470 2245 se
492 2191 614 2264 quisque
637 2191 719 2265 ignes
740 2190 932 2246 coniecerunt.
981 2190 1094 2246 Notata
1104 2176 1159 2246 =est
1180 2190 1209 2246 in
1231 2190 1280 2247 illo
1304 2193 1322 2248 3

215 2304 360 2349 conventu
381 2294 509 2369 Europae
532 2296 684 2370 Asiaeque,
712 2295 838 2369 undique
859 2295 965 2369 partim
989 2296 1026 2351 ad
1048 2295 1281 2368 gratulationem,

215 2398 318 2467 partim
345 2399 382 2454 ad
404 2402 600 2474 spectaculum
624 2412 773 2458 contracta
796 2400 990 2469 multitudine,
1021 2400 1108 2455 tantis
1127 2401 1280 2458 navalibus

216 2503 460 2578 terrestribusque
481 2507 664 2576 exercitibus,
687 2526 722 2563 ea
740 2506 825 2580 copia
848 2524 954 2574 rerum,
976 2522 1012 2561 ee
1033 2504 1128 2561 vilitas
1151 2524 1282 2575 annonae,

216 2615 246 2660 ut
271 2617 300 2663 et
331 2607 454 2683 privatis
485 2621 524 2667 et*
541 2612 705 2668 civitatibus
734 2621 763 2668 et
792 2612 925 2686 gentibus
953 2610 1031 2667 dona
1052 2610 1122 2666 data
1143 2611 1282 2685 pleraque
1305 2616 1322 2669 4
1406 2630 1409 2636 ·

217 2709 274 2767 eius
296 2715 414 2788 generis
436 2716 493 2771 sint
515 2718 552 2773 ab
573 2716 759 2790 imperatore,
781 2736 839 2773 non
853 2717 883 2772 ib
900 2734 982 2772 usum
999 2716 1086 2771 modo
1101 2728 1280 2790 presentem,

217 2817 264 2871 sed
294 2819 386 2874 etiam
416 2838 481 2894 quse
513 2820 617 2877 domos
649 2824 814 2879 eveherent.
860 2820 1033 2895 Spectaculo
1059 2819 1115 2877 fuit
1144 2822 1185 2893 ei,
1218 2840 1282 2895 quae
1305 2827 1322 2881 5

217 2932 353 2992 venerat,
375 2927 467 2981 turbae
488 2946 546 2983 non
567 2930 719 2984 scaenicum
743 2928 839 3001 magis
856 2927 1016 2997 ludicrum,
1043 2946 1101 2983 non
1124 2928 1283 2985 certamina

216 3023 364 3083 hominnm
399 3042 450 3088 aut
481 3034 624 3089 curricula
656 3049 812 3106 equorum,
845 3050 933 3106 quam
964 3032 1064 3106 praeda
1090 3033 1281 3089 Macedonica

218 3132 317 3203 omnis,
342 3142 374 3188 ut
395 3136 545 3205 viseretur,
567 3138 711 3210 exposita,
732 3148 893 3194 statuarum
917 3139 1140 3210 tabularumque
1154 3140 1180 3193 el
1195 3137 1281 3193 texti·

217 3232 281 3291 llum
305 3248 336 3294 et
357 3256 494 3297 vasorum
517 3260 554 3297 ex
577 3262 649 3298 auro
671 3251 700 3299 et
714 3254 836 3317 argento
859 3254 888 3299 et
909 3261 965 3299 aere
987 3252 1016 3298 et
1033 3242 1121 3297 ebore
1134 3240 1278 3297 factorum

217 3336 323 3413 ingenti
346 3362 416 3400 eura
437 3347 466 3403 in
491 3366 527 3403 ea
548 3348 639 3422 regia,
661 3357 693 3404 ut
714 3367 773 3403 non
794 3348 824 3403 in
845 3358 1013 3421 praesentem
1038 3345 1125 3401 modo
1144 3344 1277 3418 speciem,
1300 3346 1318 3400 6

217 3447 350 3515 qualibus
376 3449 484 3508 referta
512 3453 595 3527 regia
621 3452 816 3510 Alexandreae
851 3462 929 3521 erat,
962 3451 1012 3507 sed
1045 3450 1074 3506 in
1110 3459 1278 3523 perpetuum

218 3566 295 3609 usum
322 3556 434 3614 fierent.
483 3558 570 3629 Hac,
597 3558 627 3615 in
654 3559 777 3616 classem
797 3556 934 3637 inposita,
964 3554 1132 3612 devehenda
1153 3554 1278 3611 Romam
1302 3555 1318 3608 ‘l

218 3652 267 3716 Cu.
290 3658 417 3717 Octavio
445 3661 524 3719 data.

218 3769 447 3785 x——u

218 3820 399 3880 9,3terrurum
410 3828 493 3875 omnis
503 3822 791 3889 multitudoloequorum
828 3824 970 3873 4uectimis
1006 3822 1090 3872 sueri
1117 3821 1280 3884 10‚3edque

218 3912 283 3961 rudis
301 3928 360 3962 eum
397 3913 464 3972 ll,l
484 3914 573 3977 aepulae
588 3912 593 3975 Ι
609 3912 746 3976 opulentiae
764 3926 827 3960 cura
844 3911 936 3959 eodem
964 3910 1105 3959 Sseiereut
1150 3907 1278 3966 XXXIII,

218 3996 261 4056 l,2
271 4003 397 4069 inpositos
424 4002 450 4065 2,
463 4006 473 4048 1
487 4000 756 4059 cumulatsingentem
766 3996 835 4058 (Em.
850 3996 901 4045 614
911 4000 947 4059 a.)
968 4004 981 4045 2
993 4008 1117 4061 praecstus
1125 3996 1130 4061 Ι
1139 3998 1278 4059 lunamque

224 4082 342 4138 Turnebus
387 4089 554 4153 Sipeeimp,
574 4087 632 4150 (uic)
677 4084 702 4144 4,
725 4091 740 4133 3
760 4084 828 4147 quod
848 4085 938 4134 domos
958 4084 1013 4149 Mg.
1032 4084 1087 4134 Em.
1111 4082 1163 4133 613
1218 4082 1278 4139 Μ

219 4168 307 4224 Duker.
337 4183 494 4224 convenerat
561 4179 577 4222 4
605 4173 800 4233 tabularumque
828 4171 945 4219 extilium
974 4171 1028 4235 My.
1063 4171 1152 4235 (Gryn.
1177 4168 1279 4217 tabula·

219 4271 320 4323 rumque
339 4262 477 4321 textilium)
525 4262 630 4324 aregio
672 4258 697 4317 6,
718 4263 729 4324 l
754 4258 920 4320 inpraesenti
948 4254 1103 4306 scribendum
1120 4256 1228 4306 uidetur:
1251 4259 1280 4301 ut

220 4354 271 4404 qua
287 4362 340 4397 non
357 4348 384 4396 in
401 4362 440 4411 pr.
484 4346 532 4408 7‚1
554 4345 730 4398 deuehendum
767 4348 782 4391 2
800 4344 886 4393 datum
