3475 5084
541 548 618 596 msa
635 548 719 601 ην.
749 550 869 611 (nour.
892 554 962 615 ros.)
1184 550 1239 611 241

224 730 354 788 nuntiare
375 734 510 790 Rhodum
534 734 709 809 legationem
738 727 861 811 placuit,
899 738 1005 812 partim
1034 754 1099 795 cum
1122 738 1286 813 Astymede
1344 756 1347 761 ’

223 837 324 893 Roma
342 838 508 907 subsistere,
531 842 588 913 qui,
611 858 676 914 quas
690 850 853 916 agerentur,
877 843 981 899 scirent
997 842 1192 916 certioresque
1215 860 1284 898 suos

222 940 357 998 facerent.
416 942 451 999 In
471 946 625 1018 prasentia
646 946 789 1003 deducere
813 956 881 1003 ante
904 956 1012 1004 certam
1036 948 1111 1003 diem
1134 966 1170 1003 ex
1194 948 1285 1021 Lycia
1309 956 1325 1008 6

222 1044 368 1119 Cariaque
390 1046 536 1105 iusserunt
557 1050 718 1125 prefectos.
768 1040 842 1109 Hac
863 1053 1000 1109 Rhodum
1025 1051 1198 1120 renuntiata,
1222 1068 1286 1124 quae

220 1169 270 1224 per
291 1169 324 1206 se
348 1147 443 1208 tristia
464 1153 600 1227 fuissent,
633 1156 702 1231 quia
731 1157 851 1213 maioris
874 1158 943 1213 mali
967 1157 1079 1213 levatus
1102 1164 1165 1211 erat
1188 1155 1284 1224 timor,

221 1270 281 1311 cum
317 1256 423 1312 bellum
454 1258 631 1331 timuissent,
664 1262 694 1317 in
723 1262 860 1336 gaudium
893 1272 1050 1321 verterunt.
1108 1260 1213 1332 ltaque
1235 1278 1284 1315 ex·
1309 1265 1325 1318 7

219 1361 328 1436 templo
352 1378 490 1418 coronam
513 1364 576 1420 XX
599 1364 709 1422 milium
732 1383 885 1423 aureorum
909 1368 1113 1434 decreverunt3
1150 1365 1285 1421 Theaete-

219 1475 286 1534 tum,
312 1464 480 1540 praefectum
504 1469 620 1540 elassis,
644 1470 674 1526 in
696 1490 761 1527 eam
782 1472 956 1547 legationem
978 1472 1136 1527 miserunt·
1183 1469 1285 1527 Socie-

218 1580 304 1627 tatem
331 1572 370 1627 ab
391 1573 533 1632 Romania
555 1575 596 1631 ita
617 1566 756 1632 volebant
777 1578 853 1651 peti,
875 1586 906 1633 ut
927 1577 1036 1633 nullum
1061 1576 1097 1631 de
1119 1594 1154 1631 ea
1176 1595 1207 1631 re
1229 1576 1284 1632 sci-

218 1683 276 1731 tum
299 1676 403 1751 populi
425 1679 507 1735 fieret
528 1689 579 1737 aut
600 1672 702 1738 litteris
725 1681 927 1758 mandaretur,
949 1680 1122 1755 quod,·nisi
1145 1681 1283 1755 impetra·

218 1789 288 1850 rent,
311 1782 409 1838 maior
427 1784 551 1858 repulsas
571 1786 731 1860 ignominia
753 1797 840 1847 esset·
882 1786 1016 1843 Praefecti
1039 1786 1140 1841 classis
1155 1786 1185 1841 id
1199 1776 1284 1841 unius
1307 1783 1325 1839 8

218 1895 278 1941 erat
298 1886 358 1956 ius,
379 1896 412 1943 ut
434 1906 522 1965 agere
544 1891 637 1949 daea
657 1910 690 1949 re
710 1869 1018 1968 sinerogation'eulla
1041 1891 1154 1966 perlata
1176 1902 1284 1965 posset.

217 1992 293 2048 Nam
312 1993 360 2063 ¹ita
382 2004 436 2068 per
457 2003 501 2050 tot
522 2009 615 2053 annos
637 1997 668 2053 in
690 1991 817 2054 amicitia
838 1996 972 2066 fuerant,
1003 2007 1035 2053 ut
1053 1996 1154 2053 sociali
1176 1994 1285 2053 foedere
1307 1994 1324 2049 9

217 2114 246 2153 sc
275 2116 344 2155 cum
372 2075 514 2162 Romanis
542 2118 601 2157 nou
632 2102 802 2177 inligarent,
841 2104 881 2159 ob
903 2103 1011 2158 nullam
1034 2102 1122 2158 aliam
1155 2120 1284 2170 causam,

218 2220 303 2275 quam
328 2222 365 2260 ne
386 2222 467 2279 spem
496 2201 614 2279 regibus
643 2207 824 2263 absciderent
856 2208 957 2264 auxilii
986 2208 1047 2277 sui,
1083 2208 1108 2263 si
1137 2207 1183 2262 cui
1210 2224 1283 2281 opus

216 2318 309 2377 osset,
342 2328 398 2366 neu
426 2310 480 2367 sibi
508 2310 580 2385 ipsis
601 2310 712 2368 fructus
734 2332 770 2369 ex
794 2313 972 2387 benignitate
993 2322 1022 2369 et
1043 2312 1160 2368 fortuna
1183 2330 1282 2367 eorum

215 2414 402 2488 percipiendi.
446 2415 531 2471 Tunc
551 2416 651 2491 utique
673 2417 799 2491 peteuda
814 2418 939 2473 societas
954 2414 1117 2485 videbatur,
1138 2432 1197 2470 non
1220 2432 1284 2488 quae
1310 2422 1344 2475 10

215 2519 337 2574 tutiores
369 2535 421 2575 eos
453 2521 491 2577 ab
520 2522 585 2578 aliis
613 2520 724 2578 faceret
756 2524 822 2594 (nec
846 2522 921 2578 enim
945 2522 1084 2579 timebant
1106 2538 1282 2594 quemquam

215 2633 322 2696 praeter
342 2626 526 2698 Romanoa),
564 2628 615 2683 sed
647 2645 712 2701 quas
739 2628 809 2701 ipsis
831 2626 973 2684 Romanis
1002 2628 1096 2683 minus
1124 2638 1282 2699 suspectos.

216 2728 275 2787 Sub
305 2729 383 2785 idem
410 2728 472 2787 iere
503 2740 618 2806 tempus
640 2740 668 2788 et
691 2731 795 2789 Caunii
818 2733 966 2789 descivere
991 2733 1027 2788 ab
1053 2733 1104 2801 iia,
1138 2742 1166 2787 et
1188 2730 1282 2806 Myla—
1308 2736 1341 2789 11

215 2850 314 2891 aenaea
337 2835 562 2892 Euromensium
585 2838 693 2912 oppida
714 2842 903 2913 occuparunt.
946 2838 1072 2895 Non‘ita
1086 2837 1171 2893 fracti
1194 2837 1281 2893 animi
1307 2840 1342 2895 1¹2

215 2939 341 2996 civitatis
363 2949 462 3010 erant,
499 2950 610 2998 utnon
632 2943 789 3015 sentirent,
818 2943 843 2999 si
865 2941 958 3017 Lycia
980 2950 1008 2997 et
1030 2940 1118 2999 Casia
1140 2930 1282 3015 ademptae

215 3045 251 3101 ab
272 3045 416 3102 Romanis
441 3046 556 3117 forent,
592 3058 689 3105 cetera
711 3057 762 3103 aut
782 3066 813 3104 se
833 3047 899 3121 ipsa
921 3066 974 3121 per
998 3046 1188 3103 defectionem
1211 3047 1281 3103 libe·

214 3160 314 3205 rarent
336 3159 386 3207 aut
411 3171 429 3208 a
450 3152 588 3209 finitumis
611 3161 838 3226 occuparentur,
871 3152 978 3208 includi
1006 3170 1037 3208 se
1059 3152 1160 3207 insulae
1182 3170 1281 3225 parvae

214 3262 242 3309 et
261 3254 370 3312 sterilis
392 3256 456 3331 agri
487 3256 636 3329 litoribus,
674 3274 738 3331 quae
759 3275 950 3330 nequaquam
981 3256 1059 3313 alere
1086 3266 1174 3312 tantae
1203 3256 1280 3311 urbis

214 3559 318 3625 thyn.
340 3567 439 3623 partem
476 3562 491 3605 3
509 3556 642 3607 substitere
662 3556 751 3622 (Grpe.
770 3555 922 3623 subsistere)
942 3570 997 3618 quae
1016 3562 1154 3618 agerentur
1175 3554 1248 3606 Gron.
1274 3554 1278 3622 Ι

213 3648 289 3695 sciret
302 3645 440 3695 -iaceret
451 3642 526 3694 Grdn.
563 3642 588 3703 6,
607 3650 622 3692 2
641 3643 682 3693 De
695 3644 718 3694 Ιι.
731 3643 747 3693 1.
768 3642 926 3707 (praefectos)
946 3644 991 3707 csr.
1010 3642 1066 3692 Em.
1089 3640 1280 3705 contrusam
1330 3641 1334 3649 “

215 3732 357 3798 {nuntiata
376 3730 433 3795 My.
448 3739 453 3794 Ι
469 3744 526 3793 quae
551 3744 642 3793 perses
659 3731 763 3779 tristitia
806 3731 918 3779 utimar
937 3731 1031 3778 circum
1080 3730 1141 3777 tin
1159 3732 1280 3791 gaudium

213 3820 361 3869 renuntiata
376 3824 510 3866 uerterunt
530 3816 585 3880 My.
598 3816 654 3865 Em.
672 3814 726 3865 604
745 3814 790 3880 (H.
811 3818 1070 3873 renuntiauerieruut)
1106 3814 1130 3874 7,
1158 3822 1172 3864 2
1199 3816 1279 3865 milib.

216 3905 332 3957 Gruterus
349 3905 448 3969 (Polyb.
474 3900 574 3963 XXX,
593 3904 610 3951 6
628 3899 686 3954 ἀπὸ
704 3902 811 3968 μυρίων
828 3903 949 3968 χρυσῶν)
973 3901 977 3967 Ι
997 3902 1146 3951 theodotum
1168 3902 1248 3951 Ursis.
1268 3918 1281 3949 e

212 3978 316 4058 Polybio
351 3990 513 4054 aprafectis
543 3990 873 4053 tmaiorapulsaisuomina
886 3988 1009 4053 M9.Em.
1024 3987 1079 4037 605
1092 3988 1184 4053 (Gryn.
1200 3990 1281 4037 maior

212 4079 321 4145 repulsis
338 4077 496 4140 ignominie)
530 4076 556 4135 8,
576 4080 591 4123 2
610 4083 700 4137 ageret
715 4078 720 4139 Ι
734 4085 840 4141 possent
866 4076 892 4134 9,
913 4081 924 4123 l
946 4089 1036 4123 amnes
1051 4076 1077 4122 iu
1097 4076 1236 4122 amicitiam
1264 4080 1279 4123 3

213 4168 233 4216 si
258 4167 327 4230 quod
353 4165 381 4213 id
405 4178 469 4227 opus
495 4162 553 4223 (boc
571 4170 606 4211 est
622 4162 697 4224 quoi)
746 4162 927 4225 5perficiendi
973 4161 1016 4221 11,
1038 4166 1049 4208 l
1072 4161 1166 4222 cauni!
1189 4160 1221 4207 ab
1241 4160 1281 4208 his

213 4252 268 4317 My.
291 4251 295 4316 Ι
316 4251 480 4301 milassenses
525 4248 566 4309 12,
586 4255 601 4297 2
619 4257 649 4298 ut
666 4264 725 4299 cum
744 4250 868 4299 sentirent
913 4248 991 4311 equi
1010 4260 1172 4310 nequaquam
1188 4247 1193 4312 Ι
1209 4255 1280 4297 tante
1350 4302 1354 4309 Ι

238 4353 527 4400 munumentum
555 4350 602 4391 vn.
1048 4336 1080 4380 1⁶
1103 4388 1110 4401 ,
