3475 5084
486 523 549 583 244
755 523 834 573 Liber
850 522 935 573 XLV.
976 525 1026 587 (Δ.
1046 538 1071 573 a.
1092 538 1114 574 c.
1137 528 1211 586 587.)

444 702 542 769 Unam
572 726 637 765 eam
665 702 748 777 iecit,
787 727 852 783 qua
880 726 970 784 snpra
998 710 1093 767 Issam
1116 718 1177 778 est,
1217 710 1339 767 alteram
1361 709 1491 767 Labeatas

445 830 563 885 omnes,
584 814 699 871 tertiam
722 814 924 889 Agrauonitas
947 822 976 871 et
998 814 1168 873 Rhizonitas
1191 824 1219 872 et
1241 813 1400 872 Olciniatas
1420 832 1493 871 acco·

364 944 367 948 ·
443 918 545 993 lacque
566 938 675 977 eorum.
724 919 790 976 Hac
810 918 938 976 formula
960 917 1098 996 dicta[in]
1121 914 1257 995 illyrico,
1287 908 1405 995 ipsein
1423 918 1495 993 Epiri

443 1026 640 1083 Passaronem
662 1025 693 1081 ln
715 1024 838 1081 hiberna
856 1024 950 1081 rediit.

358 1120 400 1190 27
526 1130 604 1187 Dum
634 1132 696 1187 hac
726 1130 758 1186 in
779 1129 898 1204 Illyrico
919 1137 1075 1204 geruntur,
1111 1129 1223 1187 Paulus
1257 1136 1325 1185 ente
1355 1128 1496 1183 adventurn

441 1234 540 1291 decern
561 1235 725 1311 legatorum
747 1235 784 1308 Q.
807 1234 970 1291 Maximum
995 1232 1103 1305 lilium,
1135 1234 1194 1289 iarn
1218 1234 1256 1290 ab
1279 1235 1378 1291 Roma
1398 1250 1496 1307 regres-

400 1342 523 1408 2sum,
562 1340 600 1397 ad
621 1340 773 1415 AEginium
807 1349 838 1397 et
857 1341 992 1414 Agassas
1019 1336 1197 1413 diripiendas
1224 1334 1328 1409 mittit,
1366 1340 1497 1411 Agassas,
1550 1372 1551 1381 η

441 1444 537 1519 quod,
573 1463 638 1503 curn
663 1445 777 1502 Marcio
806 1445 916 1501 consuli
945 1442 1131 1501 tradidissent
1153 1444 1269 1511 urbem,
1306 1442 1400 1517 petita
1432 1443 1499 1499 ultro

440 1550 579 1607 societate
602 1552 746 1621 Romana,
767 1549 935 1607 deiecerant
954 1566 1055 1606 rursus
1079 1550 1117 1605 ad
1139 1550 1268 1617 Persea;
1290 1546 1498 1621 AEginiensinm

308 1666 312 1674 ’
396 1656 417 1711 -3
440 1672 548 1712 novum
572 1656 679 1713 crimen
701 1663 773 1713 erat.
835 1656 936 1712 Famae
967 1652 1005 1710 de
1035 1654 1159 1711 victoris
1190 1654 1394 1711 Romanorum
1422 1652 1499 1709 fidem
1543 1698 1548 1711 .

438 1778 497 1815 non
519 1760 669 1830 habentes,
700 1760 730 1816 in
764 1761 907 1834 quosdam
930 1760 1050 1817 militum
1073 1759 1173 1816 urbem
1196 1759 1345 1833 ingressos
1367 1758 1500 1813 hostiliter

397 1870 416 1923 4
440 1864 602 1921 saevierant.
651 1864 700 1921 Ad
722 1865 880 1921 AEniorum
911 1882 1028 1939 quoque
1050 1866 1150 1921 urbem
1174 1861 1368 1939 diripiendam
1394 1864 1427 1921 L.
1446 1865 1501 1919 Po-

438 1968 574 2025 stumium
597 1968 689 2039 misit,
725 1969 805 2043 quod
831 1969 1007 2044 pertinacius
1037 1984 1124 2042 quam
1154 1970 1293 2026 finitumae
1322 1968 1455 2025 civitates
1475 1968 1500 2023 in

397 2069 526 2129 dormis
547 2072 672 2130 fuerant.
719 2075 879 2132 Auctomni
900 2075 962 2132 fere
994 2083 1108 2147 tempus
1140 2083 1218 2143 enat,
1254 2074 1336 2132 cuins
1368 2074 1500 2148 temporis
1552 2054 1553 2063 ἦ

436 2176 519 2235 initio
548 2179 585 2234 ad
614 2176 847 2235 circumeundam
871 2179 1017 2239 Graciam
1040 2177 1234 2252 visendaque,
1263 2196 1325 2253 quw
1353 2180 1500 2236 nobilitata

436 2281 518 2339 fama
539 2284 651 2340 maiora
681 2284 800 2341 auribus
831 2294 952 2358 accepta
979 2292 1063 2352 sunt,
1100 2300 1188 2356 quarn
1219 2283 1311 2340 oculis
1338 2294 1500 2353 noscuntur,

397 2385 479 2445 duri
501 2389 611 2449 statuit.
672 2388 835 2463 Proposito
865 2388 968 2446 castris
996 2386 1030 2445 0.
1054 2386 1183 2462 Sulpicio
1215 2388 1323 2459 Gallo,
1358 2390 1500 2465 proiectus

438 2510 502 2550 cnm
524 2496 596 2551 haut
616 2510 726 2567 magno
747 2493 903 2563 comitatu,
934 2490 1097 2567 tegentibus
1120 2494 1214 2550 latera
1235 2493 1375 2569 Scipione
1398 2496 1457 2553 filio
1479 2506 1501 2552 et

436 2599 591 2669 Athenaeo,
613 2598 752 2654 Eumenis
772 2598 850 2672 regis
871 2596 971 2666 fratre,
993 2614 1046 2672 per
1067 2599 1252 2655 Thessaliam
1267 2598 1405 2673 Delphos
1427 2602 1502 2676 petit,

396 2701 574 2776 'linolytum
597 2703 760 2772 oraculum3
785 2704 835 2760 ubi
856 2703 999 2759 sacrificio
1021 2703 1153 2777 Apollini
1174 2703 1269 2774 facto,
1301 2703 1502 2762 inchoatasin
1554 2770 1555 2785 χ

435 2806 579 2863 vestibulo
601 2807 767 2878 columnas,
789 2807 894 2882 quibus
915 2806 1069 2882 inposituri
1091 2817 1203 2864 statuas
1224 2807 1301 2883 regis
1318 2810 1424 2866 Persei
1445 2809 1502 2867 fue-

393 2908 411 2965 8
434 2920 509 2981 rant,
531 2910 591 2967 suis
614 2912 718 2969 statuis
739 2913 833 2969 victor
853 2912 1018 2969 destinavit.
1065 2910 1203 2970 Lebadiae
1225 2930 1344 2987 quoque
1366 2916 1502 2990 templum

434 3015 515 3073 Iovis
532 3014 696 3091 Trophonii
717 3017 798 3074 adiit.
846 3017 893 3074 Ibi
915 3033 979 3075 cum
1002 3016 1122 3075 vidisset
1145 3034 1178 3074 os
1200 3036 1320 3093 specus,
1347 3038 1404 3094 per
1429 3021 1503 3095 quod

433 3121 553 3179 oraculo
582 3132 694 3179 utentes
728 3123 905 3181 sciscitatum
937 3124 1007 3179 deos
1034 3123 1225 3192 descendunt,
1261 3124 1410 3182 sacrificio
1442 3126 1502 3184 Iovi

432 3226 654 3301 Hercynnaeque
674 3226 772 3298 facto,
808 3247 932 3303 quorum
954 3228 994 3286 ibi
1016 3228 1155 3303 templum
1178 3236 1238 3298 est,
1271 3226 1447 3289 Chalcidem
1469 3232 1502 3289 ad

431 3531 474 3591 15,
494 3539 509 3579 2
529 3532 719 3595 supradictam
739 3537 778 3580 est
797 3529 853 3595 Mq.
873 3529 930 3580 Em.
952 3528 1011 3579 ⁶06
1029 3528 1120 3595 (drys.
1140 3545 1217 3594 supra
1234 3531 1304 3580 dicta
1322 3531 1373 3597 est)
1411 3540 1430 3583 3
1451 3552 1503 3585 orn-

430 3620 474 3667 nia
492 3619 592 3666 tertiam
612 3625 777 3678 agrauomtas
795 3625 821 3665 et
838 3618 948 3667 rizonita
977 3614 981 3681 Ι
1010 3624 1036 3665 et
1055 3617 1209 3665 ulceratinos
1229 3616 1304 3667 Frob.
1318 3616 1357 3668 11.
1395 3621 1477 3672 ahoe
1498 3622 1500 3664 Ι

430 3704 567 3753 innotavit
584 3702 684 3768 Kreyss.
727 3704 865 3752 credituri
894 3704 958 3753 Ante
975 3703 1062 3751 autin
1080 3702 1186 3766 Epirum
1205 3700 1379 3755 Passaronem
1398 3719 1458 3765 urst,
1477 3711 1501 3757 ir

432 3791 525 3849 omaso,
535 3790 607 3853 Epiri
617 3787 1079 3853 Passaronem(Wsiss.)scnheadam.
1117 3789 1231 3851 XXVII,
1242 3790 1340 3848 1‚2sb
1352 3808 1460 3844 romam
1487 3802 1500 3843 ³

429 3885 455 3927 at
473 3892 558 3926 cassas
593 3876 619 3938 2,
636 3884 651 3925 2
670 3876 905 3942 consulelpetitam
942 3876 1144 3937 aragoniensium
1181 3876 1206 3937 3,
1223 3877 1316 3927 lia'me
1351 3878 1378 3938 4,
1400 3886 1413 3929 l
1439 3898 1501 3946 quo·

429 3978 479 4027 que
503 3963 632 4013 hostiliter
654 3964 745 4011 urbem
767 3960 867 4027 Kreyss.
916 3968 932 4010 9
957 3963 1112 4027 pertinaciut
1166 3962 1198 4023 5,
1223 3966 1238 4011 2
1264 3964 1297 4013 ad
1317 3982 1362 4015 om.
1393 3966 1475 4033 Gry»,
1495 3972 1498 4026 1

428 4049 614 4115 uisendamque
633 4049 742 4099 nobilita
756 4048 807 4111 (Η.
822 4045 926 4111 nostra)
963 4054 979 4097 e
999 4048 1093 4097 famam
1110 4051 1115 4110 1
1131 4050 1255 4099 rusiorum
1275 4050 1379 4116 Kraysr.
1402 4054 1499 4120 (atym

427 4137 520 4200 magis)
557 4143 621 4188 lut
636 4136 726 4185 statuit
743 4136 881 4199 praeposito
902 4132 1034 4215 MpwEm.
1057 4134 1114 4186 607
1159 4136 1185 4196 6,
1209 4142 1219 4184 l
1240 4138 1365 4201 sulpicius
1384 4141 1448 4201 galo
1484 4146 1498 4189 l

426 4230 472 4272 aut
486 4224 492 4284 1
507 4222 615 4285 scipioni
652 4228 667 4271 8
686 4222 796 4270 atheneo
812 4223 817 4283 1
832 4222 965 4271 tessaliarn
985 4222 1074 4285 delpos
1093 4222 1188 4286 petitn'r
1224 4222 1248 4283 7,
1268 4230 1283 4271 2
1302 4227 1387 4288 persei
1405 4236 1500 4291 potue·

426 4315 484 4357 rant
518 4308 545 4368 8,
568 4314 578 4356 l
599 4308 709 4357 leusdiae
746 4308 916 4371 strophonis
935 4304 1042 4372 Siporal
1057 4309 1113 4358 adit
1148 4309 1330 4361 lcalohidem
