3475 5084
613 561 670 611 Lib.
689 561 955 611 XXXII-XXXVI.
1229 566 1267 621 35

259 757 365 820 volebat,
384 757 548 822 liberatisque
560 758 648 819 Argis,
667 758 710 820 qni
729 759 776 808 sub
795 759 897 808 dicione
917 759 1016 823 tyranni
1035 767 1114 819 crant,
1131 760 1221 809 finivit.
1259 760 1310 811 Res

258 856 374 910 praeterea
399 851 426 898 in
449 851 573 915 Hispania
596 858 629 899 et·
643 851 765 901 adversus
784 852 863 901 Boios
891 860 917 899 et
942 850 1061 899 Insubres
1085 848 1175 901 Gallos
1202 851 1311 903 feliciter
1345 894 1347 901 Α

258 950 333 1002 gesta
351 942 502 993 referuntur.
542 944 651 994 Senatus
669 950 730 991 tunc
747 943 856 1006 primum
877 952 989 991 secretus
1003 958 1019 991 a
1031 920 1126 1007 populo
1144 945 1219 995 ludos
1238 960 1309 1010 spet-

257 1034 325 1082 tavit.
361 1033 396 1083 Id
412 1043 440 1083 ut
456 1035 536 1096 fieret,
564 1037 624 1086 Sex.
643 1035 728 1084 AElius
746 1035 831 1084 Paetus
856 1044 882 1082 et
901 1034 930 1084 C.
950 1033 1084 1085 Cornelius
1105 1036 1232 1100 Cethegus
1251 1052 1309 1087 een·

258 1140 325 1174 sores
343 1128 536 1178 intervenerunt
553 1143 610 1177 cnm
630 1128 806 1189 indignatione
824 1127 913 1191 plebis.
960 1126 1073 1177 colonia
1091 1129 1175 1191 plures
1194 1131 1309 1179 deducta

257 1227 320 1267 sunt.
357 1221 394 1269 M.
414 1221 521 1271 Porcius
542 1222 605 1270 Cato
635 1222 667 1270 de
685 1221 810 1283 Hispania
834 1220 1006 1283 triumphavit.
1044 1221 1075 1269 Τ.
1095 1220 1230 1280 Quinctius
1248 1222 1309 1271 Fla·

256 1300 371 1372 minium,
388 1314 431 1375 qui
440 1314 588 1379 Philippum
601 1314 770 1362 Macedonum
781 1327 867 1374 regem
883 1322 908 1361 et
919 1313 1046 1362 Nabidem
1059 1314 1308 1364 Lacedaemoniorum

256 1416 386 1466 tyrannum
406 1409 504 1456 vicerat
523 1407 698 1468 Graeciamque
717 1421 815 1454 omnem
834 1406 1000 1467 liberaverat,
1026 1407 1058 1455 ob
1082 1407 1146 1454 hanc
1164 1422 1246 1455 rerum
1265 1422 1309 1470 ge·
1346 1428 1349 1435 ’

256 1505 347 1548 starum
366 1498 554 1548 multitudinem
571 1498 655 1547 triduo
670 1499 839 1562 triumphavit
878 1499 968 1559 Legati
982 1499 1227 1561 Carthaginiensium
1244 1515 1308 1548 nun·

255 1590 378 1640 cieverunt
396 1591 583 1650 Hannibalem,
611 1591 654 1653 qni
673 1592 704 1639 ad
724 1591 883 1640 Antiochum
902 1590 1064 1653 confugerat,
1087 1592 1182 1640 bellum
1202 1607 1258 1641 cum
1278 1608 1308 1642 eo

254 1682 342 1732 moliri.
392 1685 545 1734 Tentaverat
586 1692 670 1732 autem
702 1682 832 1731 Hannibal
862 1697 908 1746 per
938 1684 1085 1731 Aristonem
1119 1685 1221 1747 Tyrium
1255 1687 1308 1734 sine

254 1774 340 1826 littaris
360 1776 544 1839 Carthaginem
564 1777 670 1825 missum
688 1776 720 1823 ad
740 1776 887 1823 bellandum
907 1775 1000 1825 Poenos
1019 1777 1155 1826 concitare.

647 1936 696 1985 EX
711 1931 777 1985 LlB.
798 1936 910 1985 XXXV.

320 2050 350 2101 P.
375 2051 461 2114 Scipio
481 2049 619 2100 Africanus
647 2052 747 2113 legatus
775 2054 807 2099 ad
831 2050 989 2100 Antiochum
1015 2050 1105 2099 missus
1131 2050 1225 2113 Ephesi
1251 2068 1307 2103 cum

252 2141 407 2203 Hannibale,
436 2146 478 2208 qui
504 2158 532 2192 ae
553 2143 682 2193 Antiocho
703 2145 871 2202 adiunxerat,
900 2144 1042 2192 collocutus
1066 2152 1118 2203 est,
1146 2153 1186 2202 ut,
1215 2147 1236 2194 si
1254 2146 1308 2195 lieri

251 2247 341 2298 posset,
360 2246 456 2286 metum
468 2239 501 2296 ei,
520 2252 593 2300 quem
608 2252 642 2284 cx
656 2237 751 2300 populo
760 2238 879 2286 Romano
893 2244 1052 2299 conceperat,
1072 2236 1201 2287 eximeret.
1238 2238 1309 2288 Inter

251 2328 300 2377 alia
329 2345 407 2393 quum
436 2339 572 2393 quaereret,
599 2344 674 2391 qnam
703 2329 782 2379 fuisse
805 2331 945 2377 maximum
974 2330 1150 2392 imperatorem
1178 2330 1308 2380 Hannibal

252 2424 369 2488 crederet,
389 2423 528 2487 respoudit,
549 2421 724 2470 Alexandrum
744 2422 915 2470 Macedonum
935 2436 1029 2483 regem,
1050 2422 1117 2483 quod
1136 2437 1212 2484 parva
1231 2439 1306 2472 manu

252 2510 448 2564 innumerabiles
476 2516 604 2564 exercitus
628 2514 735 2563 ludisset
762 2515 880 2577 qnodque
906 2514 1008 2562 ultimas
1035 2528 1104 2571 oras,
1136 2529 1199 2576 quas
1226 2516 1306 2565 visere

252 2619 325 2669 snpra
342 2621 415 2671 spem
435 2607 573 2655 humanam
593 2616 673 2664 esset,
693 2617 860 2668 peragrasset.
904 2605 1030 2665 Quaerenti
1049 2606 1151 2665 deinde,
1172 2621 1246 2670 quem
1267 2624 1306 2657 se-

251 2697 357 2747 cundum
377 2708 490 2762 poneret,
514 2699 671 2763 „Pyrrhum”
691 2701 786 2763 inquit3
805 2707 888 2747 castra
906 2698 993 2745 metari
1005 2698 1114 2761 primum
1128 2700 1253 2760 docuisse,
1273 2702 1306 2750 ad

251 2786 298 2836 hoc
314 2793 440 2839 neminem
454 2791 597 2853 elegantius
613 2792 670 2841 loca
684 2793 789 2856 cepisse,
808 2791 927 2855 praesidia
940 2790 1101 2851 disposuisse.
1139 2794 1305 2855 Exsequenti‚

252 2893 322 2940 quem
341 2883 443 2930 tertium
463 2884 567 2946 diceret,
587 2893 668 2934 semet
685 2886 768 2948 ipsum
788 2885 860 2931 dixit.
898 2882 993 2930 Ridens
1008 2882 1092 2944 Scipio
1115 2883 1259 2946 „Quidnam
1279 2895 1307 2935 tu

251 2971 351 3034 diceres,
365 2976 450 3024 sime’‘
471 2977 555 3039 inquit
570 2979 722 3039 „vicissesl”
743 2977 832 3040 „Tune
842 2990 902 3023 vero
915 2974 970 3023 mel
985 2976 1067 3035 inquit
1077 2979 1306 3035 „etanteAlexan·

251 3062 319 3113 drum
333 3077 358 3115 et
368 3077 427 3115 ante
437 3069 563 3132 Pyrrhum
583 3077 608 3117 et
626 3079 684 3117 ante
703 3069 768 3116 alios
786 3066 954 3131 posuissem.”
991 3065 1061 3114 Inter
1080 3078 1163 3117 cetera
1180 3071 1305 3133 prodigia,

250 3168 304 3215 quae
314 3159 424 3221 plurima
436 3161 515 3210 fuisse
526 3162 667 3218 traduntur,
686 3162 779 3209 bovem
796 3160 841 3207 Cn.
852 3158 960 3206 Domitii
980 3158 1034 3209 eos!
1052 3160 1177 3209 locutam:
1199 3162 1304 3223 „Roma

250 3263 308 3297 cave
334 3252 396 3300 tibi”
424 3253 545 3306 refertur.
591 3252 670 3302 Nabis
697 3253 949 3302 Lacedaemoniorum
977 3259 1098 3313 tyrannus
1126 3253 1245 3302 incitatus
1273 3255 1305 3304 ab

249 3339 350 3402 AEtolis‚
379 3345 422 3408 qui
441 3354 467 3392 et
484 3344 630 3409 Philippum
649 3354 675 3393 et
693 3347 850 3395 Antiochum
868 3346 900 3391 ad
920 3342 1077 3390 inserendum
1097 3344 1192 3393 bellum
1211 3348 1306 3411 populo

249 3432 363 3485 Romano
382 3437 569 3496 sollicitabant,
588 3454 604 3486 a
621 3439 717 3501 populo
735 3439 853 3487 Romano
872 3437 989 3493 descivit3
1018 3437 1075 3495 sed,
1095 3436 1163 3485 bello
1182 3439 1305 3489 adversus

248 3524 464 3592 Philopoemenem
482 3530 637 3579 Achaeorum
656 3541 787 3594 pratorem
811 3537 892 3590 gesto,
920 3529 952 3576 ab
970 3528 1064 3576 AEtelis
1083 3529 1230 3579 interiectus
1257 3541 1304 3582 est.

248 3616 328 3667 AEtoli
354 3637 455 3686 quoque
482 3625 514 3672 ab
543 3626 654 3673 amicitia
682 3623 768 3687 populi
792 3622 902 3671 Romani
926 3620 1082 3671 deiecerunt.
1120 3620 1184 3671 Cum
1211 3624 1240 3672 its
1264 3641 1306 3675 so·
1370 3633 1377 3642 '

249 3710 338 3761 cietate
368 3714 456 3763 iuncta
482 3717 626 3766 Antiochus
652 3716 732 3778 Syriae
758 3728 804 3761 rex
830 3714 925 3762 bellum
946 3712 1051 3763 Graeciae
1077 3714 1161 3761 intulit
1186 3723 1211 3764 et
1236 3732 1305 3765 com·

248 3802 331 3862 plures
359 3807 434 3856 urbes
462 3808 611 3870 occupavit,
645 3808 710 3856 inter
736 3821 799 3868 quas
828 3806 975 3855 Chalcidem
1006 3814 1031 3854 et
1067 3815 1146 3855 totam
1170 3807 1304 3860 Euboeam.

247 3890 297 3940 Res
320 3905 443 3958 praeterea
471 3901 498 3948 in
523 3899 661 3961 Liguribus
687 3908 774 3961 gestas
799 3907 825 3947 et
851 3907 1001 3963 apparatum
1031 3899 1092 3947 belli
1118 3900 1149 3947 ab
1174 3902 1307 3952 Antiocho

248 3988 366 4038 continet.

635 4060 684 4109 EX
702 4061 770 4111 LIB.
789 4061 914 4111 XXXVI.

317 4174 416 4222 Acilius
443 4174 550 4224 Glabrio
575 4191 626 4225 cos.
649 4176 805 4225 Antiochum
832 4178 866 4225 ad
891 4177 1078 4242 Thermopylas
1102 4176 1221 4243 Philippo
1246 4194 1305 4242 rege

237 4264 383 4315 'adiuvante
401 4267 496 4314 vietum
516 4266 614 4316 Graecia
636 4270 746 4333 expulit,
772 4269 890 4331 idemque
908 4268 1012 4319 AEtolos
1041 4269 1147 4331 subegit.
1190 4272 1219 4321 P.
1243 4271 1305 4321 Cor·

247 4356 328 4406 nelias
347 4359 432 4423 Scipio
451 4360 546 4408 Nasica
566 4376 620 4411 eos.
639 4361 718 4409 adem
739 4361 825 4409 matris
844 4361 936 4421 deum,
961 4376 1039 4423 quam
1061 4363 1115 4425 ipse
1134 4363 1160 4411 in
1178 4363 1308 4414 Palatium

1080 4462 1108 4503 3*
