3475 5084
440 440 479 496 28
864 434 993 484 Perioclrae

399 650 414 683 a
432 648 460 683 ss
474 634 575 683 ltaliam
590 634 764 683 iureiurando
783 635 1007 696 adstringerentar.
1051 634 1158 697 Propter
1176 634 1330 697 paucitatem
1350 634 1452 681 militnm

400 711 466 776 Vl—‘n
485 740 614 773 servorum
636 735 735 774 armata
757 736 823 776 sunt.
861 726 967 791 Captivi,
993 743 1070 791 quum
1093 734 1208 791 potestas
1227 734 1293 775 esset
1309 725 1454 787 redimendi,

318 819 323 828 ’
400 819 521 881 redempti
541 833 591 867 non
613 826 678 867 runt.
716 818 843 868 Praeterea
859 821 1053 883 trepidationem
1076 820 1146 867 urbis
1165 826 1191 867 et
1213 818 1309 865 luctum
1329 827 1354 865 et
1371 833 1411 867 res
1429 820 1455 867 in

399 910 524 975 Hispania
537 911 639 959 meliore
649 920 739 959 eventu
753 921 836 974 gestas
849 912 969 962 continet.
1007 910 1109 975 Opimia
1122 920 1147 959 et
1157 909 1291 959 Florentia
1297 904 1321 973 ¹)
1338 910 1457 959 Vestales

400 1004 510 1066 virgines
529 1003 617 1052 incesti
637 1004 764 1053 damnatae
783 1013 849 1054 sunt.
888 1004 999 1053 Varroni
1024 1004 1125 1053 ebriam
1148 1005 1212 1051 itum
1238 1011 1263 1050 et
1281 1004 1366 1065 gratiae
1385 1012 1457 1061 aeta,

400 1098 467 1160 qnod
489 1098 520 1147 de
539 1112 565 1146 re
583 1098 686 1160 publica
704 1113 755 1147 non
774 1099 941 1162 desperasset.
963 1100 966 1109 ¹

799 1260 849 1308 EX
867 1259 935 1309 LIB.
955 1256 1055 1307 xxm.

473 1372 595 1436 Campani
623 1373 656 1420 ad
682 1352 853 1422 Hannibalem
880 1372 1002 1423 defecere.
1047 1372 1157 1423 Nuntius
1184 1371 1326 1424 Cannensis
1349 1376 1462 1424 victoria

400 1463 480 1525 Mago
492 1463 674 1527 Carthaginem
693 1465 786 1514 missus
805 1466 896 1515 anulos
913 1480 1004 1515 aureos
1014 1467 1162 1531 corporibus
1176 1468 1317 1515 occisorum
1331 1468 1462 1517 detractos

401 1559 427 1605 in
446 1558 570 1607 vestibulo
595 1558 670 1605 curiae
694 1556 796 1617 effudit,
821 1574 886 1622 qnos
910 1559 1052 1607 excessisse
1073 1558 1150 1607 modii
1173 1574 1317 1608 mensnram
1342 1562 1460 1609 traditur.

399 1651 463 1700 Post
482 1667 559 1715 quem
577 1651 692 1699 nuntium
712 1652 817 1712 Hanno,
841 1653 880 1699 vir
898 1666 932 1699 ex
949 1650 1036 1699 Poenis
1053 1650 1194 1709 nobilibus,
1217 1653 1344 1701 suadebat
1361 1654 1461 1701 senatui

402 1743 662 1807 Carthaginiensium,
689 1754 717 1793 nt
741 1760 829 1809 pacem
853 1760 869 1793 a
893 1744 988 1808 populo
1007 1743 1123 1791 Romano
1142 1752 1271 1807 peterent,
1298 1759 1345 1793 nec
1369 1747 1462 1801 tenuit,

402 1838 563 1901 obstrepente
585 1837 696 1887 Barcina
721 1837 841 1888 factione.
883 1836 1006 1887 Claudius
1029 1834 1167 1883 Marcellus
1190 1844 1283 1899 praetor
1308 1838 1339 1883 ad
1358 1836 1462 1895 Nolam,

403 1932 533 1993 eruptione
557 1932 677 1979 adversus
701 1931 875 1980 Hannibalem
902 1946 933 1979 ex
959 1929 1053 1993 oppido
1077 1926 1158 1986 lacta,
1184 1942 1305 1992 prospere
1327 1930 1462 1991 pugnavit.

402 2021 544 2071 Casilinum
562 2039 577 2071 a
595 2023 681 2071 Poenis
700 2024 832 2072 obsessum
850 2025 886 2071 ita
906 2022 974 2070 inme
991 2031 1111 2070 vexatum
1131 2029 1182 2080 est,
1213 2032 1241 2070 ut
1263 2022 1319 2069 lora
1338 2031 1365 2069 ct
1381 2023 1463 2086 pelles

401 2116 478 2165 scutis
505 2116 633 2164 detractas
659 2124 685 2164 et
712 2132 794 2165 mures
823 2115 916 2164 inclusi
939 2123 1023 2164 essent
1051 2123 1073 2163 et
1099 2115 1208 2163 nucibus
1236 2130 1280 2178 per
1304 2112 1462 2163 Vulturnum

399 2222 500 2255 amnem
520 2224 535 2255 a
553 2209 677 2257 Romanis
696 2210 779 2258 missis
797 2209 914 2257 vixerint.
958 2208 1068 2258 Senatus
1092 2222 1125 2257 ex
1142 2209 1253 2271 equestri
1272 2208 1362 2256 ordine
1380 2209 1463 2256 homi-

398 2301 474 2349 uibus
490 2299 614 2349 CXCVII
632 2302 762 2365 suppletas
781 2309 828 2351 est.
865 2301 896 2349 L.
907 2300 1054 2349 Postumius
1072 2310 1165 2365 prator
1183 2299 1291 2349 aGallis
1312 2314 1372 2347 cum
1390 2314 1463 2347 exer·

401 2395 454 2442 citu
472 2408 554 2443 caesns
573 2403 620 2443 est.
657 2393 704 2445 Cn.
726 2404 751 2443 et
760 2395 789 2444 P.
803 2386 936 2456 Scipiones
955 2395 981 2440 in
1000 2393 1124 2457 Hispania
1140 2392 1327 2441 Hasdrubalem
1346 2394 1463 2441 vicerunt

401 2496 427 2535 et
443 2488 592 2550 Hispaniam
612 2502 684 2535 suam
703 2486 826 2536 lecerunt.
857 2485 980 2549 Reliquiae
995 2483 1139 2535 Cannensis
1159 2486 1286 2534 exercitus
1305 2485 1330 2532 in
1345 2485 1462 2535 Siciliam

401 2580 519 2642 relegatae
535 2587 603 2637 sunt,
621 2594 654 2627 na
672 2580 817 2627 recederent
836 2578 895 2626 inde
915 2578 963 2626 nisi
981 2578 1053 2627 finito
1073 2580 1149 2629 bello.
1194 2578 1362 2641 Sempronius
1381 2575 1462 2625 Grac-

401 2672 463 2720 chus
487 2687 538 2720 cos.
558 2669 702 2735 Campanos
726 2672 823 2720 cecidit.
869 2669 991 2719 Claudius
1010 2670 1149 2719 Marcellus
1167 2664 1288 2734 praetorl)
1308 2669 1463 2718 Hannibalis

401 2765 539 2813 exercitum
562 2764 594 2812 ad
603 2763 697 2812 Nolam
715 2765 806 2827 proelio
824 2764 891 2813 ludit
909 2772 934 2811 et
951 2764 1019 2823 vicit,
1038 2765 1184 2827 primusque
1203 2772 1241 2812 tot
1253 2764 1370 2813 cladibus
1390 2762 1463 2812 sessis

400 2857 523 2905 Romanis
541 2856 671 2904 meliorem
689 2872 759 2919 spem
777 2856 838 2905 belli
855 2856 933 2904 dedit.
970 2855 1041 2903 Inter
1050 2855 1196 2920 Philippum
1205 2856 1365 2905 Macedoniae
1377 2871 1461 2919 regem

401 2959 426 2999 et
449 2950 621 2999 Hannibalem
652 2949 759 2997 societas
793 2950 878 2997 iuncta
908 2958 954 2997 est.
1000 2949 1127 2997 Praeterea
1151 2950 1177 2997 in
1203 2949 1329 3013 Hispania
1353 2948 1462 2997 feliciter

401 3060 416 3093 a
441 3044 471 3093 P.
508 3018 538 3091 et*
562 3040 605 3092 Cn.
633 3038 797 3105 Scipionibus,
836 3044 860 3089 ιη
894 3039 1014 3090 Sardinia
1045 3042 1076 3089 ab
1102 3042 1131 3090 T.
1159 3041 1257 3090 Manlio
1283 3050 1393 3106 praetore
1417 3042 1461 3090 ad·

399 3152 487 3186 versus
504 3136 598 3185 Poeuos
622 3149 663 3183 res
687 3142 771 3197 gestas
795 3135 921 3192 continet,
950 3149 965 3181 a
987 3134 1078 3197 quibas
1097 3133 1242 3183 Hasdrubal
1266 3136 1320 3182 dux
1339 3144 1365 3183 et
1383 3134 1461 3197 Mago

400 3237 426 3278 et
443 3229 537 3277 Hanno
557 3229 631 3291 capti.
675 3227 811 3277 Exercitus
829 3225 980 3275 Hannibalis
1005 3240 1050 3289 per
1072 3226 1179 3275 hiberna
1196 3226 1232 3274 ita
1250 3226 1395 3277 luxuriatus
1415 3235 1459 3286 est,

401 3330 428 3370 nt
444 3322 555 3386 corporis
574 3320 701 3384 animique
720 3321 815 3369 viribus
833 3328 1002 3368 enervaretur.

803 3480 852 3529 EX
871 3479 937 3528 LlB.
956 3478 1055 3529 XXIV.

470 3596 642 3659 Hieronymus
661 3596 876 3659 Syracusanorum
896 3611 949 3655 rex,
970 3596 1041 3645 cuius
1059 3588 1160 3659 pater⁸)
1178 3593 1257 3641 Hiero
1275 3592 1374 3641 amicus
1393 3608 1416 3656 p.
1427 3593 1458 3641 R.

401 3688 492 3747 inerat,
511 3689 543 3737 ed
559 3688 782 3750 Carthaginienses
797 3689 891 3737 deiecit
910 3699 934 3737 et
952 3696 1054 3753 propter
1072 3686 1247 3736 crudelitatem
1265 3686 1458 3749 superbiamque

401 3756 493 3829 asnis
518 3779 667 3829 interiectus
692 3789 739 3829 est.
785 3780 841 3829 Tib.
865 3779 1031 3843 Sempronius
1055 3778 1187 3828 Gracchos
1211 3792 1311 3843 procos.
1340 3791 1458 3843 prospere

400 3873 522 3920 adversus
543 3871 638 3922 Poenos
662 3881 687 3922 et
709 3873 862 3921 Hannonem
888 3872 976 3919 ducem
1002 3870 1034 3918 ad
1060 3870 1234 3919 Beneventum
1259 3871 1384 3934 pugnavit
1407 3884 1457 3919 scr-

400 3980 488 4013 vornm
512 3964 626 4013 maxime
650 3980 740 4028 opera,
768 3979 833 4025 quos
857 3963 951 4012 liberos
975 3977 1029 4013 esse
1056 3963 1137 4013 iussit.
1180 3960 1302 4013 Claudius
1321 3961 1456 4013 Marcellus

400 4070 451 4104 cos.
472 4056 497 4104 in
515 4056 611 4116 Sicilia,
632 4072 688 4119 quas
705 4070 783 4120 prope
802 4065 856 4104 tota
874 4058 906 4105 ad
921 4056 1016 4105 Poenos
1032 4055 1170 4114 deiecerat,
1189 4055 1332 4119 Syracusas
1352 4055 1454 4105 obsedit.

456 4254 476 4304 ¹)
490 4254 590 4295 morona
603 4259 644 4297 tis.
660 4271 678 4297 c.
693 4260 724 4295 57.
782 4255 804 4304 ¹)
819 4255 931 4303 proconsul
946 4258 988 4296 tte.
1004 4268 1021 4296 e.
1039 4260 1070 4297 32.
1128 4255 1149 4305 ³)
1163 4265 1216 4295 avus
1230 4258 1271 4295 tir.
1287 4270 1304 4297 e.
1319 4259 1338 4294 t.
