3475 5084
708 506 765 555 Lib.
785 507 868 557 I-—li.
1239 467 1272 566 {5

262 702 357 765 allegit,
383 704 488 753 Latinos
507 704 621 767 subegit,
648 704 723 753 ludos
741 704 767 751 in
785 705 854 754 circo
874 705 965 761 edidit,
986 705 1096 768 equitum
1116 705 1242 754 centurias
1262 721 1316 754 am·

262 796 360 859 pliarit,
384 797 472 846 urbem
491 812 564 846 muro
582 796 762 852 circumdedit,
786 797 888 847 cloacas
909 796 977 845 facit.
1016 796 1122 847 Occisus
1141 808 1179 847 est
1198 798 1229 846 ab
1248 797 1316 847 Anci

261 888 324 949 liliis,
336 904 412 953 quum
423 896 555 952 regnasset
568 890 641 938 annis
650 888 804 938 XXXVIII.
841 890 904 950 (llic
916 891 1044 939 mutanda
1056 892 1169 941 scientiae
1176 892 1231 941 Atti
1241 892 1315 941 Navii

260 982 360 1043 auguris
380 997 458 1031 causa
475 981 554 1031 fertur
572 982 729 1031 consuluisse
743 996 816 1041 cum,
845 997 878 1031 an
897 983 933 1041 id,
958 985 989 1031 de
1013 998 1064 1047 quo
1090 983 1223 1045 cogitaret,
1250 982 1315 1032 effici

259 1082 356 1137 posset;
383 1076 450 1138 quod
469 1088 547 1138 quum
565 1074 608 1123 ille
626 1074 681 1122 fieri
699 1088 773 1137 posse
792 1075 906 1137 dixisset,
930 1076 1033 1125 iussisse
1053 1090 1111 1124 enm
1129 1076 1253 1125 novacula
1272 1091 1315 1125 co·

259 1175 307 1217 tem
325 1169 471 1231 precidere,
489 1166 566 1228 idque
584 1166 617 1214 ab
640 1168 700 1215 Atto
718 1167 834 1230 protinus
854 1166 971 1229 Iactum.)

326 1259 456 1309 Successit
474 1260 497 1307 ei
518 1258 618 1309 Servius
639 1258 746 1318 Tullius,
773 1266 847 1308 natus
865 1274 899 1308 ex
917 1261 1018 1324 captiva
1035 1259 1115 1309 nobili
1135 1259 1314 1319 Corniculana,

258 1352 296 1399 cni
314 1366 393 1416 puero
412 1352 495 1401 adhuc
512 1353 540 1401 in
552 1353 623 1401 cunis
635 1352 719 1415 posito
734 1359 811 1414 ceput
827 1353 919 1401 arsisse
932 1354 1050 1401 traditum
1064 1360 1124 1400 erat.
1167 1350 1193 1401 Is
1211 1366 1314 1401 censum

257 1446 363 1507 primurn
381 1446 442 1507 egit,
459 1446 566 1495 lustrum
584 1444 703 1502 condidit,
728 1458 779 1505 qno
798 1457 874 1492 censa
892 1441 994 1490 LXXX
1012 1442 1093 1492 millia
1110 1458 1165 1493 esse
1188 1446 1314 1507 dicuntur,

256 1538 406 1601 pomoerium
426 1538 538 1601 protulit,
558 1537 636 1585 colles
655 1536 712 1586 urbi
730 1536 822 1584 ediscit
843 1533 1008 1593 Quirinalem,
1032 1535 1196 1599 viminalem,
1221 1539 1314 1600 Esqui-

254 1631 347 1691 linum,
380 1630 500 1693 templum
527 1630 617 1679 Dianae
641 1644 699 1677 cnm
722 1629 822 1678 Latinis
847 1629 873 1675 in
897 1618 1027 1677 Aventino
1053 1627 1122 1677 lecit.
1162 1628 1313 1679 Interiectus

256 1733 293 1772 cst
317 1738 333 1771 a
357 1723 387 1771 L.
416 1722 568 1785 Tarquinio,
601 1721 682 1771 Prisci
709 1719 776 1780 filio,
805 1720 912 1770 consilio
943 1719 1001 1768 fitia
1026 1735 1077 1769 sure
1097 1721 1204 1783 Tulliae,
1237 1738 1313 1787 quum

255 1824 386 1877 regnasset
404 1816 476 1864 annis
493 1814 590 1866 XLIV.

324 1907 388 1957 Post
411 1907 479 1955 hunc
496 1906 527 1954 L.
546 1905 700 1968 Tarquinius
724 1902 857 1967 Superbus
880 1917 963 1967 nequo
990 1915 1090 1970 patrum
1117 1920 1200 1968 neque
1227 1906 1314 1971 populi

254 2002 323 2050 iussu
342 2015 452 2063 regnum
471 1998 571 2047 invasit.
607 1996 633 2046 ls
651 2004 764 2046 armatos
791 1997 860 2058 circa
885 2013 913 2046 se
937 1998 963 2046 in
987 1999 1127 2048 custodiam
1151 2000 1188 2047 sui
1214 1999 1312 2047 babuit.

253 2092 355 2141 Bellum
381 2106 440 2141 cum
457 2089 560 2138 Volscis
578 2091 657 2150 gessit
678 2098 703 2137 et
726 2104 759 2137 ex
782 2089 869 2152 spoliis
888 2104 975 2138 eorum
995 2091 1118 2154 templum
1137 2092 1163 2138 in
1184 2090 1312 2154 Capitolio

251 2182 304 2233 lovi
334 2183 406 2233 fecit.
444 2183 540 2232 Gabios
568 2182 629 2229 dolo
657 2182 685 2229 in
716 2189 868 2245 potestatem
902 2197 974 2231 suam
998 2183 1105 2245 redegit.
1140 2182 1225 2231 Huius
1253 2182 1313 2231 filiis

249 2275 369 2339 Delphos
386 2274 508 2339 proiectis
526 2281 552 2323 et
570 2274 768 2334 consulentibus,
790 2275 845 2337 quis
864 2289 951 2323 corum
962 2276 1052 2323 Romae
1070 2282 1222 2335 regnaturus
1238 2282 1312 2335 esset,

249 2368 407 2427 dictumest,
425 2382 483 2415 eum
496 2375 669 2428 regnaturum,
688 2367 731 2429 qni
742 2368 852 2429 primum
868 2376 974 2415 matrem
988 2367 1117 2416 osculatus
1130 2376 1202 2415 essct.
1238 2365 1313 2425 Quod

250 2475 403 2525 responsum
424 2473 503 2520 quum
525 2458 575 2521 ipsi
599 2458 673 2506 aliter
690 2460 928 2522 interpretarentur,
955 2459 1043 2508 Iunius
1061 2459 1167 2517 Brutus,
1194 2459 1312 2522 quicum

249 2555 286 2603 eis
303 2553 436 2618 profectus
462 2560 523 2610 crat,
554 2551 700 2614 prolapsum
728 2567 756 2602 se
784 2552 915 2600 simulavit
939 2559 965 2600 et
990 2559 1081 2600 terram
1107 2551 1236 2601 osculatus
1261 2559 1311 2611 est,

249 2647 326 2710 idque
349 2645 447 2695 tactum
478 2645 531 2694 cius
564 2654 668 2692 eventus
695 2644 880 2707 comprobavit.
916 2642 981 2691 Nam
1007 2658 1085 2707 quum
1110 2645 1260 2707 impotenter
1286 2659 1313 2694 se
1357 2666 1361 2675 ·

249 2740 367 2801 gerendo
393 2737 548 2798 Tarquinius
574 2737 704 2801 Superbus
735 2750 823 2784 omnes
849 2735 876 2783 in
908 2737 993 2784 odium
1021 2737 1060 2785 sui
1085 2737 1246 2797 adduxisset,
1280 2739 1313 2785 ad
1392 2742 1395 2748 '
1420 2714 1428 2730 .

249 2830 371 2879 ultimum
393 2840 496 2892 propter
520 2838 693 2893 expugnatam
718 2836 844 2877 nocturna
864 2829 886 2876 vi
905 2844 921 2875 a
939 2827 1020 2878 Sexto
1043 2829 1095 2877 lilio
1114 2830 1168 2878 eius
1189 2830 1312 2878 Lucretiae

248 2920 412 2984 pudicitiam,
438 2934 502 2981 quse,
524 2922 557 2969 ad
576 2936 602 2969 se
620 2927 711 2969 vocato
729 2929 800 2984 patre
821 2921 971 2984 Tricipitino
990 2929 1016 2969 ct
1032 2923 1087 2970 viro
1106 2921 1242 2982 Collatino,
1268 2923 1313 2971 ob-

249 3022 360 3073 testata,
387 3026 418 3060 ne
443 3012 524 3060 inulta
551 3028 618 3061 mors
646 3014 699 3062 eius
717 3021 795 3074 esset,
827 3014 909 3064 cultro
929 3029 956 3063 se
974 3013 1112 3073 interfecit,
1143 3016 1217 3065 Bruti
1235 3028 1314 3078 opera
1396 3019 1399 3028 ’

248 3106 366 3155 maxime
379 3104 500 3169 expulsus
510 3111 556 3163 est,
576 3120 653 3167 quum
666 3113 797 3166 regnasset
815 3120 896 3155 annos
908 3106 994 3155 XXV.
1026 3108 1091 3156 Tum
1106 3108 1223 3157 consules
1236 3108 1313 3155 creati

247 3206 311 3247 sunt
330 3198 363 3247 L.
381 3198 470 3268 lunius
487 3196 591 3256 Brutus,
609 3197 640 3245 L.
659 3197 814 3261 Tarquinius
833 3196 998 3262 Collatinus]
1029 3240 1033 3247 .

690 3358 740 3407 EX
757 3359 826 3407 LlB.
844 3358 879 3406 11.

321 3472 420 3519 Brutus
437 3471 491 3519 iure
509 3471 617 3519 iurando
634 3471 758 3534 populum
777 3472 929 3534 adstrinxit,
955 3474 1082 3522 neminem
1101 3474 1189 3523 Romae
1208 3488 1314 3537 regnare
1397 3512 1408 3531 r

245 3578 398 3627 passurum.
429 3556 603 3625 'Tarquinium
623 3564 778 3613 Collatinum
799 3567 925 3627 collegam
948 3581 1019 3615 suum
1038 3574 1140 3631 propter
1162 3566 1312 3615 affinitatem

247 3656 449 3719 Tarquiniorum
468 3665 612 3719 suspectum
631 3658 716 3719 coegit
728 3660 862 3707 consulatu
878 3675 904 3709 se
919 3660 1038 3708 abdicare
1057 3668 1082 3708 et
1100 3659 1199 3707 civitate
1218 3660 1312 3708 cedere.

233 3749 328 3797 *Bona
347 3764 434 3810 regum
452 3750 525 3813 diripi
543 3749 622 3808 iussit,
642 3765 729 3811 agrum
746 3751 824 3799 Marti
842 3753 1009 3812 consecravit,
1030 3752 1073 3813 qui
1089 3766 1193 3814 campus
1203 3751 1311 3801 Martius

248 3841 399 3889 nominatus
419 3851 463 3890 est.
500 3841 687 3890 Adolescentes
708 3844 815 3905 nobiles,
834 3846 861 3892 in
881 3844 972 3909 quibus
991 3860 1050 3893 suos
1068 3858 1168 3907 quoqne
1187 3855 1212 3893 et
1228 3844 1313 3894 fratris

246 3932 328 3990 filios,
349 3934 408 3995 qnia
426 3934 620 3981 coniurarerant
637 3934 668 3981 rle
684 3936 836 3999 recipiendis
848 3938 958 3999 regibus,
978 3938 1059 3987 securi
1072 3938 1201 4000 percussit.
1236 3939 1313 3988 Servo

247 4024 346 4083 indici,
371 4026 411 4073 cui
430 4026 549 4075 Vindicio
575 4040 668 4074 nomen
694 4026 755 4087 fuit,
780 4028 926 4077 libertatem
952 4030 1035 4091 dedit,
1062 4043 1094 4077 ex
1117 4030 1187 4079 cuius
1210 4032 1313 4080 nomine

247 4117 369 4165 vindicta
387 4117 524 4181 appellata.
565 4115 648 4175 Quum
668 4120 788 4169 adversus
805 4136 887 4183 reges,
906 4122 958 4184 qui,
978 4122 1115 4169 contractis
1133 4122 1269 4170 Veientum
1288 4130 1314 4171 et

250 4210 479 4272 Tarquiniensium
498 4210 585 4277 copiis,
608 4210 703 4259 bellum
726 4212 879 4272 intulerant,
910 4216 1048 4263 exercitum
1075 4216 1198 4274 duxisset,
1216 4215 1241 4263 in
1260 4217 1313 4265 acie

246 4316 313 4351 cnm
338 4304 450 4352 Arrunte
472 4302 525 4351 lilio
550 4303 660 4366 Superbi
685 4313 857 4353 commortuus
884 4315 935 4366 est,
967 4321 1074 4371 eumque
1101 4316 1221 4356 matronae
1244 4322 1313 4357 anno
